timestamp,ltp,volume
2021-05-24 09:36:56,983.5,129111
2021-05-24 09:36:58,983.5,129111
2021-05-24 09:36:59,983.5,129111
2021-05-24 09:37:00,983.8,129156
2021-05-24 09:37:01,983.8,129186
2021-05-24 09:37:03,983.6,129715
2021-05-24 09:37:04,983.6,129715
2021-05-24 09:37:05,983.6,129715
2021-05-24 09:37:06,983.75,129915
2021-05-24 09:37:07,983.8,129922
2021-05-24 09:37:08,983.8,129922
2021-05-24 09:37:09,983.8,129922
2021-05-24 09:37:10,983.8,129922
2021-05-24 09:37:11,983.8,129922
2021-05-24 09:37:12,983.8,129922
2021-05-24 09:37:13,983.8,129922
2021-05-24 09:37:14,983.4,130012
2021-05-24 09:37:15,983.4,130012
2021-05-24 09:37:15,983.4,130012
2021-05-24 09:37:16,983.8,130025
2021-05-24 09:37:18,983.8,130025
2021-05-24 09:37:18,983.8,130025
2021-05-24 09:37:19,983.8,130030
2021-05-24 09:37:21,983.8,130305
2021-05-24 09:37:21,983.8,130305
2021-05-24 09:37:22,983.8,130305
2021-05-24 09:37:23,983.8,130310
2021-05-24 09:37:24,984.0,130362
2021-05-24 09:37:26,984.0,130362
2021-05-24 09:37:27,984.0,130362
2021-05-24 09:37:28,984.0,130362
2021-05-24 09:37:29,983.8,130372
2021-05-24 09:37:30,984.0,131337
2021-05-24 09:37:30,984.0,131337
2021-05-24 09:37:31,984.0,131337
2021-05-24 09:37:33,984.3,131340
2021-05-24 09:37:35,984.45,131540
2021-05-24 09:37:37,983.85,131542
2021-05-24 09:37:37,983.85,131542
2021-05-24 09:37:39,984.25,131639
2021-05-24 09:37:39,984.25,131639
2021-05-24 09:37:40,984.25,131639
2021-05-24 09:37:40,984.25,131639
2021-05-24 09:37:41,984.25,131672
2021-05-24 09:37:41,984.25,131672
2021-05-24 09:37:41,984.25,131694
2021-05-24 09:37:41,984.25,131694
2021-05-24 09:37:44,984.25,131694
2021-05-24 09:37:44,984.25,131694
2021-05-24 09:37:46,984.25,131694
2021-05-24 09:37:46,984.25,131694
2021-05-24 09:37:47,984.25,131694
2021-05-24 09:37:47,984.25,131694
2021-05-24 09:37:48,983.8,131705
2021-05-24 09:37:48,983.8,131705
2021-05-24 09:37:49,983.8,131705
2021-05-24 09:37:49,983.8,131705
2021-05-24 09:37:50,983.8,131705
2021-05-24 09:37:50,983.8,131705
2021-05-24 09:37:51,983.95,131732
2021-05-24 09:37:51,983.95,131732
2021-05-24 09:37:52,983.95,131732
2021-05-24 09:37:52,983.95,131732
2021-05-24 09:37:55,983.4,131937
2021-05-24 09:37:55,983.4,131937
2021-05-24 09:37:56,983.4,131937
2021-05-24 09:37:56,983.4,131937
2021-05-24 09:37:57,983.4,131937
2021-05-24 09:37:57,983.4,131937
2021-05-24 09:37:58,983.6,131942
2021-05-24 09:37:58,983.6,131942
2021-05-24 09:37:59,983.6,131942
2021-05-24 09:37:59,983.6,131942
2021-05-24 09:38:00,983.6,131942
2021-05-24 09:38:00,983.6,131942
2021-05-24 09:38:01,983.6,131942
2021-05-24 09:38:01,983.6,131942
2021-05-24 09:38:01,983.6,131942
2021-05-24 09:38:01,983.6,131942
2021-05-24 09:38:02,983.6,131942
2021-05-24 09:38:02,983.6,131942
2021-05-24 09:38:03,983.6,131942
2021-05-24 09:38:03,983.6,131942
2021-05-24 09:38:04,983.1,132288
2021-05-24 09:38:04,983.1,132288
2021-05-24 09:38:05,983.45,132438
2021-05-24 09:38:05,983.45,132438
2021-05-24 09:38:06,983.5,132488
2021-05-24 09:38:06,983.5,132488
2021-05-24 09:38:08,983.5,132488
2021-05-24 09:38:08,983.5,132488
2021-05-24 09:38:09,983.5,132488
2021-05-24 09:38:09,983.5,132488
2021-05-24 09:38:10,983.5,132488
2021-05-24 09:38:10,983.5,132488
2021-05-24 09:38:11,983.5,132488
2021-05-24 09:38:11,983.5,132488
2021-05-24 09:38:12,983.55,132517
2021-05-24 09:38:12,983.55,132517
2021-05-24 09:38:14,983.55,132617
2021-05-24 09:38:14,983.55,132617
2021-05-24 09:38:15,983.1,132667
2021-05-24 09:38:15,983.1,132667
2021-05-24 09:38:16,983.1,132667
2021-05-24 09:38:16,983.1,132667
2021-05-24 09:38:17,983.1,132667
2021-05-24 09:38:17,983.1,132667
2021-05-24 09:38:18,983.1,132667
2021-05-24 09:38:18,983.1,132667
2021-05-24 09:38:19,983.1,132667
2021-05-24 09:38:19,983.1,132667
2021-05-24 09:38:20,983.1,132667
2021-05-24 09:38:20,983.1,132667
2021-05-24 09:38:21,983.1,132667
2021-05-24 09:38:21,983.1,132667
2021-05-24 09:38:22,983.1,132667
2021-05-24 09:38:22,983.1,132667
2021-05-24 09:38:23,983.0,132972
2021-05-24 09:38:23,983.0,132972
2021-05-24 09:38:24,983.0,132972
2021-05-24 09:38:24,983.0,132972
2021-05-24 09:38:25,983.35,132982
2021-05-24 09:38:25,983.35,132982
2021-05-24 09:38:26,983.35,133002
2021-05-24 09:38:26,983.35,133002
2021-05-24 09:38:27,983.0,133337
2021-05-24 09:38:27,983.0,133337
2021-05-24 09:38:27,983.6,133377
2021-05-24 09:38:27,983.6,133377
2021-05-24 09:38:29,983.6,133377
2021-05-24 09:38:29,983.6,133377
2021-05-24 09:38:29,983.05,133637
2021-05-24 09:38:29,983.05,133637
2021-05-24 09:38:30,983.05,133637
2021-05-24 09:38:30,983.05,133637
2021-05-24 09:38:31,983.55,133719
2021-05-24 09:38:31,983.55,133719
2021-05-24 09:38:33,983.55,133719
2021-05-24 09:38:33,983.55,133719
2021-05-24 09:38:34,983.55,133719
2021-05-24 09:38:34,983.55,133719
2021-05-24 09:38:36,983.55,133719
2021-05-24 09:38:36,983.55,133719
2021-05-24 09:38:37,984.0,134041
2021-05-24 09:38:37,984.0,134041
2021-05-24 09:38:38,984.0,134041
2021-05-24 09:38:38,984.0,134041
2021-05-24 09:38:39,984.0,134041
2021-05-24 09:38:39,984.0,134041
2021-05-24 09:38:40,983.8,134368
2021-05-24 09:38:40,983.8,134368
2021-05-24 09:38:40,983.8,134368
2021-05-24 09:38:40,983.8,134368
2021-05-24 09:38:41,984.0,134491
2021-05-24 09:38:41,984.0,134491
2021-05-24 09:38:42,984.0,134491
2021-05-24 09:38:42,984.0,134491
2021-05-24 09:38:43,984.0,134491
2021-05-24 09:38:43,984.0,134491
2021-05-24 09:38:44,984.0,134491
2021-05-24 09:38:44,984.0,134491
2021-05-24 09:38:45,984.0,134491
2021-05-24 09:38:45,984.0,134491
2021-05-24 09:38:47,984.0,134491
2021-05-24 09:38:47,984.0,134491
2021-05-24 09:38:48,983.95,134493
2021-05-24 09:38:48,983.95,134493
2021-05-24 09:38:49,984.6,134780
2021-05-24 09:38:49,984.6,134780
2021-05-24 09:38:49,984.6,134780
2021-05-24 09:38:49,984.6,134780
2021-05-24 09:38:50,984.9,134793
2021-05-24 09:38:50,984.9,134793
2021-05-24 09:38:51,985.2,140168
2021-05-24 09:38:51,985.2,140168
2021-05-24 09:38:53,985.4,140228
2021-05-24 09:38:53,985.4,140228
2021-05-24 09:38:54,984.6,141143
2021-05-24 09:38:54,984.6,141143
2021-05-24 09:38:55,985.15,141179
2021-05-24 09:38:55,985.15,141179
2021-05-24 09:38:56,985.15,141179
2021-05-24 09:38:56,985.15,141179
2021-05-24 09:38:57,985.5,141180
2021-05-24 09:38:57,985.5,141180
2021-05-24 09:38:58,985.5,141180
2021-05-24 09:38:58,985.5,141180
2021-05-24 09:38:59,985.55,141191
2021-05-24 09:38:59,985.55,141191
2021-05-24 09:39:00,984.7,146491
2021-05-24 09:39:00,984.7,146491
2021-05-24 09:39:01,984.7,146491
2021-05-24 09:39:01,984.7,146491
2021-05-24 09:39:02,984.9,146541
2021-05-24 09:39:02,984.9,146541
2021-05-24 09:39:02,984.9,146541
2021-05-24 09:39:02,984.9,146541
2021-05-24 09:39:03,984.9,146546
2021-05-24 09:39:03,984.9,146546
2021-05-24 09:39:05,984.9,146546
2021-05-24 09:39:05,984.9,146546
2021-05-24 09:39:06,985.05,147007
2021-05-24 09:39:06,985.05,147007
2021-05-24 09:39:07,985.05,147007
2021-05-24 09:39:07,985.05,147007
2021-05-24 09:39:08,985.05,147045
2021-05-24 09:39:08,985.05,147045
2021-05-24 09:39:09,984.5,147177
2021-05-24 09:39:09,984.5,147177
2021-05-24 09:39:11,985.2,147197
2021-05-24 09:39:11,985.2,147197
2021-05-24 09:39:13,985.2,147197
2021-05-24 09:39:13,985.2,147197
2021-05-24 09:39:12,985.2,147197
2021-05-24 09:39:12,985.2,147197
2021-05-24 09:39:14,984.9,148246
2021-05-24 09:39:14,984.9,148246
2021-05-24 09:39:15,985.3,148248
2021-05-24 09:39:15,985.3,148248
2021-05-24 09:39:16,985.3,148248
2021-05-24 09:39:16,985.3,148248
2021-05-24 09:39:17,984.7,148573
2021-05-24 09:39:17,984.7,148573
2021-05-24 09:39:18,984.7,148573
2021-05-24 09:39:18,984.7,148573
2021-05-24 09:39:19,985.0,148574
2021-05-24 09:39:19,985.0,148574
2021-05-24 09:39:20,985.0,148575
2021-05-24 09:39:20,985.0,148575
2021-05-24 09:39:21,984.7,148595
2021-05-24 09:39:21,984.7,148595
2021-05-24 09:39:22,985.2,148903
2021-05-24 09:39:22,985.2,148903
2021-05-24 09:39:23,985.2,148903
2021-05-24 09:39:23,985.2,148903
2021-05-24 09:39:24,985.45,148911
2021-05-24 09:39:24,985.45,148911
2021-05-24 09:39:24,984.85,148987
2021-05-24 09:39:24,984.85,148987
2021-05-24 09:39:25,985.3,149001
2021-05-24 09:39:25,985.3,149001
2021-05-24 09:39:26,985.3,149001
2021-05-24 09:39:26,985.3,149001
2021-05-24 09:39:29,984.8,149003
2021-05-24 09:39:29,984.8,149003
2021-05-24 09:39:29,984.8,149003
2021-05-24 09:39:29,984.8,149003
2021-05-24 09:39:31,985.3,149253
2021-05-24 09:39:31,985.3,149253
2021-05-24 09:39:32,985.3,149253
2021-05-24 09:39:32,985.3,149253
2021-05-24 09:39:33,985.3,149253
2021-05-24 09:39:33,985.3,149253
2021-05-24 09:39:34,985.45,149303
2021-05-24 09:39:34,985.45,149303
2021-05-24 09:39:35,985.45,149303
2021-05-24 09:39:35,985.45,149303
2021-05-24 09:39:37,985.2,149435
2021-05-24 09:39:37,985.2,149435
2021-05-24 09:39:38,985.45,149700
2021-05-24 09:39:38,985.45,149700
2021-05-24 09:39:39,984.45,150116
2021-05-24 09:39:39,984.45,150116
2021-05-24 09:39:40,985.4,150119
2021-05-24 09:39:40,985.4,150119
2021-05-24 09:39:41,985.1,150454
2021-05-24 09:39:41,985.1,150454
2021-05-24 09:39:42,985.15,150659
2021-05-24 09:39:42,985.15,150659
2021-05-24 09:39:43,985.15,150659
2021-05-24 09:39:43,985.15,150659
2021-05-24 09:39:44,985.45,150859
2021-05-24 09:39:44,985.45,150859
2021-05-24 09:39:46,985.45,150859
2021-05-24 09:39:46,985.45,150859
2021-05-24 09:39:47,985.4,150884
2021-05-24 09:39:47,985.4,150884
2021-05-24 09:39:48,985.45,151544
2021-05-24 09:39:48,985.45,151544
2021-05-24 09:39:49,985.3,151579
2021-05-24 09:39:49,985.3,151579
2021-05-24 09:39:50,985.3,151579
2021-05-24 09:39:50,985.3,151579
2021-05-24 09:39:51,985.4,151681
2021-05-24 09:39:51,985.4,151681
2021-05-24 09:39:52,985.4,151681
2021-05-24 09:39:52,985.4,151681
2021-05-24 09:39:54,985.5,151886
2021-05-24 09:39:54,985.5,151886
2021-05-24 09:39:55,985.5,152495
2021-05-24 09:39:55,985.5,152495
2021-05-24 09:39:56,985.5,152495
2021-05-24 09:39:56,985.5,152495
2021-05-24 09:39:57,985.65,152573
2021-05-24 09:39:57,985.65,152573
2021-05-24 09:39:58,985.65,152573
2021-05-24 09:39:58,985.65,152573
2021-05-24 09:39:59,985.65,152573
2021-05-24 09:39:59,985.65,152573
2021-05-24 09:40:00,985.65,152593
2021-05-24 09:40:00,985.65,152593
2021-05-24 09:40:01,985.7,152858
2021-05-24 09:40:01,985.7,152858
2021-05-24 09:40:02,985.7,152903
2021-05-24 09:40:02,985.7,152903
2021-05-24 09:40:03,985.7,152903
2021-05-24 09:40:03,985.7,152903
2021-05-24 09:40:04,985.7,152918
2021-05-24 09:40:04,985.7,152918
2021-05-24 09:40:05,985.5,152958
2021-05-24 09:40:05,985.5,152958
2021-05-24 09:40:06,985.95,154087
2021-05-24 09:40:06,985.95,154087
2021-05-24 09:40:08,986.0,154460
2021-05-24 09:40:08,986.0,154460
2021-05-24 09:40:10,986.0,154495
2021-05-24 09:40:10,986.0,154495
2021-05-24 09:40:11,985.7,154533
2021-05-24 09:40:11,985.7,154533
2021-05-24 09:40:12,986.0,155745
2021-05-24 09:40:12,986.0,155745
2021-05-24 09:40:13,986.0,155750
2021-05-24 09:40:13,986.0,155750
2021-05-24 09:40:15,986.0,156350
2021-05-24 09:40:15,986.0,156350
2021-05-24 09:40:16,986.0,156390
2021-05-24 09:40:16,986.0,156390
2021-05-24 09:40:17,986.0,156391
2021-05-24 09:40:17,986.0,156391
2021-05-24 09:40:18,986.65,161267
2021-05-24 09:40:18,986.65,161267
2021-05-24 09:40:20,986.7,161872
2021-05-24 09:40:20,986.7,161872
2021-05-24 09:40:21,986.7,162037
2021-05-24 09:40:21,986.7,162037
2021-05-24 09:40:22,986.3,162058
2021-05-24 09:40:22,986.3,162058
2021-05-24 09:40:23,986.85,162073
2021-05-24 09:40:23,986.85,162073
2021-05-24 09:40:24,986.7,162123
2021-05-24 09:40:24,986.7,162123
2021-05-24 09:40:25,986.85,162350
2021-05-24 09:40:25,986.85,162350
2021-05-24 09:40:26,986.85,162352
2021-05-24 09:40:26,986.85,162352
2021-05-24 09:40:27,986.9,162362
2021-05-24 09:40:27,986.9,162362
2021-05-24 09:40:28,986.9,162532
2021-05-24 09:40:28,986.9,162532
2021-05-24 09:40:29,986.7,163082
2021-05-24 09:40:29,986.7,163082
2021-05-24 09:40:30,986.65,163166
2021-05-24 09:40:30,986.65,163166
2021-05-24 09:40:31,986.65,163166
2021-05-24 09:40:31,986.65,163166
2021-05-24 09:40:32,986.65,163489
2021-05-24 09:40:32,986.65,163489
2021-05-24 09:40:33,986.85,163624
2021-05-24 09:40:33,986.85,163624
2021-05-24 09:40:34,986.85,163654
2021-05-24 09:40:34,986.85,163654
2021-05-24 09:40:35,986.15,164254
2021-05-24 09:40:35,986.15,164254
2021-05-24 09:40:36,986.15,164254
2021-05-24 09:40:36,986.15,164254
2021-05-24 09:40:37,986.75,164358
2021-05-24 09:40:37,986.75,164358
2021-05-24 09:40:38,986.85,164387
2021-05-24 09:40:38,986.85,164387
2021-05-24 09:40:40,986.65,164729
2021-05-24 09:40:40,986.65,164729
2021-05-24 09:40:39,986.65,164729
2021-05-24 09:40:39,986.65,164729
2021-05-24 09:40:41,986.65,164729
2021-05-24 09:40:41,986.65,164729
2021-05-24 09:40:42,987.0,165320
2021-05-24 09:40:42,987.0,165320
2021-05-24 09:40:43,987.55,168232
2021-05-24 09:40:43,987.55,168232
2021-05-24 09:40:44,987.45,168363
2021-05-24 09:40:44,987.45,168363
2021-05-24 09:40:45,987.45,168433
2021-05-24 09:40:45,987.45,168433
2021-05-24 09:40:46,987.0,168871
2021-05-24 09:40:46,987.0,168871
2021-05-24 09:40:47,986.85,168887
2021-05-24 09:40:47,986.85,168887
2021-05-24 09:40:48,987.0,168939
2021-05-24 09:40:48,987.0,168939
2021-05-24 09:40:49,987.3,169029
2021-05-24 09:40:49,987.3,169029
2021-05-24 09:40:50,987.25,169095
2021-05-24 09:40:50,987.25,169095
2021-05-24 09:40:51,986.85,169179
2021-05-24 09:40:51,986.85,169179
2021-05-24 09:40:53,987.5,169646
2021-05-24 09:40:52,986.8,169346
2021-05-24 09:40:53,987.5,169646
2021-05-24 09:40:52,986.8,169346
2021-05-24 09:40:54,987.5,169666
2021-05-24 09:40:54,987.5,169666
2021-05-24 09:40:55,987.5,169676
2021-05-24 09:40:55,987.5,169676
2021-05-24 09:40:56,987.5,170277
2021-05-24 09:40:56,987.5,170277
2021-05-24 09:40:57,986.75,170645
2021-05-24 09:40:57,986.75,170645
2021-05-24 09:40:58,986.85,170662
2021-05-24 09:40:58,986.85,170662
2021-05-24 09:40:59,986.75,171126
2021-05-24 09:40:59,986.75,171126
2021-05-24 09:41:00,986.3,171680
2021-05-24 09:41:00,986.3,171680
2021-05-24 09:41:01,986.3,171680
2021-05-24 09:41:01,986.3,171680
2021-05-24 09:41:02,986.9,171780
2021-05-24 09:41:02,986.9,171780
2021-05-24 09:41:03,986.9,171780
2021-05-24 09:41:03,986.9,171780
2021-05-24 09:41:04,986.6,171830
2021-05-24 09:41:04,986.6,171830
2021-05-24 09:41:05,987.05,171860
2021-05-24 09:41:05,987.05,171860
2021-05-24 09:41:06,987.3,171932
2021-05-24 09:41:06,987.3,171932
2021-05-24 09:41:07,987.3,171932
2021-05-24 09:41:07,987.3,171932
2021-05-24 09:41:08,987.35,171964
2021-05-24 09:41:08,987.35,171964
2021-05-24 09:41:09,987.35,171999
2021-05-24 09:41:09,987.35,171999
2021-05-24 09:41:10,987.35,171999
2021-05-24 09:41:10,987.35,171999
2021-05-24 09:41:11,987.4,172002
2021-05-24 09:41:11,987.4,172002
2021-05-24 09:41:12,987.4,172002
2021-05-24 09:41:12,987.4,172002
2021-05-24 09:41:13,987.0,172189
2021-05-24 09:41:13,987.0,172189
2021-05-24 09:41:14,987.55,172689
2021-05-24 09:41:14,987.55,172689
2021-05-24 09:41:15,987.3,172992
2021-05-24 09:41:15,987.3,172992
2021-05-24 09:41:16,987.3,172992
2021-05-24 09:41:16,987.3,172992
2021-05-24 09:41:17,987.55,173297
2021-05-24 09:41:17,987.55,173297
2021-05-24 09:41:18,987.3,173347
2021-05-24 09:41:18,987.3,173347
2021-05-24 09:41:19,987.0,174216
2021-05-24 09:41:19,987.0,174216
2021-05-24 09:41:20,987.0,174216
2021-05-24 09:41:20,987.0,174216
2021-05-24 09:41:21,987.2,174546
2021-05-24 09:41:21,987.2,174546
2021-05-24 09:41:22,987.25,174556
2021-05-24 09:41:22,987.25,174556
2021-05-24 09:41:23,987.25,174756
2021-05-24 09:41:23,987.25,174756
2021-05-24 09:41:24,987.3,174931
2021-05-24 09:41:24,987.3,174931
2021-05-24 09:41:25,986.5,175549
2021-05-24 09:41:25,986.5,175549
2021-05-24 09:41:26,986.65,175552
2021-05-24 09:41:27,986.65,175572
2021-05-24 09:41:26,986.65,175552
2021-05-24 09:41:27,986.65,175572
2021-05-24 09:41:28,986.6,175582
2021-05-24 09:41:28,986.6,175582
2021-05-24 09:41:29,986.6,175801
2021-05-24 09:41:29,986.6,175801
2021-05-24 09:41:30,986.05,176349
2021-05-24 09:41:30,986.05,176349
2021-05-24 09:41:31,986.05,176349
2021-05-24 09:41:31,986.05,176349
2021-05-24 09:41:32,986.35,176493
2021-05-24 09:41:32,986.35,176493
2021-05-24 09:41:33,986.35,176493
2021-05-24 09:41:33,986.35,176493
2021-05-24 09:41:34,986.35,176496
2021-05-24 09:41:34,986.35,176496
2021-05-24 09:41:35,986.35,176501
2021-05-24 09:41:35,986.35,176501
2021-05-24 09:41:36,986.55,176834
2021-05-24 09:41:36,986.55,176834
2021-05-24 09:41:37,986.6,177069
2021-05-24 09:41:37,986.6,177069
2021-05-24 09:41:38,986.0,177074
2021-05-24 09:41:38,986.0,177074
2021-05-24 09:41:39,986.35,177175
2021-05-24 09:41:40,986.35,177175
2021-05-24 09:41:39,986.35,177175
2021-05-24 09:41:40,986.35,177175
2021-05-24 09:41:41,986.05,177230
2021-05-24 09:41:41,986.05,177230
2021-05-24 09:41:42,986.05,177230
2021-05-24 09:41:42,986.05,177230
2021-05-24 09:41:43,986.05,177230
2021-05-24 09:41:43,986.05,177230
2021-05-24 09:41:44,986.0,178472
2021-05-24 09:41:44,986.0,178472
2021-05-24 09:41:45,986.0,178472
2021-05-24 09:41:45,986.0,178472
2021-05-24 09:41:46,985.7,178547
2021-05-24 09:41:46,985.7,178547
2021-05-24 09:41:47,985.7,178547
2021-05-24 09:41:47,985.7,178547
2021-05-24 09:41:48,985.7,178547
2021-05-24 09:41:48,985.7,178547
2021-05-24 09:41:49,986.2,178587
2021-05-24 09:41:49,986.2,178587
2021-05-24 09:41:50,986.45,178667
2021-05-24 09:41:50,986.45,178667
2021-05-24 09:41:51,986.45,178767
2021-05-24 09:41:51,986.45,178767
2021-05-24 09:41:52,986.05,178945
2021-05-24 09:41:52,986.05,178945
2021-05-24 09:41:53,985.2,179284
2021-05-24 09:41:54,985.2,179284
2021-05-24 09:41:53,985.2,179284
2021-05-24 09:41:54,985.2,179284
2021-05-24 09:41:55,985.2,179284
2021-05-24 09:41:56,986.05,179334
2021-05-24 09:41:55,985.2,179284
2021-05-24 09:41:56,986.05,179334
2021-05-24 09:41:57,985.45,179594
2021-05-24 09:41:57,985.45,179594
2021-05-24 09:41:58,985.45,179594
2021-05-24 09:41:58,985.45,179594
2021-05-24 09:41:59,986.0,179595
2021-05-24 09:41:59,986.0,179595
2021-05-24 09:42:00,986.0,179659
2021-05-24 09:42:00,986.0,179659
2021-05-24 09:42:02,985.5,179719
2021-05-24 09:42:02,985.5,179719
2021-05-24 09:42:03,986.0,179798
2021-05-24 09:42:03,986.0,179798
2021-05-24 09:42:04,985.55,179830
2021-05-24 09:42:04,985.55,179830
2021-05-24 09:42:05,985.05,179961
2021-05-24 09:42:05,985.05,179961
2021-05-24 09:42:06,985.0,180136
2021-05-24 09:42:06,985.0,180136
2021-05-24 09:42:09,985.0,180181
2021-05-24 09:42:09,985.0,180181
2021-05-24 09:42:10,985.0,180181
2021-05-24 09:42:10,985.0,180181
2021-05-24 09:42:11,985.0,180181
2021-05-24 09:42:11,985.0,180181
2021-05-24 09:42:11,985.0,180191
2021-05-24 09:42:11,985.0,180191
2021-05-24 09:42:12,984.5,180271
2021-05-24 09:42:12,984.5,180271
2021-05-24 09:42:13,984.5,180271
2021-05-24 09:42:13,984.5,180271
2021-05-24 09:42:14,985.0,180371
2021-05-24 09:42:14,985.0,180371
2021-05-24 09:42:16,985.25,180376
2021-05-24 09:42:16,985.25,180376
2021-05-24 09:42:17,984.55,180380
2021-05-24 09:42:17,984.55,180380
2021-05-24 09:42:17,984.55,180380
2021-05-24 09:42:17,984.55,180380
2021-05-24 09:42:18,984.55,180380
2021-05-24 09:42:18,984.55,180380
2021-05-24 09:42:19,984.55,180380
2021-05-24 09:42:19,984.55,180380
2021-05-24 09:42:20,984.55,180430
2021-05-24 09:42:20,984.55,180430
2021-05-24 09:42:21,984.55,180430
2021-05-24 09:42:21,984.55,180430
2021-05-24 09:42:24,985.1,180954
2021-05-24 09:42:24,985.1,180954
2021-05-24 09:42:24,984.6,180931
2021-05-24 09:42:24,984.6,180931
2021-05-24 09:42:25,985.1,180954
2021-05-24 09:42:25,985.1,180954
2021-05-24 09:42:26,985.1,180954
2021-05-24 09:42:26,985.1,180954
2021-05-24 09:42:27,985.1,180954
2021-05-24 09:42:27,985.1,180954
2021-05-24 09:42:28,985.1,180954
2021-05-24 09:42:28,985.1,180954
2021-05-24 09:42:29,984.7,180974
2021-05-24 09:42:29,984.7,180974
2021-05-24 09:42:30,985.5,180979
2021-05-24 09:42:30,985.5,180979
2021-05-24 09:42:31,985.5,180979
2021-05-24 09:42:31,985.5,180979
2021-05-24 09:42:33,985.5,180979
2021-05-24 09:42:33,985.5,180979
2021-05-24 09:42:34,985.0,181029
2021-05-24 09:42:34,985.0,181029
2021-05-24 09:42:35,985.0,181029
2021-05-24 09:42:35,985.0,181029
2021-05-24 09:42:36,985.0,181029
2021-05-24 09:42:36,985.0,181029
2021-05-24 09:42:36,985.45,181034
2021-05-24 09:42:36,985.45,181034
2021-05-24 09:42:37,985.45,181034
2021-05-24 09:42:37,985.45,181034
2021-05-24 09:42:39,985.45,181094
2021-05-24 09:42:39,985.45,181094
2021-05-24 09:42:40,985.45,181094
2021-05-24 09:42:40,985.45,181094
2021-05-24 09:42:41,985.0,181141
2021-05-24 09:42:41,985.0,181141
2021-05-24 09:42:42,985.0,181141
2021-05-24 09:42:42,985.0,181141
2021-05-24 09:42:43,985.0,181141
2021-05-24 09:42:43,985.0,181141
2021-05-24 09:42:44,984.75,181161
2021-05-24 09:42:44,984.75,181161
2021-05-24 09:42:45,984.75,181161
2021-05-24 09:42:45,984.75,181161
2021-05-24 09:42:46,985.2,181177
2021-05-24 09:42:46,985.2,181177
2021-05-24 09:42:47,985.0,181241
2021-05-24 09:42:47,985.0,181241
2021-05-24 09:42:50,985.0,181256
2021-05-24 09:42:50,985.0,181256
2021-05-24 09:42:50,985.0,181256
2021-05-24 09:42:50,985.0,181256
2021-05-24 09:42:51,985.0,181256
2021-05-24 09:42:51,985.0,181256
2021-05-24 09:42:52,984.8,181276
2021-05-24 09:42:52,984.8,181276
2021-05-24 09:42:53,984.8,181276
2021-05-24 09:42:53,984.8,181276
2021-05-24 09:42:54,985.25,181461
2021-05-24 09:42:54,985.25,181461
2021-05-24 09:42:55,985.25,181514
2021-05-24 09:42:55,985.25,181514
2021-05-24 09:42:56,985.25,181514
2021-05-24 09:42:56,985.25,181514
2021-05-24 09:42:57,985.25,181514
2021-05-24 09:42:57,985.25,181514
2021-05-24 09:42:58,985.25,181514
2021-05-24 09:42:58,985.25,181514
2021-05-24 09:43:00,985.0,181519
2021-05-24 09:43:00,985.0,181519
2021-05-24 09:43:00,985.0,181519
2021-05-24 09:43:00,985.0,181519
2021-05-24 09:43:01,985.0,181519
2021-05-24 09:43:01,985.0,181519
2021-05-24 09:43:02,985.0,181519
2021-05-24 09:43:02,985.0,181519
2021-05-24 09:43:03,985.0,181519
2021-05-24 09:43:03,985.0,181519
2021-05-24 09:43:04,985.0,181519
2021-05-24 09:43:04,985.0,181519
2021-05-24 09:43:05,985.0,181519
2021-05-24 09:43:05,985.0,181519
2021-05-24 09:43:06,985.15,181564
2021-05-24 09:43:06,985.15,181564
2021-05-24 09:43:07,985.15,181564
2021-05-24 09:43:07,985.15,181564
2021-05-24 09:43:08,985.15,181564
2021-05-24 09:43:08,985.15,181564
2021-05-24 09:43:09,985.35,181568
2021-05-24 09:43:09,985.35,181568
2021-05-24 09:43:10,985.35,181574
2021-05-24 09:43:11,985.35,181574
2021-05-24 09:43:10,985.35,181574
2021-05-24 09:43:11,985.35,181574
2021-05-24 09:43:12,985.6,181604
2021-05-24 09:43:12,985.6,181604
2021-05-24 09:43:13,985.6,181604
2021-05-24 09:43:13,985.6,181604
2021-05-24 09:43:14,985.15,181609
2021-05-24 09:43:14,985.15,181609
2021-05-24 09:43:15,985.15,181609
2021-05-24 09:43:15,985.15,181609
2021-05-24 09:43:16,985.15,181609
2021-05-24 09:43:16,985.15,181609
2021-05-24 09:43:17,985.15,181609
2021-05-24 09:43:17,985.15,181609
2021-05-24 09:43:18,985.6,181659
2021-05-24 09:43:18,985.6,181659
2021-05-24 09:43:21,985.35,181743
2021-05-24 09:43:21,985.35,181743
2021-05-24 09:43:23,985.35,181800
2021-05-24 09:43:23,985.35,181800
2021-05-24 09:43:23,985.35,181800
2021-05-24 09:43:23,985.35,181800
2021-05-24 09:43:24,985.35,181800
2021-05-24 09:43:24,985.35,181800
2021-05-24 09:43:25,985.35,181800
2021-05-24 09:43:25,985.35,181800
2021-05-24 09:43:26,985.35,181800
2021-05-24 09:43:26,985.35,181800
2021-05-24 09:43:28,985.25,181959
2021-05-24 09:43:28,985.25,181959
2021-05-24 09:43:29,985.95,182059
2021-05-24 09:43:29,985.95,182059
2021-05-24 09:43:30,985.6,182074
2021-05-24 09:43:30,985.6,182074
2021-05-24 09:43:32,985.6,182074
2021-05-24 09:43:32,985.6,182074
2021-05-24 09:43:32,985.6,182074
2021-05-24 09:43:32,985.6,182074
2021-05-24 09:43:35,985.25,182082
2021-05-24 09:43:35,985.25,182082
2021-05-24 09:43:35,985.25,182082
2021-05-24 09:43:35,985.25,182082
2021-05-24 09:43:36,985.25,182082
2021-05-24 09:43:36,985.25,182082
2021-05-24 09:43:37,985.25,182187
2021-05-24 09:43:37,985.25,182187
2021-05-24 09:43:38,985.6,182192
2021-05-24 09:43:38,985.6,182192
2021-05-24 09:43:39,985.6,182192
2021-05-24 09:43:39,985.6,182192
2021-05-24 09:43:40,985.6,182192
2021-05-24 09:43:40,985.6,182192
2021-05-24 09:43:41,985.6,182192
2021-05-24 09:43:41,985.6,182192
2021-05-24 09:43:42,985.6,182192
2021-05-24 09:43:42,985.6,182192
2021-05-24 09:43:43,985.6,182192
2021-05-24 09:43:43,985.6,182192
2021-05-24 09:43:44,985.6,182192
2021-05-24 09:43:44,985.6,182192
2021-05-24 09:43:46,985.25,182194
2021-05-24 09:43:46,985.25,182194
2021-05-24 09:43:47,985.4,182680
2021-05-24 09:43:47,985.4,182680
2021-05-24 09:43:48,985.4,182686
2021-05-24 09:43:48,985.4,182686
2021-05-24 09:43:50,985.4,182686
2021-05-24 09:43:50,985.4,182686
2021-05-24 09:43:52,985.4,182686
2021-05-24 09:43:52,985.15,182709
2021-05-24 09:43:52,985.4,182686
2021-05-24 09:43:52,985.15,182709
2021-05-24 09:43:53,984.95,182729
2021-05-24 09:43:53,984.95,182729
2021-05-24 09:43:54,985.4,182905
2021-05-24 09:43:54,985.4,182905
2021-05-24 09:43:55,985.5,183039
2021-05-24 09:43:55,985.5,183039
2021-05-24 09:43:56,985.5,183039
2021-05-24 09:43:56,985.5,183039
2021-05-24 09:43:57,985.5,183039
2021-05-24 09:43:57,985.5,183039
2021-05-24 09:43:58,985.5,183039
2021-05-24 09:43:58,985.5,183039
2021-05-24 09:43:59,985.4,183045
2021-05-24 09:43:59,985.4,183045
2021-05-24 09:44:00,985.4,183045
2021-05-24 09:44:00,985.4,183045
2021-05-24 09:44:01,985.1,183050
2021-05-24 09:44:01,985.1,183050
2021-05-24 09:44:02,985.1,183050
2021-05-24 09:44:02,985.1,183050
2021-05-24 09:44:03,985.1,183072
2021-05-24 09:44:03,985.1,183072
2021-05-24 09:44:04,984.9,183081
2021-05-24 09:44:04,984.9,183081
2021-05-24 09:44:05,984.9,183081
2021-05-24 09:44:05,984.9,183081
2021-05-24 09:44:06,984.9,183081
2021-05-24 09:44:06,984.9,183081
2021-05-24 09:44:07,984.9,183081
2021-05-24 09:44:07,984.9,183081
2021-05-24 09:44:08,984.9,183081
2021-05-24 09:44:08,984.9,183081
2021-05-24 09:44:09,985.1,183107
2021-05-24 09:44:09,985.1,183107
2021-05-24 09:44:10,985.35,183157
2021-05-24 09:44:10,985.35,183157
2021-05-24 09:44:13,985.0,183357
2021-05-24 09:44:13,985.0,183357
2021-05-24 09:44:14,985.0,183357
2021-05-24 09:44:14,985.0,183357
2021-05-24 09:44:15,984.95,183531
2021-05-24 09:44:15,984.95,183531
2021-05-24 09:44:15,984.6,183487
2021-05-24 09:44:15,984.6,183487
2021-05-24 09:44:16,985.0,183581
2021-05-24 09:44:16,985.0,183581
2021-05-24 09:44:17,985.0,183764
2021-05-24 09:44:17,985.0,183764
2021-05-24 09:44:18,985.0,183864
2021-05-24 09:44:19,985.0,183864
2021-05-24 09:44:18,985.0,183864
2021-05-24 09:44:19,985.0,183864
2021-05-24 09:44:20,984.55,183949
2021-05-24 09:44:20,984.55,183949
2021-05-24 09:44:21,984.55,183949
2021-05-24 09:44:21,984.55,183949
2021-05-24 09:44:22,984.55,183949
2021-05-24 09:44:22,984.55,183949
2021-05-24 09:44:23,984.75,183959
2021-05-24 09:44:23,984.75,183959
2021-05-24 09:44:25,984.75,183959
2021-05-24 09:44:25,984.75,183959
2021-05-24 09:44:25,984.55,183972
2021-05-24 09:44:25,984.55,183972
2021-05-24 09:44:26,984.75,183986
2021-05-24 09:44:26,984.75,183986
2021-05-24 09:44:27,984.75,183986
2021-05-24 09:44:27,984.75,183986
2021-05-24 09:44:28,984.75,183986
2021-05-24 09:44:28,984.75,183986
2021-05-24 09:44:29,984.75,183986
2021-05-24 09:44:29,984.75,183986
2021-05-24 09:44:31,985.0,184243
2021-05-24 09:44:31,985.0,184243
2021-05-24 09:44:32,985.0,184246
2021-05-24 09:44:32,985.0,184246
2021-05-24 09:44:34,985.0,184246
2021-05-24 09:44:34,985.0,184246
2021-05-24 09:44:35,985.0,184522
2021-05-24 09:44:35,985.0,184522
2021-05-24 09:44:36,985.0,184522
2021-05-24 09:44:36,985.0,184522
2021-05-24 09:44:38,985.2,184525
2021-05-24 09:44:38,985.2,184525
2021-05-24 09:44:39,985.2,184525
2021-05-24 09:44:39,985.2,184525
2021-05-24 09:44:40,985.2,184525
2021-05-24 09:44:40,985.2,184525
2021-05-24 09:44:41,985.5,184863
2021-05-24 09:44:41,985.5,184863
2021-05-24 09:44:42,985.5,184863
2021-05-24 09:44:42,985.5,184863
2021-05-24 09:44:43,985.5,184863
2021-05-24 09:44:43,985.5,184863
2021-05-24 09:44:45,985.45,184878
2021-05-24 09:44:45,985.45,184878
2021-05-24 09:44:47,985.45,184878
2021-05-24 09:44:47,985.45,184878
2021-05-24 09:44:48,985.45,184878
2021-05-24 09:44:48,985.45,184878
2021-05-24 09:44:48,985.45,184878
2021-05-24 09:44:48,985.45,184878
2021-05-24 09:44:49,985.45,184878
2021-05-24 09:44:49,985.45,184878
2021-05-24 09:44:54,985.0,185028
2021-05-24 09:44:54,985.0,185028
2021-05-24 09:44:56,985.45,185063
2021-05-24 09:44:56,985.45,185063
2021-05-24 09:44:56,985.45,185063
2021-05-24 09:44:56,985.45,185063
2021-05-24 09:44:57,985.45,185063
2021-05-24 09:44:57,985.45,185063
2021-05-24 09:44:58,985.45,185063
2021-05-24 09:44:58,985.45,185063
2021-05-24 09:45:00,985.4,185064
2021-05-24 09:45:00,985.4,185064
2021-05-24 09:45:01,985.4,185064
2021-05-24 09:45:01,985.4,185064
2021-05-24 09:45:03,985.15,185065
2021-05-24 09:45:03,985.15,185065
2021-05-24 09:45:04,985.15,185090
2021-05-24 09:45:04,985.15,185090
2021-05-24 09:45:05,985.15,185090
2021-05-24 09:45:05,985.15,185090
2021-05-24 09:45:06,985.15,185109
2021-05-24 09:45:06,985.15,185109
2021-05-24 09:45:06,985.15,185119
2021-05-24 09:45:06,985.15,185119
2021-05-24 09:45:07,985.45,185142
2021-05-24 09:45:07,985.45,185142
2021-05-24 09:45:08,985.05,185177
2021-05-24 09:45:08,985.05,185177
2021-05-24 09:45:09,985.05,185177
2021-05-24 09:45:09,985.05,185177
2021-05-24 09:45:10,985.5,185388
2021-05-24 09:45:10,985.5,185388
2021-05-24 09:45:11,985.5,185388
2021-05-24 09:45:11,985.5,185388
2021-05-24 09:45:12,985.45,185497
2021-05-24 09:45:12,985.45,185497
2021-05-24 09:45:13,985.45,185497
2021-05-24 09:45:13,985.45,185497
2021-05-24 09:45:14,985.45,185497
2021-05-24 09:45:14,985.45,185497
2021-05-24 09:45:16,985.45,185497
2021-05-24 09:45:16,985.45,185497
2021-05-24 09:45:17,985.45,185497
2021-05-24 09:45:17,985.45,185497
2021-05-24 09:45:18,985.45,185497
2021-05-24 09:45:18,985.45,185497
2021-05-24 09:45:19,985.5,185499
2021-05-24 09:45:19,985.5,185499
2021-05-24 09:45:21,985.15,185555
2021-05-24 09:45:21,985.15,185555
2021-05-24 09:45:22,985.0,186053
2021-05-24 09:45:22,985.0,186053
2021-05-24 09:45:23,985.0,186053
2021-05-24 09:45:23,985.0,186053
2021-05-24 09:45:24,985.05,186064
2021-05-24 09:45:24,985.05,186064
2021-05-24 09:45:25,985.05,186064
2021-05-24 09:45:25,985.05,186064
2021-05-24 09:45:26,985.0,186214
2021-05-24 09:45:26,985.0,186214
2021-05-24 09:45:27,985.0,186214
2021-05-24 09:45:27,985.0,186214
2021-05-24 09:45:28,985.0,186314
2021-05-24 09:45:28,985.0,186314
2021-05-24 09:45:29,984.55,186355
2021-05-24 09:45:29,984.55,186355
2021-05-24 09:45:30,985.0,186365
2021-05-24 09:45:30,985.0,186365
2021-05-24 09:45:31,984.75,186370
2021-05-24 09:45:31,984.75,186370
2021-05-24 09:45:33,984.75,186371
2021-05-24 09:45:33,984.75,186371
2021-05-24 09:45:34,984.75,186371
2021-05-24 09:45:34,984.75,186371
2021-05-24 09:45:35,984.55,186401
2021-05-24 09:45:35,984.55,186401
2021-05-24 09:45:36,984.55,186401
2021-05-24 09:45:36,984.55,186401
2021-05-24 09:45:36,984.75,186501
2021-05-24 09:45:36,984.75,186501
2021-05-24 09:45:38,985.0,186779
2021-05-24 09:45:38,985.0,186779
2021-05-24 09:45:40,984.55,186889
2021-05-24 09:45:40,984.55,186889
2021-05-24 09:45:41,984.55,186889
2021-05-24 09:45:41,984.55,186889
2021-05-24 09:45:42,985.0,187219
2021-05-24 09:45:42,985.0,187219
2021-05-24 09:45:43,985.0,187219
2021-05-24 09:45:43,985.0,187219
2021-05-24 09:45:44,985.0,187219
2021-05-24 09:45:44,985.0,187219
2021-05-24 09:45:45,985.0,187219
2021-05-24 09:45:45,985.0,187219
2021-05-24 09:45:46,984.5,187340
2021-05-24 09:45:46,984.5,187340
2021-05-24 09:45:46,984.55,187343
2021-05-24 09:45:46,984.55,187343
2021-05-24 09:45:47,984.55,187343
2021-05-24 09:45:47,984.55,187343
2021-05-24 09:45:48,984.55,187343
2021-05-24 09:45:48,984.55,187343
2021-05-24 09:45:50,984.65,187368
2021-05-24 09:45:50,984.65,187368
2021-05-24 09:45:51,985.0,187418
2021-05-24 09:45:51,985.0,187418
2021-05-24 09:45:52,985.0,187418
2021-05-24 09:45:52,985.0,187418
2021-05-24 09:45:53,985.0,187418
2021-05-24 09:45:53,985.0,187418
2021-05-24 09:45:54,985.0,187418
2021-05-24 09:45:54,985.0,187418
2021-05-24 09:45:55,985.0,187453
2021-05-24 09:45:55,985.0,187453
2021-05-24 09:45:56,984.6,187503
2021-05-24 09:45:56,984.6,187503
2021-05-24 09:45:58,984.6,187503
2021-05-24 09:45:58,984.6,187503
2021-05-24 09:45:59,985.0,187523
2021-05-24 09:45:59,985.0,187523
2021-05-24 09:46:00,985.0,187523
2021-05-24 09:46:00,985.0,187523
2021-05-24 09:46:01,985.0,187523
2021-05-24 09:46:01,985.0,187523
2021-05-24 09:46:03,984.6,187838
2021-05-24 09:46:03,984.6,187838
2021-05-24 09:46:04,984.6,187838
2021-05-24 09:46:04,984.6,187838
2021-05-24 09:46:05,984.6,187838
2021-05-24 09:46:05,984.6,187838
2021-05-24 09:46:06,984.6,187838
2021-05-24 09:46:06,984.6,187838
2021-05-24 09:46:07,984.6,187838
2021-05-24 09:46:07,984.6,187838
2021-05-24 09:46:08,984.35,187868
2021-05-24 09:46:08,984.35,187868
2021-05-24 09:46:10,984.35,187918
2021-05-24 09:46:10,984.35,187918
2021-05-24 09:46:12,984.35,187918
2021-05-24 09:46:12,984.35,187918
2021-05-24 09:46:14,984.5,187943
2021-05-24 09:46:14,984.5,187943
2021-05-24 09:46:15,984.5,187953
2021-05-24 09:46:15,984.5,187953
2021-05-24 09:46:15,984.5,187943
2021-05-24 09:46:15,984.5,187943
2021-05-24 09:46:16,984.5,187968
2021-05-24 09:46:16,984.5,187968
2021-05-24 09:46:17,984.35,187973
2021-05-24 09:46:18,984.4,188059
2021-05-24 09:46:17,984.35,187973
2021-05-24 09:46:18,984.4,188059
2021-05-24 09:46:19,984.4,188059
2021-05-24 09:46:19,984.4,188059
2021-05-24 09:46:20,984.4,188064
2021-05-24 09:46:20,984.4,188064
2021-05-24 09:46:21,984.4,188064
2021-05-24 09:46:21,984.4,188064
2021-05-24 09:46:22,984.4,188110
2021-05-24 09:46:22,984.4,188110
2021-05-24 09:46:26,984.4,188148
2021-05-24 09:46:26,984.4,188148
2021-05-24 09:46:27,984.35,188353
2021-05-24 09:46:27,984.35,188353
2021-05-24 09:46:28,984.35,188353
2021-05-24 09:46:28,984.35,188353
2021-05-24 09:46:29,984.35,188353
2021-05-24 09:46:29,984.35,188353
2021-05-24 09:46:30,984.35,188353
2021-05-24 09:46:30,984.35,188353
2021-05-24 09:46:31,984.1,188745
2021-05-24 09:46:31,984.1,188745
2021-05-24 09:46:33,984.1,188745
2021-05-24 09:46:33,984.1,188745
2021-05-24 09:46:34,984.1,188892
2021-05-24 09:46:34,984.1,188892
2021-05-24 09:46:36,984.5,189577
2021-05-24 09:46:36,984.5,189577
2021-05-24 09:46:36,984.5,189577
2021-05-24 09:46:36,984.5,189577
2021-05-24 09:46:37,984.5,189577
2021-05-24 09:46:37,984.5,189577
2021-05-24 09:46:38,984.5,189577
2021-05-24 09:46:38,984.5,189577
2021-05-24 09:46:39,984.5,189577
2021-05-24 09:46:39,984.5,189577
2021-05-24 09:46:40,984.1,189578
2021-05-24 09:46:40,984.1,189578
2021-05-24 09:46:41,984.1,189578
2021-05-24 09:46:41,984.1,189578
2021-05-24 09:46:42,984.1,189578
2021-05-24 09:46:42,984.1,189578
2021-05-24 09:46:44,984.0,189734
2021-05-24 09:46:44,984.0,189734
2021-05-24 09:46:49,984.1,189856
2021-05-24 09:46:49,984.1,189856
2021-05-24 09:46:53,983.65,191153
2021-05-24 09:46:53,983.65,191153
2021-05-24 09:47:04,982.95,193932
2021-05-24 09:47:04,982.95,193932
2021-05-24 09:47:09,983.55,195646
2021-05-24 09:47:09,983.55,195646
2021-05-24 09:47:14,983.65,195950
2021-05-24 09:47:14,983.65,195950
2021-05-24 09:47:19,984.0,196671
2021-05-24 09:47:19,984.0,196671
2021-05-24 09:47:24,984.2,196850
2021-05-24 09:47:24,984.2,196850
2021-05-24 09:47:34,984.75,197220
2021-05-24 09:47:34,984.75,197220
2021-05-24 09:47:44,984.65,198030
2021-05-24 09:47:44,984.65,198030
2021-05-24 09:47:49,985.0,198163
2021-05-24 09:47:49,985.0,198163
2021-05-24 09:47:54,985.0,198274
2021-05-24 09:47:54,985.0,198274
2021-05-24 09:47:59,984.65,198324
2021-05-24 09:47:59,984.65,198324
2021-05-24 09:48:04,984.3,198343
2021-05-24 09:48:04,984.3,198343
2021-05-24 09:48:09,984.55,198467
2021-05-24 09:48:09,984.55,198467
2021-05-24 09:48:13,984.65,198544
2021-05-24 09:48:13,984.65,198544
2021-05-24 09:48:18,984.85,198590
2021-05-24 09:48:18,984.85,198590
2021-05-24 09:48:23,984.55,199448
2021-05-24 09:48:23,984.55,199448
2021-05-24 09:48:28,984.85,199460
2021-05-24 09:48:28,984.85,199460
2021-05-24 09:48:33,984.85,199465
2021-05-24 09:48:33,984.85,199465
2021-05-24 09:48:37,985.1,199544
2021-05-24 09:48:37,985.1,199544
2021-05-24 09:48:42,985.0,199562
2021-05-24 09:48:42,985.0,199562
2021-05-24 09:48:47,985.0,199575
2021-05-24 09:48:47,985.0,199575
2021-05-24 09:48:51,984.9,199742
2021-05-24 09:48:51,984.9,199742
2021-05-24 09:48:56,985.15,200565
2021-05-24 09:48:56,985.15,200565
2021-05-24 09:49:01,985.0,200578
2021-05-24 09:49:01,985.0,200578
2021-05-24 09:49:05,985.05,200590
2021-05-24 09:49:05,985.05,200590
2021-05-24 09:49:10,985.15,200637
2021-05-24 09:49:10,985.15,200637
2021-05-24 09:49:15,985.15,200647
2021-05-24 09:49:15,985.15,200647
2021-05-24 09:49:20,985.35,200762
2021-05-24 09:49:20,985.35,200762
2021-05-24 09:49:25,985.2,200889
2021-05-24 09:49:25,985.2,200889
2021-05-24 09:49:30,985.1,200914
2021-05-24 09:49:30,985.1,200914
2021-05-24 09:49:35,985.1,200914
2021-05-24 09:49:35,985.1,200914
2021-05-24 09:49:39,985.45,200976
2021-05-24 09:49:39,985.45,200976
2021-05-24 09:49:44,985.35,201011
2021-05-24 09:49:44,985.35,201011
2021-05-24 09:49:49,985.2,201027
2021-05-24 09:49:49,985.2,201027
2021-05-24 09:49:54,985.4,201150
2021-05-24 09:49:54,985.4,201150
2021-05-24 09:49:58,985.4,201321
2021-05-24 09:49:58,985.4,201321
2021-05-24 09:50:04,985.3,202719
2021-05-24 09:50:04,985.3,202719
2021-05-24 09:50:09,985.0,202729
2021-05-24 09:50:09,985.0,202729
2021-05-24 09:50:14,985.05,202854
2021-05-24 09:50:14,985.05,202854
2021-05-24 09:50:19,985.4,202866
2021-05-24 09:50:19,985.4,202866
2021-05-24 09:50:28,985.0,203516
2021-05-24 09:50:28,985.0,203516
2021-05-24 09:50:33,985.0,203519
2021-05-24 09:50:33,985.0,203519
2021-05-24 09:50:38,985.4,203585
2021-05-24 09:50:38,985.4,203585
2021-05-24 09:50:43,985.0,203788
2021-05-24 09:50:43,985.0,203788
2021-05-24 09:50:48,985.0,203808
2021-05-24 09:50:48,985.0,203808
2021-05-24 09:50:52,985.0,203815
2021-05-24 09:50:52,985.0,203815
2021-05-24 09:50:57,984.95,204732
2021-05-24 09:50:57,984.95,204732
2021-05-24 09:51:02,984.6,204801
2021-05-24 09:51:02,984.6,204801
2021-05-24 09:51:06,984.65,205011
2021-05-24 09:51:06,984.65,205011
2021-05-24 09:51:10,984.65,205011
2021-05-24 09:51:10,984.65,205011
2021-05-24 09:51:15,985.25,205210
2021-05-24 09:51:15,985.25,205210
2021-05-24 09:51:20,985.35,205222
2021-05-24 09:51:20,985.35,205222
2021-05-24 09:51:24,985.15,205232
2021-05-24 09:51:24,985.15,205232
2021-05-24 09:51:29,985.15,205267
2021-05-24 09:51:29,985.15,205267
2021-05-24 09:51:33,985.05,205416
2021-05-24 09:51:33,985.05,205416
2021-05-24 09:51:37,985.05,205426
2021-05-24 09:51:37,985.05,205426
2021-05-24 09:51:42,985.05,205536
2021-05-24 09:51:42,985.05,205536
2021-05-24 09:51:44,985.15,205576
2021-05-24 09:51:44,985.15,205576
2021-05-24 09:51:45,984.85,205626
2021-05-24 09:51:45,984.85,205626
2021-05-24 09:51:46,984.85,205626
2021-05-24 09:51:46,984.85,205626
2021-05-24 09:51:47,984.8,205627
2021-05-24 09:51:47,984.8,205627
2021-05-24 09:51:48,984.8,205627
2021-05-24 09:51:48,984.8,205627
2021-05-24 09:51:49,984.8,205627
2021-05-24 09:51:49,984.8,205627
2021-05-24 09:51:50,984.8,205627
2021-05-24 09:51:50,984.8,205627
2021-05-24 09:51:51,984.8,205627
2021-05-24 09:51:51,984.8,205627
2021-05-24 09:51:52,984.8,205637
2021-05-24 09:51:52,984.8,205637
2021-05-24 09:51:53,984.8,205637
2021-05-24 09:51:53,984.8,205637
2021-05-24 09:51:54,984.8,205637
2021-05-24 09:51:54,984.8,205637
2021-05-24 09:51:55,985.05,205662
2021-05-24 09:51:55,985.05,205662
2021-05-24 09:51:56,985.0,205671
2021-05-24 09:51:56,985.0,205671
2021-05-24 09:51:57,985.0,205671
2021-05-24 09:51:57,985.0,205671
2021-05-24 09:51:58,985.0,205671
2021-05-24 09:51:58,985.0,205671
2021-05-24 09:51:59,985.05,205710
2021-05-24 09:51:59,985.05,205710
2021-05-24 09:52:00,985.05,205710
2021-05-24 09:52:00,985.05,205710
2021-05-24 09:52:01,984.9,205720
2021-05-24 09:52:01,984.9,205720
2021-05-24 09:52:02,984.9,205720
2021-05-24 09:52:02,984.9,205720
2021-05-24 09:52:03,984.9,205720
2021-05-24 09:52:04,984.9,205720
2021-05-24 09:52:03,984.9,205720
2021-05-24 09:52:04,984.9,205720
2021-05-24 09:52:05,984.9,205733
2021-05-24 09:52:05,984.9,205733
2021-05-24 09:52:07,984.9,205733
2021-05-24 09:52:07,984.9,205733
2021-05-24 09:52:08,984.9,205734
2021-05-24 09:52:08,984.9,205734
2021-05-24 09:52:09,984.9,205734
2021-05-24 09:52:09,984.9,205734
2021-05-24 09:52:11,984.8,205754
2021-05-24 09:52:11,984.8,205754
2021-05-24 09:52:12,984.8,205754
2021-05-24 09:52:12,984.8,205754
2021-05-24 09:52:14,984.8,205754
2021-05-24 09:52:14,984.8,205754
2021-05-24 09:52:15,985.05,205764
2021-05-24 09:52:15,985.05,205764
2021-05-24 09:52:16,985.05,205764
2021-05-24 09:52:16,985.05,205764
2021-05-24 09:52:17,985.25,205821
2021-05-24 09:52:17,985.25,205821
2021-05-24 09:52:18,985.35,205892
2021-05-24 09:52:18,985.35,205892
2021-05-24 09:52:19,984.9,205902
2021-05-24 09:52:19,984.9,205902
2021-05-24 09:52:20,984.9,205902
2021-05-24 09:52:20,984.9,205902
2021-05-24 09:52:21,984.9,205902
2021-05-24 09:52:21,984.9,205902
2021-05-24 09:52:22,985.1,206147
2021-05-24 09:52:22,985.1,206147
2021-05-24 09:52:23,985.1,206147
2021-05-24 09:52:23,985.1,206147
2021-05-24 09:52:24,984.85,206261
2021-05-24 09:52:24,984.85,206261
2021-05-24 09:52:25,984.85,206261
2021-05-24 09:52:25,984.85,206261
2021-05-24 09:52:26,984.85,206261
2021-05-24 09:52:26,984.85,206261
2021-05-24 09:52:27,985.35,206277
2021-05-24 09:52:27,985.35,206277
2021-05-24 09:52:28,985.35,206277
2021-05-24 09:52:28,985.35,206277
2021-05-24 09:52:30,985.35,206277
2021-05-24 09:52:30,985.35,206277
2021-05-24 09:52:31,985.35,206277
2021-05-24 09:52:31,985.35,206277
2021-05-24 09:52:33,984.9,206287
2021-05-24 09:52:33,984.9,206287
2021-05-24 09:52:34,984.9,206287
2021-05-24 09:52:34,984.9,206287
2021-05-24 09:52:35,985.35,206327
2021-05-24 09:52:35,985.35,206327
2021-05-24 09:52:36,985.35,206327
2021-05-24 09:52:36,985.35,206327
2021-05-24 09:52:38,985.15,206337
2021-05-24 09:52:38,985.15,206337
2021-05-24 09:52:39,985.35,206347
2021-05-24 09:52:39,985.35,206347
2021-05-24 09:52:40,985.35,206347
2021-05-24 09:52:40,985.35,206347
2021-05-24 09:52:41,985.35,206347
2021-05-24 09:52:41,985.35,206347
2021-05-24 09:52:42,985.35,206347
2021-05-24 09:52:42,985.35,206347
2021-05-24 09:52:43,985.35,206347
2021-05-24 09:52:43,985.35,206347
2021-05-24 09:52:44,985.2,206357
2021-05-24 09:52:44,985.2,206357
2021-05-24 09:52:45,985.2,206357
2021-05-24 09:52:45,985.2,206357
2021-05-24 09:52:46,985.2,206357
2021-05-24 09:52:46,985.2,206357
2021-05-24 09:52:47,985.2,206357
2021-05-24 09:52:47,985.2,206357
2021-05-24 09:52:48,985.2,206357
2021-05-24 09:52:48,985.2,206357
2021-05-24 09:52:49,985.2,206357
2021-05-24 09:52:49,985.2,206357
2021-05-24 09:52:50,985.2,206357
2021-05-24 09:52:50,985.2,206357
2021-05-24 09:52:51,985.2,206357
2021-05-24 09:52:51,985.2,206357
2021-05-24 09:52:52,985.2,206367
2021-05-24 09:52:52,985.2,206367
2021-05-24 09:52:55,984.85,206495
2021-05-24 09:52:55,984.85,206495
2021-05-24 09:52:56,984.85,206495
2021-05-24 09:52:56,984.85,206495
2021-05-24 09:52:57,984.85,206495
2021-05-24 09:52:57,984.85,206495
2021-05-24 09:52:58,985.35,206597
2021-05-24 09:52:58,985.35,206597
2021-05-24 09:52:59,985.15,206602
2021-05-24 09:52:59,985.15,206602
2021-05-24 09:53:00,985.4,207010
2021-05-24 09:53:00,985.4,207010
2021-05-24 09:53:01,985.1,207057
2021-05-24 09:53:01,985.1,207057
2021-05-24 09:53:02,985.1,207057
2021-05-24 09:53:02,985.1,207057
2021-05-24 09:53:03,985.1,207057
2021-05-24 09:53:03,985.1,207057
2021-05-24 09:53:05,985.35,207077
2021-05-24 09:53:05,985.35,207077
2021-05-24 09:53:06,985.5,207078
2021-05-24 09:53:06,985.5,207078
2021-05-24 09:53:06,985.5,207078
2021-05-24 09:53:06,985.5,207078
2021-05-24 09:53:08,985.35,207093
2021-05-24 09:53:08,985.35,207093
2021-05-24 09:53:09,985.35,207093
2021-05-24 09:53:09,985.35,207093
2021-05-24 09:53:10,985.35,207101
2021-05-24 09:53:10,985.35,207101
2021-05-24 09:53:11,985.5,207156
2021-05-24 09:53:11,985.5,207156
2021-05-24 09:53:12,984.7,208906
2021-05-24 09:53:12,984.7,208906
2021-05-24 09:53:14,984.7,208906
2021-05-24 09:53:14,984.7,208906
2021-05-24 09:53:15,984.7,208906
2021-05-24 09:53:15,984.7,208906
2021-05-24 09:53:16,984.7,208906
2021-05-24 09:53:16,984.7,208906
2021-05-24 09:53:17,984.7,208906
2021-05-24 09:53:17,984.7,208906
2021-05-24 09:53:18,984.7,208906
2021-05-24 09:53:18,984.7,208906
2021-05-24 09:53:19,984.7,208906
2021-05-24 09:53:19,984.7,208906
2021-05-24 09:53:22,984.7,208906
2021-05-24 09:53:22,984.7,208906
2021-05-24 09:53:23,985.35,208951
2021-05-24 09:53:23,985.35,208951
2021-05-24 09:53:25,985.5,209150
2021-05-24 09:53:25,985.5,209150
2021-05-24 09:53:26,985.5,209150
2021-05-24 09:53:26,985.5,209150
2021-05-24 09:53:27,985.5,209150
2021-05-24 09:53:27,985.5,209150
2021-05-24 09:53:28,985.8,209316
2021-05-24 09:53:28,985.8,209316
2021-05-24 09:53:28,985.5,209260
2021-05-24 09:53:28,985.5,209260
2021-05-24 09:53:29,985.8,209316
2021-05-24 09:53:29,985.8,209316
2021-05-24 09:53:31,985.8,209316
2021-05-24 09:53:31,985.8,209316
2021-05-24 09:53:31,985.8,209316
2021-05-24 09:53:31,985.8,209316
2021-05-24 09:53:32,985.8,209316
2021-05-24 09:53:32,985.8,209316
2021-05-24 09:53:33,985.8,209316
2021-05-24 09:53:33,985.8,209316
2021-05-24 09:53:34,985.8,209336
2021-05-24 09:53:34,985.8,209336
2021-05-24 09:53:35,985.8,209336
2021-05-24 09:53:35,985.8,209336
2021-05-24 09:53:36,985.8,209336
2021-05-24 09:53:36,985.8,209336
2021-05-24 09:53:37,985.9,209356
2021-05-24 09:53:38,985.95,209456
2021-05-24 09:53:37,985.9,209356
2021-05-24 09:53:38,985.95,209456
2021-05-24 09:53:41,985.95,209472
2021-05-24 09:53:41,985.95,209472
2021-05-24 09:53:41,985.95,209472
2021-05-24 09:53:41,985.95,209472
2021-05-24 09:53:42,985.95,209472
2021-05-24 09:53:42,985.95,209472
2021-05-24 09:53:43,985.7,209477
2021-05-24 09:53:43,985.7,209477
2021-05-24 09:53:44,985.7,209477
2021-05-24 09:53:44,985.7,209477
2021-05-24 09:53:45,985.7,209477
2021-05-24 09:53:45,985.7,209477
2021-05-24 09:53:47,985.95,209559
2021-05-24 09:53:47,985.95,209559
2021-05-24 09:53:47,985.7,209517
2021-05-24 09:53:47,985.7,209517
2021-05-24 09:53:48,986.0,210558
2021-05-24 09:53:48,986.0,210558
2021-05-24 09:53:51,986.0,210838
2021-05-24 09:53:51,986.0,210838
2021-05-24 09:53:53,986.0,210838
2021-05-24 09:53:53,986.0,210838
2021-05-24 09:53:54,986.15,211707
2021-05-24 09:53:54,986.15,211707
2021-05-24 09:53:54,986.15,211707
2021-05-24 09:53:54,986.15,211707
2021-05-24 09:53:55,986.15,211772
2021-05-24 09:53:55,986.15,211772
2021-05-24 09:53:57,986.15,211772
2021-05-24 09:53:57,986.15,211772
2021-05-24 09:53:57,986.15,211772
2021-05-24 09:53:57,986.15,211772
2021-05-24 09:53:58,986.15,211772
2021-05-24 09:53:59,986.15,211772
2021-05-24 09:53:58,986.15,211772
2021-05-24 09:53:59,986.15,211772
2021-05-24 09:54:00,986.45,212162
2021-05-24 09:54:00,986.45,212162
2021-05-24 09:54:01,986.7,212420
2021-05-24 09:54:01,986.7,212420
2021-05-24 09:54:02,986.7,212420
2021-05-24 09:54:02,986.7,212420
2021-05-24 09:54:04,986.7,212455
2021-05-24 09:54:04,986.7,212455
2021-05-24 09:54:05,986.7,212509
2021-05-24 09:54:05,986.7,212509
2021-05-24 09:54:06,986.7,212509
2021-05-24 09:54:06,986.7,212509
2021-05-24 09:54:06,986.7,212509
2021-05-24 09:54:06,986.7,212509
2021-05-24 09:54:07,986.7,212509
2021-05-24 09:54:07,986.7,212509
2021-05-24 09:54:08,986.95,212559
2021-05-24 09:54:09,987.0,212585
2021-05-24 09:54:08,986.95,212559
2021-05-24 09:54:10,987.0,212781
2021-05-24 09:54:11,987.0,212781
2021-05-24 09:54:09,987.0,212585
2021-05-24 09:54:10,987.0,212781
2021-05-24 09:54:11,987.0,212781
2021-05-24 09:54:12,987.0,212781
2021-05-24 09:54:12,987.0,212781
2021-05-24 09:54:14,987.15,213946
2021-05-24 09:54:14,987.15,213946
2021-05-24 09:54:14,987.15,213946
2021-05-24 09:54:15,987.15,213996
2021-05-24 09:54:14,987.15,213946
2021-05-24 09:54:15,987.15,213996
2021-05-24 09:54:16,987.15,213996
2021-05-24 09:54:16,987.15,213996
2021-05-24 09:54:18,987.15,214531
2021-05-24 09:54:18,987.15,214531
2021-05-24 09:54:18,987.15,214531
2021-05-24 09:54:18,987.15,214531
2021-05-24 09:54:20,987.0,214940
2021-05-24 09:54:20,987.0,214940
2021-05-24 09:54:21,987.0,214940
2021-05-24 09:54:21,987.0,214940
2021-05-24 09:54:23,987.1,215196
2021-05-24 09:54:24,987.1,215196
2021-05-24 09:54:23,987.1,215196
2021-05-24 09:54:24,987.1,215196
2021-05-24 09:54:26,986.6,215316
2021-05-24 09:54:26,986.6,215316
2021-05-24 09:54:27,986.65,215570
2021-05-24 09:54:27,986.65,215570
2021-05-24 09:54:28,987.0,215600
2021-05-24 09:54:29,986.65,215625
2021-05-24 09:54:28,987.0,215600
2021-05-24 09:54:30,987.1,215927
2021-05-24 09:54:29,986.65,215625
2021-05-24 09:54:31,986.7,216280
2021-05-24 09:54:30,987.1,215927
2021-05-24 09:54:31,986.7,216280
2021-05-24 09:54:32,987.05,216330
2021-05-24 09:54:33,986.25,216902
2021-05-24 09:54:32,987.05,216330
2021-05-24 09:54:33,986.25,216902
2021-05-24 09:54:35,986.95,217152
2021-05-24 09:54:36,986.95,217152
2021-05-24 09:54:35,986.95,217152
2021-05-24 09:54:36,986.95,217152
2021-05-24 09:54:38,986.85,217164
2021-05-24 09:54:40,986.65,217166
2021-05-24 09:54:38,986.85,217164
2021-05-24 09:54:40,986.1,217292
2021-05-24 09:54:42,986.5,217494
2021-05-24 09:54:40,986.65,217166
2021-05-24 09:54:40,986.1,217292
2021-05-24 09:54:42,986.5,217494
2021-05-24 09:54:42,986.5,217494
2021-05-24 09:54:42,986.5,217494
2021-05-24 09:54:43,986.5,217494
2021-05-24 09:54:44,986.65,217519
2021-05-24 09:54:43,986.5,217494
2021-05-24 09:54:44,986.65,217519
2021-05-24 09:54:45,986.65,217519
2021-05-24 09:54:45,986.65,217519
2021-05-24 09:54:46,986.65,217519
2021-05-24 09:54:48,986.95,217619
2021-05-24 09:54:46,986.65,217519
2021-05-24 09:54:48,986.95,217619
2021-05-24 09:54:48,986.95,217619
2021-05-24 09:54:48,986.95,217619
2021-05-24 09:54:49,986.5,218189
2021-05-24 09:54:49,986.5,218189
2021-05-24 09:54:50,986.6,218240
2021-05-24 09:54:50,986.6,218240
2021-05-24 09:54:52,986.6,218240
2021-05-24 09:54:53,986.6,218255
2021-05-24 09:54:52,986.6,218240
2021-05-24 09:54:54,986.6,218255
2021-05-24 09:54:53,986.6,218255
2021-05-24 09:54:56,986.6,218256
2021-05-24 09:54:54,986.6,218255
2021-05-24 09:54:57,986.5,218314
2021-05-24 09:54:57,986.5,218314
2021-05-24 09:54:58,986.15,218364
2021-05-24 09:54:56,986.6,218256
2021-05-24 09:54:57,986.5,218314
2021-05-24 09:54:57,986.5,218314
2021-05-24 09:55:00,986.15,218364
2021-05-24 09:54:58,986.15,218364
2021-05-24 09:55:00,986.15,218364
2021-05-24 09:55:01,986.15,218364
2021-05-24 09:55:01,986.15,218364
2021-05-24 09:55:01,986.15,218364
2021-05-24 09:55:01,986.15,218364
2021-05-24 09:55:03,986.35,218377
2021-05-24 09:55:03,986.35,218377
2021-05-24 09:55:04,986.6,218427
2021-05-24 09:55:04,986.6,218427
2021-05-24 09:55:05,986.6,218429
2021-05-24 09:55:05,986.6,218429
2021-05-24 09:55:06,986.2,218749
2021-05-24 09:55:06,986.2,218749
2021-05-24 09:55:07,986.2,218749
2021-05-24 09:55:07,986.2,218749
2021-05-24 09:55:08,986.15,218752
2021-05-24 09:55:08,986.15,218752
2021-05-24 09:55:09,986.15,218753
2021-05-24 09:55:09,986.15,218753
2021-05-24 09:55:10,986.1,218755
2021-05-24 09:55:10,986.1,218755
2021-05-24 09:55:11,986.15,218765
2021-05-24 09:55:11,986.15,218765
2021-05-24 09:55:12,986.15,218765
2021-05-24 09:55:12,986.15,218765
2021-05-24 09:55:14,986.15,218765
2021-05-24 09:55:14,986.15,218765
2021-05-24 09:55:14,986.15,218765
2021-05-24 09:55:14,986.15,218765
2021-05-24 09:55:15,986.5,219015
2021-05-24 09:55:15,986.5,219015
2021-05-24 09:55:16,986.5,219015
2021-05-24 09:55:16,986.5,219015
2021-05-24 09:55:17,986.5,219023
2021-05-24 09:55:17,986.5,219023
2021-05-24 09:55:18,986.5,219023
2021-05-24 09:55:18,986.5,219023
2021-05-24 09:55:20,986.5,219023
2021-05-24 09:55:20,986.5,219023
2021-05-24 09:55:20,986.5,219023
2021-05-24 09:55:20,986.5,219023
2021-05-24 09:55:22,986.65,219155
2021-05-24 09:55:22,986.65,219155
2021-05-24 09:55:22,986.5,219123
2021-05-24 09:55:22,986.5,219123
2021-05-24 09:55:23,986.45,219379
2021-05-24 09:55:23,986.45,219379
2021-05-24 09:55:25,987.0,219395
2021-05-24 09:55:25,987.0,219395
2021-05-24 09:55:26,987.0,219395
2021-05-24 09:55:26,987.0,219395
2021-05-24 09:55:27,987.0,219395
2021-05-24 09:55:27,987.0,219395
2021-05-24 09:55:28,987.0,219432
2021-05-24 09:55:28,987.0,219432
2021-05-24 09:55:29,986.4,219892
2021-05-24 09:55:29,986.4,219892
2021-05-24 09:55:30,986.4,219892
2021-05-24 09:55:30,986.4,219892
2021-05-24 09:55:32,987.0,219992
2021-05-24 09:55:32,987.0,219992
2021-05-24 09:55:34,987.05,220246
2021-05-24 09:55:34,987.05,220246
2021-05-24 09:55:35,987.2,220281
2021-05-24 09:55:35,987.2,220281
2021-05-24 09:55:36,987.2,220281
2021-05-24 09:55:36,987.2,220281
2021-05-24 09:55:38,987.2,220281
2021-05-24 09:55:38,987.2,220281
2021-05-24 09:55:39,986.65,220282
2021-05-24 09:55:39,986.65,220282
2021-05-24 09:55:40,987.2,220291
2021-05-24 09:55:40,987.2,220291
2021-05-24 09:55:41,986.65,220301
2021-05-24 09:55:41,986.65,220301
2021-05-24 09:55:42,986.65,220301
2021-05-24 09:55:42,986.65,220301
2021-05-24 09:55:43,986.9,220333
2021-05-24 09:55:43,986.9,220333
2021-05-24 09:55:44,986.9,220348
2021-05-24 09:55:44,986.9,220348
2021-05-24 09:55:45,986.9,220348
2021-05-24 09:55:45,986.9,220348
2021-05-24 09:55:46,986.9,220348
2021-05-24 09:55:46,986.9,220348
2021-05-24 09:55:47,987.3,221248
2021-05-24 09:55:47,987.3,221248
2021-05-24 09:55:49,987.15,221556
2021-05-24 09:55:49,987.15,221556
2021-05-24 09:55:50,987.15,221556
2021-05-24 09:55:50,987.15,221556
2021-05-24 09:55:51,986.9,221608
2021-05-24 09:55:51,986.9,221608
2021-05-24 09:55:52,987.35,221820
2021-05-24 09:55:52,987.35,221820
2021-05-24 09:55:53,987.35,221821
2021-05-24 09:55:53,987.35,221821
2021-05-24 09:55:54,986.65,222186
2021-05-24 09:55:54,986.65,222186
2021-05-24 09:55:55,987.35,222211
2021-05-24 09:55:55,987.35,222211
2021-05-24 09:55:56,987.35,222221
2021-05-24 09:55:56,987.35,222221
2021-05-24 09:55:57,987.35,222381
2021-05-24 09:55:57,987.35,222381
2021-05-24 09:55:58,987.25,222483
2021-05-24 09:55:58,987.25,222483
2021-05-24 09:55:59,987.25,222489
2021-05-24 09:55:59,987.25,222489
2021-05-24 09:56:00,987.25,222489
2021-05-24 09:56:00,987.25,222489
2021-05-24 09:56:01,987.25,222489
2021-05-24 09:56:01,987.25,222489
2021-05-24 09:56:02,986.75,222501
2021-05-24 09:56:02,986.75,222501
2021-05-24 09:56:03,987.35,222645
2021-05-24 09:56:03,987.35,222645
2021-05-24 09:56:04,987.35,222645
2021-05-24 09:56:04,987.35,222645
2021-05-24 09:56:05,987.35,222645
2021-05-24 09:56:06,986.8,222656
2021-05-24 09:56:05,987.35,222645
2021-05-24 09:56:06,986.8,222656
2021-05-24 09:56:07,986.8,222666
2021-05-24 09:56:09,987.4,222881
2021-05-24 09:56:07,986.8,222666
2021-05-24 09:56:09,987.4,222881
2021-05-24 09:56:10,987.4,222881
2021-05-24 09:56:10,987.4,222881
2021-05-24 09:56:10,987.4,222881
2021-05-24 09:56:10,987.4,222881
2021-05-24 09:56:11,987.45,222946
2021-05-24 09:56:11,987.45,222946
2021-05-24 09:56:12,987.45,222946
2021-05-24 09:56:12,987.45,222946
2021-05-24 09:56:13,987.5,223011
2021-05-24 09:56:13,987.5,223011
2021-05-24 09:56:14,987.5,223011
2021-05-24 09:56:14,987.5,223011
2021-05-24 09:56:15,987.35,223043
2021-05-24 09:56:15,987.35,223043
2021-05-24 09:56:17,986.85,223083
2021-05-24 09:56:18,987.5,223265
2021-05-24 09:56:17,986.85,223083
2021-05-24 09:56:19,987.5,223267
2021-05-24 09:56:18,987.5,223265
2021-05-24 09:56:20,987.0,223282
2021-05-24 09:56:19,987.5,223267
2021-05-24 09:56:21,987.0,223282
2021-05-24 09:56:20,987.0,223282
2021-05-24 09:56:22,987.05,223479
2021-05-24 09:56:21,987.0,223282
2021-05-24 09:56:22,987.05,223479
2021-05-24 09:56:23,987.5,223923
2021-05-24 09:56:24,987.0,224524
2021-05-24 09:56:23,987.5,223923
2021-05-24 09:56:24,987.0,224524
2021-05-24 09:56:31,987.0,224927
2021-05-24 09:56:32,987.0,224927
2021-05-24 09:56:31,987.0,224927
2021-05-24 09:56:32,987.0,224927
2021-05-24 09:56:33,987.0,224927
2021-05-24 09:56:34,987.0,224927
2021-05-24 09:56:33,987.0,224927
2021-05-24 09:56:34,987.0,224927
2021-05-24 09:56:35,986.85,225067
2021-05-24 09:56:35,986.85,225067
2021-05-24 09:56:36,987.0,225069
2021-05-24 09:56:37,987.0,225069
2021-05-24 09:56:37,987.0,225069
2021-05-24 09:56:36,987.0,225069
2021-05-24 09:56:38,986.8,225131
2021-05-24 09:56:37,987.0,225069
2021-05-24 09:56:39,986.8,225131
2021-05-24 09:56:37,987.0,225069
2021-05-24 09:56:40,986.8,225134
2021-05-24 09:56:41,986.8,225762
2021-05-24 09:56:38,986.8,225131
2021-05-24 09:56:39,986.8,225131
2021-05-24 09:56:40,986.8,225134
2021-05-24 09:56:42,986.8,225762
2021-05-24 09:56:41,986.8,225762
2021-05-24 09:56:42,986.8,225762
2021-05-24 09:56:46,986.8,225862
2021-05-24 09:56:46,986.8,225862
2021-05-24 09:56:51,987.0,225865
2021-05-24 09:56:51,987.0,225865
2021-05-24 09:56:55,987.05,226295
2021-05-24 09:56:55,987.05,226295
2021-05-24 09:57:00,987.0,226316
2021-05-24 09:57:00,987.0,226316
2021-05-24 09:57:09,986.5,226543
2021-05-24 09:57:09,986.5,226543
2021-05-24 09:57:13,986.4,226573
2021-05-24 09:57:13,986.4,226573
2021-05-24 09:57:18,986.5,226913
2021-05-24 09:57:18,986.5,226913
2021-05-24 09:57:22,986.3,226959
2021-05-24 09:57:22,986.3,226959
2021-05-24 09:57:27,986.3,226967
2021-05-24 09:57:27,986.3,226967
2021-05-24 09:57:31,986.1,227327
2021-05-24 09:57:31,986.1,227327
2021-05-24 09:57:35,986.3,227397
2021-05-24 09:57:35,986.3,227397
2021-05-24 09:57:40,986.75,227456
2021-05-24 09:57:40,986.75,227456
2021-05-24 09:57:44,986.75,227476
2021-05-24 09:57:44,986.75,227476
2021-05-24 09:57:49,986.2,227534
2021-05-24 09:57:49,986.2,227534
2021-05-24 09:57:54,986.45,227571
2021-05-24 09:57:54,986.45,227571
2021-05-24 09:57:58,986.45,227572
2021-05-24 09:57:58,986.45,227572
2021-05-24 09:58:02,986.1,227715
2021-05-24 09:58:02,986.1,227715
2021-05-24 09:58:06,986.35,227811
2021-05-24 09:58:06,986.35,227811
2021-05-24 09:58:10,986.0,229108
2021-05-24 09:58:10,986.0,229108
2021-05-24 09:58:15,986.0,229109
2021-05-24 09:58:15,986.0,229109
2021-05-24 09:58:20,986.0,229180
2021-05-24 09:58:20,986.0,229180
2021-05-24 09:58:24,986.0,229421
2021-05-24 09:58:24,986.0,229421
2021-05-24 09:58:28,986.0,229967
2021-05-24 09:58:28,986.0,229967
2021-05-24 09:58:37,986.05,230081
2021-05-24 09:58:37,986.05,230081
2021-05-24 09:58:41,986.0,230357
2021-05-24 09:58:41,986.0,230357
2021-05-24 09:58:45,986.0,230418
2021-05-24 09:58:45,986.0,230418
2021-05-24 09:58:49,986.0,230635
2021-05-24 09:58:49,986.0,230635
2021-05-24 09:58:52,986.1,230646
2021-05-24 09:58:52,986.1,230646
2021-05-24 09:58:56,986.5,230656
2021-05-24 09:58:56,986.5,230656
2021-05-24 09:59:01,986.1,230736
2021-05-24 09:59:01,986.1,230736
2021-05-24 09:59:05,986.05,231046
2021-05-24 09:59:05,986.05,231046
2021-05-24 09:59:09,986.25,231146
2021-05-24 09:59:09,986.25,231146
2021-05-24 09:59:14,985.55,231562
2021-05-24 09:59:14,985.55,231562
2021-05-24 09:59:18,985.55,231609
2021-05-24 09:59:18,985.55,231609
2021-05-24 09:59:23,985.25,232226
2021-05-24 09:59:23,985.25,232226
2021-05-24 09:59:28,985.4,232498
2021-05-24 09:59:28,985.4,232498
2021-05-24 09:59:33,985.4,232549
2021-05-24 09:59:33,985.4,232549
2021-05-24 09:59:37,985.4,232549
2021-05-24 09:59:37,985.4,232549
2021-05-24 09:59:41,985.05,232749
2021-05-24 09:59:41,985.05,232749
2021-05-24 09:59:46,985.4,232799
2021-05-24 09:59:46,985.4,232799
2021-05-24 09:59:50,985.05,234830
2021-05-24 09:59:50,985.05,234830
2021-05-24 09:59:55,985.0,235297
2021-05-24 09:59:55,985.0,235297
2021-05-24 10:00:00,985.0,235411
2021-05-24 10:00:00,985.0,235411
2021-05-24 10:00:05,984.9,235784
2021-05-24 10:00:05,984.9,235784
2021-05-24 10:00:10,984.6,236059
2021-05-24 10:00:10,984.6,236059
2021-05-24 10:00:15,984.1,236674
2021-05-24 10:00:15,984.1,236674
2021-05-24 10:00:20,984.1,237035
2021-05-24 10:00:20,984.1,237035
2021-05-24 10:00:25,984.25,237168
2021-05-24 10:00:25,984.25,237168
2021-05-24 10:00:30,983.75,238463
2021-05-24 10:00:30,983.75,238463
2021-05-24 10:00:35,985.0,240159
2021-05-24 10:00:35,985.0,240159
2021-05-24 10:00:40,985.0,240202
2021-05-24 10:00:40,985.0,240202
2021-05-24 10:00:44,985.0,240216
2021-05-24 10:00:44,985.0,240216
2021-05-24 10:00:49,984.75,240232
2021-05-24 10:00:49,984.75,240232
2021-05-24 10:00:54,984.75,240250
2021-05-24 10:00:54,984.75,240250
2021-05-24 10:00:58,985.0,240288
2021-05-24 10:00:58,985.0,240288
2021-05-24 10:01:02,984.75,240433
2021-05-24 10:01:02,984.75,240433
2021-05-24 10:01:07,985.1,241552
2021-05-24 10:01:07,985.1,241552
2021-05-24 10:01:11,985.1,241749
2021-05-24 10:01:11,985.1,241749
2021-05-24 10:01:16,985.25,241780
2021-05-24 10:01:16,985.25,241780
2021-05-24 10:01:21,985.3,241782
2021-05-24 10:01:21,985.3,241782
2021-05-24 10:01:25,985.0,241856
2021-05-24 10:01:25,985.0,241856
2021-05-24 10:01:30,984.8,241950
2021-05-24 10:01:30,984.8,241950
2021-05-24 10:01:34,984.55,242067
2021-05-24 10:01:34,984.55,242067
2021-05-24 10:01:39,984.35,242217
2021-05-24 10:01:39,984.35,242217
2021-05-24 10:01:44,984.75,242231
2021-05-24 10:01:44,984.75,242231
2021-05-24 10:01:45,984.75,242231
2021-05-24 10:01:45,984.75,242231
2021-05-24 10:01:46,984.5,242344
2021-05-24 10:01:46,984.5,242344
2021-05-24 10:01:47,984.0,243343
2021-05-24 10:01:47,984.0,243343
2021-05-24 10:01:48,984.0,243348
2021-05-24 10:01:48,984.0,243348
2021-05-24 10:01:49,984.45,243353
2021-05-24 10:01:49,984.45,243353
2021-05-24 10:01:50,984.45,243353
2021-05-24 10:01:50,984.45,243353
2021-05-24 10:01:51,984.0,243377
2021-05-24 10:01:51,984.0,243377
2021-05-24 10:01:52,984.0,243377
2021-05-24 10:01:52,984.0,243377
2021-05-24 10:01:53,984.0,243404
2021-05-24 10:01:53,984.0,243404
2021-05-24 10:01:54,984.0,243415
2021-05-24 10:01:54,984.0,243415
2021-05-24 10:01:55,984.0,243415
2021-05-24 10:01:55,984.0,243415
2021-05-24 10:01:56,984.0,243439
2021-05-24 10:01:56,984.0,243439
2021-05-24 10:01:57,984.1,243476
2021-05-24 10:01:57,984.1,243476
2021-05-24 10:01:58,984.1,243476
2021-05-24 10:01:58,984.1,243476
2021-05-24 10:01:59,984.5,243489
2021-05-24 10:01:59,984.5,243489
2021-05-24 10:02:00,984.5,243494
2021-05-24 10:02:00,984.5,243494
2021-05-24 10:02:01,984.25,243534
2021-05-24 10:02:01,984.25,243534
2021-05-24 10:02:02,984.05,243634
2021-05-24 10:02:02,984.05,243634
2021-05-24 10:02:03,984.0,243665
2021-05-24 10:02:03,984.0,243665
2021-05-24 10:02:05,984.25,243743
2021-05-24 10:02:05,984.25,243743
2021-05-24 10:02:06,984.0,243744
2021-05-24 10:02:06,984.0,243744
2021-05-24 10:02:08,984.0,243744
2021-05-24 10:02:08,984.0,243744
2021-05-24 10:02:09,984.25,243951
2021-05-24 10:02:09,984.25,243951
2021-05-24 10:02:10,984.35,243957
2021-05-24 10:02:10,984.35,243957
2021-05-24 10:02:12,984.4,243989
2021-05-24 10:02:11,984.4,243989
2021-05-24 10:02:13,984.05,244090
2021-05-24 10:02:12,984.4,243989
2021-05-24 10:02:11,984.4,243989
2021-05-24 10:02:13,984.05,244090
2021-05-24 10:02:14,984.4,244107
2021-05-24 10:02:14,984.4,244107
2021-05-24 10:02:15,984.05,244212
2021-05-24 10:02:15,984.05,244212
2021-05-24 10:02:17,984.05,244232
2021-05-24 10:02:17,984.05,244232
2021-05-24 10:02:18,984.05,244232
2021-05-24 10:02:18,984.05,244232
2021-05-24 10:02:19,984.4,244245
2021-05-24 10:02:19,984.4,244245
2021-05-24 10:02:20,984.4,244245
2021-05-24 10:02:20,984.4,244245
2021-05-24 10:02:21,984.4,244245
2021-05-24 10:02:21,984.4,244245
2021-05-24 10:02:22,984.4,244245
2021-05-24 10:02:22,984.4,244245
2021-05-24 10:02:24,984.4,244245
2021-05-24 10:02:24,984.4,244245
2021-05-24 10:02:25,984.4,244364
2021-05-24 10:02:25,984.4,244364
2021-05-24 10:02:26,984.4,244364
2021-05-24 10:02:26,984.4,244364
2021-05-24 10:02:27,984.4,244364
2021-05-24 10:02:27,984.4,244364
2021-05-24 10:02:28,984.4,244364
2021-05-24 10:02:28,984.4,244364
2021-05-24 10:02:29,984.4,244377
2021-05-24 10:02:29,984.4,244377
2021-05-24 10:02:30,984.4,244518
2021-05-24 10:02:30,984.4,244518
2021-05-24 10:02:31,984.55,244560
2021-05-24 10:02:31,984.55,244560
2021-05-24 10:02:32,984.55,244560
2021-05-24 10:02:32,984.55,244560
2021-05-24 10:02:34,984.55,244560
2021-05-24 10:02:34,984.55,244560
2021-05-24 10:02:35,984.8,244923
2021-05-24 10:02:35,984.8,244923
2021-05-24 10:02:36,984.8,244923
2021-05-24 10:02:36,984.8,244923
2021-05-24 10:02:37,984.8,244923
2021-05-24 10:02:37,984.8,244923
2021-05-24 10:02:40,984.25,245036
2021-05-24 10:02:40,984.25,245036
2021-05-24 10:02:39,984.75,244936
2021-05-24 10:02:39,984.75,244936
2021-05-24 10:02:42,984.7,245039
2021-05-24 10:02:42,984.7,245039
2021-05-24 10:02:44,984.7,245039
2021-05-24 10:02:44,984.7,245039
2021-05-24 10:02:45,984.4,245052
2021-05-24 10:02:45,984.4,245052
2021-05-24 10:02:46,984.4,245052
2021-05-24 10:02:46,984.4,245052
2021-05-24 10:02:47,984.4,245052
2021-05-24 10:02:47,984.4,245052
2021-05-24 10:02:48,984.4,245067
2021-05-24 10:02:48,984.4,245067
2021-05-24 10:02:49,984.4,245080
2021-05-24 10:02:49,984.4,245080
2021-05-24 10:02:50,984.4,245080
2021-05-24 10:02:50,984.4,245080
2021-05-24 10:02:51,984.4,245080
2021-05-24 10:02:51,984.4,245080
2021-05-24 10:02:52,984.45,245220
2021-05-24 10:02:52,984.45,245220
2021-05-24 10:02:53,984.45,245220
2021-05-24 10:02:53,984.45,245220
2021-05-24 10:02:54,984.6,245230
2021-05-24 10:02:54,984.6,245230
2021-05-24 10:02:55,984.2,245234
2021-05-24 10:02:55,984.2,245234
2021-05-24 10:02:56,984.2,245234
2021-05-24 10:02:56,984.2,245234
2021-05-24 10:02:57,984.2,245234
2021-05-24 10:02:57,984.2,245234
2021-05-24 10:02:58,984.2,245234
2021-05-24 10:02:58,984.2,245234
2021-05-24 10:02:59,984.75,245252
2021-05-24 10:02:59,984.75,245252
2021-05-24 10:03:00,984.7,245268
2021-05-24 10:03:00,984.7,245268
2021-05-24 10:03:02,984.7,245268
2021-05-24 10:03:02,984.7,245268
2021-05-24 10:03:03,984.6,245363
2021-05-24 10:03:03,984.6,245363
2021-05-24 10:03:04,984.8,245376
2021-05-24 10:03:04,984.8,245376
2021-05-24 10:03:05,984.8,245531
2021-05-24 10:03:05,984.8,245531
2021-05-24 10:03:06,984.8,245531
2021-05-24 10:03:06,984.8,245531
2021-05-24 10:03:07,984.8,245531
2021-05-24 10:03:07,984.8,245531
2021-05-24 10:03:08,984.8,245531
2021-05-24 10:03:09,984.8,245544
2021-05-24 10:03:08,984.8,245531
2021-05-24 10:03:09,984.8,245544
2021-05-24 10:03:10,984.8,245544
2021-05-24 10:03:10,984.8,245544
2021-05-24 10:03:11,984.8,245544
2021-05-24 10:03:11,984.8,245544
2021-05-24 10:03:12,984.8,245544
2021-05-24 10:03:12,984.8,245544
2021-05-24 10:03:13,984.8,245544
2021-05-24 10:03:13,984.8,245544
2021-05-24 10:03:14,984.6,245557
2021-05-24 10:03:14,984.6,245557
2021-05-24 10:03:15,984.6,245571
2021-05-24 10:03:15,984.6,245571
2021-05-24 10:03:16,984.6,245642
2021-05-24 10:03:16,984.6,245642
2021-05-24 10:03:17,984.6,245642
2021-05-24 10:03:17,984.6,245642
2021-05-24 10:03:18,984.6,245642
2021-05-24 10:03:18,984.6,245642
2021-05-24 10:03:20,984.9,246144
2021-05-24 10:03:20,984.9,246144
2021-05-24 10:03:19,984.6,245642
2021-05-24 10:03:19,984.6,245642
2021-05-24 10:03:21,984.2,246171
2021-05-24 10:03:21,984.2,246171
2021-05-24 10:03:22,984.2,246171
2021-05-24 10:03:23,984.2,246171
2021-05-24 10:03:22,984.2,246171
2021-05-24 10:03:23,984.2,246171
2021-05-24 10:03:24,984.7,246184
2021-05-24 10:03:24,984.7,246184
2021-05-24 10:03:25,984.7,246193
2021-05-24 10:03:25,984.7,246193
2021-05-24 10:03:26,984.7,246193
2021-05-24 10:03:26,984.7,246193
2021-05-24 10:03:27,984.2,246399
2021-05-24 10:03:27,984.2,246399
2021-05-24 10:03:28,984.65,246400
2021-05-24 10:03:28,984.65,246400
2021-05-24 10:03:30,984.7,246422
2021-05-24 10:03:29,984.7,246413
2021-05-24 10:03:30,984.7,246422
2021-05-24 10:03:29,984.7,246413
2021-05-24 10:03:35,984.9,247051
2021-05-24 10:03:35,984.9,247051
2021-05-24 10:03:36,984.45,247075
2021-05-24 10:03:36,984.45,247075
2021-05-24 10:03:37,984.45,247075
2021-05-24 10:03:37,984.45,247075
2021-05-24 10:03:38,985.3,247353
2021-05-24 10:03:38,985.3,247353
2021-05-24 10:03:39,985.35,247374
2021-05-24 10:03:39,985.35,247374
2021-05-24 10:03:40,985.6,248875
2021-05-24 10:03:40,985.6,248875
2021-05-24 10:03:42,985.75,248925
2021-05-24 10:03:42,985.75,248925
2021-05-24 10:03:43,985.75,248925
2021-05-24 10:03:43,985.75,248925
2021-05-24 10:03:44,985.75,248925
2021-05-24 10:03:44,985.75,248925
2021-05-24 10:03:45,985.45,249059
2021-05-24 10:03:45,985.45,249059
2021-05-24 10:03:46,985.45,249059
2021-05-24 10:03:46,985.45,249059
2021-05-24 10:03:48,985.45,249059
2021-05-24 10:03:48,985.45,249059
2021-05-24 10:03:48,985.45,249059
2021-05-24 10:03:48,985.45,249059
2021-05-24 10:03:49,985.45,249059
2021-05-24 10:03:49,985.45,249059
2021-05-24 10:03:50,985.45,249059
2021-05-24 10:03:50,985.45,249059
2021-05-24 10:03:51,985.45,249059
2021-05-24 10:03:51,985.45,249059
2021-05-24 10:03:52,985.4,249064
2021-05-24 10:03:52,985.4,249064
2021-05-24 10:03:53,985.4,249064
2021-05-24 10:03:53,985.4,249064
2021-05-24 10:03:54,985.4,249064
2021-05-24 10:03:54,985.4,249064
2021-05-24 10:03:55,985.4,249064
2021-05-24 10:03:55,985.4,249064
2021-05-24 10:03:56,984.95,249070
2021-05-24 10:03:56,984.95,249070
2021-05-24 10:03:58,984.95,249070
2021-05-24 10:03:58,984.95,249070
2021-05-24 10:03:58,984.95,249070
2021-05-24 10:03:58,984.95,249070
2021-05-24 10:03:59,984.95,249070
2021-05-24 10:03:59,984.95,249070
2021-05-24 10:04:00,984.95,249070
2021-05-24 10:04:00,984.95,249070
2021-05-24 10:04:01,984.95,249070
2021-05-24 10:04:01,984.95,249070
2021-05-24 10:04:02,984.95,249070
2021-05-24 10:04:02,984.95,249070
2021-05-24 10:04:04,985.45,249250
2021-05-24 10:04:04,985.45,249250
2021-05-24 10:04:05,985.45,249250
2021-05-24 10:04:05,985.45,249250
2021-05-24 10:04:06,985.45,249250
2021-05-24 10:04:06,985.45,249250
2021-05-24 10:04:07,985.45,249314
2021-05-24 10:04:07,985.45,249314
2021-05-24 10:04:08,985.05,249334
2021-05-24 10:04:08,985.05,249334
2021-05-24 10:04:09,985.4,249384
2021-05-24 10:04:09,985.4,249384
2021-05-24 10:04:10,985.0,250064
2021-05-24 10:04:10,985.0,250064
2021-05-24 10:04:12,985.3,250168
2021-05-24 10:04:12,985.3,250168
2021-05-24 10:04:12,985.3,250168
2021-05-24 10:04:13,985.3,250168
2021-05-24 10:04:14,985.3,250168
2021-05-24 10:04:15,985.3,250188
2021-05-24 10:04:12,985.3,250168
2021-05-24 10:04:13,985.3,250168
2021-05-24 10:04:14,985.3,250168
2021-05-24 10:04:15,985.3,250188
2021-05-24 10:04:16,985.3,250188
2021-05-24 10:04:16,985.3,250188
2021-05-24 10:04:17,985.3,250188
2021-05-24 10:04:17,985.3,250188
2021-05-24 10:04:18,985.55,250852
2021-05-24 10:04:18,985.55,250852
2021-05-24 10:04:19,985.85,250873
2021-05-24 10:04:19,985.85,250873
2021-05-24 10:04:21,985.35,250883
2021-05-24 10:04:21,985.35,250883
2021-05-24 10:04:22,985.35,250883
2021-05-24 10:04:24,985.55,250893
2021-05-24 10:04:24,985.55,250909
2021-05-24 10:04:22,985.35,250883
2021-05-24 10:04:24,985.55,250893
2021-05-24 10:04:25,985.55,250909
2021-05-24 10:04:24,985.55,250909
2021-05-24 10:04:26,985.25,251014
2021-05-24 10:04:25,985.55,250909
2021-05-24 10:04:27,985.85,251079
2021-05-24 10:04:26,985.25,251014
2021-05-24 10:04:28,985.85,251090
2021-05-24 10:04:27,985.85,251079
2021-05-24 10:04:28,985.85,251090
2021-05-24 10:04:29,985.85,251091
2021-05-24 10:04:29,985.85,251091
2021-05-24 10:04:30,985.85,251091
2021-05-24 10:04:30,985.85,251091
2021-05-24 10:04:31,985.85,251101
2021-05-24 10:04:31,985.85,251101
2021-05-24 10:04:32,985.9,251153
2021-05-24 10:04:33,985.85,251163
2021-05-24 10:04:32,985.9,251153
2021-05-24 10:04:33,985.85,251163
2021-05-24 10:04:34,985.85,251174
2021-05-24 10:04:35,985.85,251174
2021-05-24 10:04:34,985.85,251174
2021-05-24 10:04:35,985.85,251174
2021-05-24 10:04:38,985.85,251174
2021-05-24 10:04:39,985.5,251222
2021-05-24 10:04:38,985.85,251174
2021-05-24 10:04:39,985.5,251222
2021-05-24 10:04:40,985.85,251223
2021-05-24 10:04:40,985.85,251223
2021-05-24 10:04:41,985.85,251223
2021-05-24 10:04:42,985.85,251223
2021-05-24 10:04:41,985.85,251223
2021-05-24 10:04:42,985.85,251223
2021-05-24 10:04:43,985.85,251223
2021-05-24 10:04:44,985.65,251357
2021-05-24 10:04:43,985.85,251223
2021-05-24 10:04:44,985.65,251357
2021-05-24 10:04:45,985.65,251357
2021-05-24 10:04:46,985.65,251363
2021-05-24 10:04:45,985.65,251357
2021-05-24 10:04:48,985.15,251434
2021-05-24 10:04:46,985.65,251363
2021-05-24 10:04:48,985.15,251434
2021-05-24 10:04:49,985.15,251434
2021-05-24 10:04:49,985.15,251434
2021-05-24 10:04:49,985.15,251434
2021-05-24 10:04:50,985.15,251434
2021-05-24 10:04:51,985.15,251434
2021-05-24 10:04:49,985.15,251434
2021-05-24 10:04:50,985.15,251434
2021-05-24 10:04:51,985.15,251434
2021-05-24 10:04:53,985.5,251439
2021-05-24 10:04:52,985.5,251439
2021-05-24 10:04:53,985.5,251439
2021-05-24 10:04:52,985.5,251439
2021-05-24 10:04:54,985.85,251449
2021-05-24 10:04:54,985.85,251449
2021-05-24 10:04:55,985.85,251449
2021-05-24 10:04:55,985.85,251449
2021-05-24 10:04:56,985.2,251453
2021-05-24 10:04:57,985.2,251453
2021-05-24 10:04:56,985.2,251453
2021-05-24 10:04:57,985.2,251453
2021-05-24 10:05:00,985.35,251587
2021-05-24 10:05:00,985.35,251587
2021-05-24 10:05:00,985.35,251587
2021-05-24 10:05:02,985.35,251597
2021-05-24 10:05:00,985.35,251587
2021-05-24 10:05:03,985.35,251597
2021-05-24 10:05:02,985.35,251597
2021-05-24 10:05:04,985.35,251597
2021-05-24 10:05:05,985.35,251619
2021-05-24 10:05:06,985.5,251656
2021-05-24 10:05:03,985.35,251597
2021-05-24 10:05:04,985.35,251597
2021-05-24 10:05:07,985.5,251656
2021-05-24 10:05:05,985.35,251619
2021-05-24 10:05:06,985.5,251656
2021-05-24 10:05:07,985.5,251656
2021-05-24 10:05:08,985.5,251656
2021-05-24 10:05:08,985.5,251656
2021-05-24 10:05:11,985.4,251707
2021-05-24 10:05:11,985.4,251707
2021-05-24 10:05:11,985.8,251717
2021-05-24 10:05:12,985.4,251727
2021-05-24 10:05:13,985.4,251727
2021-05-24 10:05:11,985.8,251717
2021-05-24 10:05:14,985.4,251727
2021-05-24 10:05:12,985.4,251727
2021-05-24 10:05:13,985.4,251727
2021-05-24 10:05:14,985.4,251727
2021-05-24 10:05:15,985.9,251882
2021-05-24 10:05:15,985.9,251882
2021-05-24 10:05:16,985.9,251882
2021-05-24 10:05:16,985.9,251882
2021-05-24 10:05:17,985.9,251882
2021-05-24 10:05:17,985.9,251882
2021-05-24 10:05:18,985.9,251882
2021-05-24 10:05:18,985.9,251882
2021-05-24 10:05:19,985.5,251908
2021-05-24 10:05:19,985.5,251908
2021-05-24 10:05:20,985.5,251908
2021-05-24 10:05:20,985.5,251908
2021-05-24 10:05:21,985.65,251944
2021-05-24 10:05:21,985.65,251944
2021-05-24 10:05:23,985.9,251965
2021-05-24 10:05:23,985.9,251965
2021-05-24 10:05:24,985.9,251965
2021-05-24 10:05:24,985.9,251965
2021-05-24 10:05:25,985.9,251965
2021-05-24 10:05:25,985.9,251965
2021-05-24 10:05:26,985.9,251965
2021-05-24 10:05:26,985.9,251965
2021-05-24 10:05:27,985.5,251978
2021-05-24 10:05:27,985.5,251978
2021-05-24 10:05:28,985.9,252021
2021-05-24 10:05:28,985.9,252021
2021-05-24 10:05:29,985.9,252021
2021-05-24 10:05:29,985.9,252021
2021-05-24 10:05:30,986.0,252023
2021-05-24 10:05:30,986.0,252023
2021-05-24 10:05:31,986.0,252023
2021-05-24 10:05:31,986.0,252023
2021-05-24 10:05:32,986.0,252023
2021-05-24 10:05:32,986.0,252023
2021-05-24 10:05:33,986.0,252023
2021-05-24 10:05:33,986.0,252023
2021-05-24 10:05:34,986.0,252023
2021-05-24 10:05:34,986.0,252023
2021-05-24 10:05:35,986.0,252023
2021-05-24 10:05:35,986.0,252023
2021-05-24 10:05:36,986.0,252023
2021-05-24 10:05:36,986.0,252023
2021-05-24 10:05:37,985.25,252323
2021-05-24 10:05:38,985.25,252323
2021-05-24 10:05:37,985.25,252323
2021-05-24 10:05:38,985.25,252323
2021-05-24 10:05:40,985.25,252323
2021-05-24 10:05:40,985.25,252323
2021-05-24 10:05:41,985.25,252323
2021-05-24 10:05:41,985.25,252323
2021-05-24 10:05:43,985.55,252350
2021-05-24 10:05:43,985.55,252350
2021-05-24 10:05:44,985.65,252366
2021-05-24 10:05:44,985.65,252366
2021-05-24 10:05:45,985.65,252366
2021-05-24 10:05:45,985.65,252366
2021-05-24 10:05:46,985.5,252466
2021-05-24 10:05:46,985.5,252466
2021-05-24 10:05:48,985.85,252671
2021-05-24 10:05:48,985.85,252671
2021-05-24 10:05:49,985.85,252671
2021-05-24 10:05:49,985.85,252671
2021-05-24 10:05:50,985.85,252671
2021-05-24 10:05:50,985.85,252671
2021-05-24 10:05:52,985.85,252671
2021-05-24 10:05:52,985.85,252671
2021-05-24 10:05:53,985.85,252682
2021-05-24 10:05:53,985.85,252682
2021-05-24 10:05:54,985.85,252692
2021-05-24 10:05:54,985.85,252692
2021-05-24 10:05:55,986.0,252956
2021-05-24 10:05:55,986.0,252956
2021-05-24 10:05:55,986.0,252956
2021-05-24 10:05:55,986.0,252956
2021-05-24 10:05:57,986.0,252956
2021-05-24 10:05:57,986.0,252956
2021-05-24 10:05:59,986.0,252956
2021-05-24 10:05:59,986.0,252956
2021-05-24 10:06:01,986.0,252956
2021-05-24 10:06:01,986.0,252956
2021-05-24 10:06:01,986.0,252956
2021-05-24 10:06:01,986.0,252956
2021-05-24 10:06:02,985.55,252993
2021-05-24 10:06:02,985.55,252993
2021-05-24 10:06:04,985.75,253293
2021-05-24 10:06:04,985.75,253293
2021-05-24 10:06:05,985.75,253293
2021-05-24 10:06:05,985.75,253293
2021-05-24 10:06:06,986.0,253393
2021-05-24 10:06:06,986.0,253393
2021-05-24 10:06:07,986.0,253393
2021-05-24 10:06:07,986.0,253393
2021-05-24 10:06:08,986.0,253393
2021-05-24 10:06:08,986.0,253393
2021-05-24 10:06:09,986.45,254936
2021-05-24 10:06:09,986.45,254936
2021-05-24 10:06:10,986.5,254958
2021-05-24 10:06:10,986.5,254958
2021-05-24 10:06:11,986.5,254958
2021-05-24 10:06:11,986.5,254958
2021-05-24 10:06:13,986.5,254959
2021-05-24 10:06:13,986.5,254959
2021-05-24 10:06:14,986.5,254959
2021-05-24 10:06:14,986.5,254959
2021-05-24 10:06:15,986.5,254960
2021-05-24 10:06:15,986.5,254960
2021-05-24 10:06:15,986.5,254960
2021-05-24 10:06:15,986.5,254960
2021-05-24 10:06:16,986.5,255425
2021-05-24 10:06:16,986.5,255425
2021-05-24 10:06:18,986.5,255426
2021-05-24 10:06:18,986.5,255426
2021-05-24 10:06:19,986.5,255470
2021-05-24 10:06:19,986.5,255470
2021-05-24 10:06:21,986.3,256468
2021-05-24 10:06:21,986.3,256468
2021-05-24 10:06:22,986.3,256468
2021-05-24 10:06:22,986.3,256468
2021-05-24 10:06:23,986.3,256468
2021-05-24 10:06:23,986.3,256468
2021-05-24 10:06:24,986.3,256468
2021-05-24 10:06:24,986.3,256468
2021-05-24 10:06:25,986.3,256468
2021-05-24 10:06:25,986.3,256478
2021-05-24 10:06:25,986.3,256468
2021-05-24 10:06:25,986.3,256478
2021-05-24 10:06:27,986.3,256479
2021-05-24 10:06:27,986.3,256479
2021-05-24 10:06:28,986.45,256554
2021-05-24 10:06:28,986.45,256554
2021-05-24 10:06:29,986.3,256564
2021-05-24 10:06:29,986.3,256564
2021-05-24 10:06:29,986.3,256564
2021-05-24 10:06:29,986.3,256564
2021-05-24 10:06:30,986.3,256564
2021-05-24 10:06:30,986.3,256564
2021-05-24 10:06:32,986.3,256564
2021-05-24 10:06:32,986.3,256564
2021-05-24 10:06:34,986.3,256564
2021-05-24 10:06:34,986.3,256564
2021-05-24 10:06:36,986.3,256569
2021-05-24 10:06:36,986.3,256569
2021-05-24 10:06:37,986.6,256600
2021-05-24 10:06:37,986.6,256600
2021-05-24 10:06:38,987.0,256648
2021-05-24 10:06:38,987.0,256648
2021-05-24 10:06:39,986.65,256653
2021-05-24 10:06:39,986.65,256653
2021-05-24 10:06:40,987.0,256673
2021-05-24 10:06:40,987.0,256673
2021-05-24 10:06:42,987.0,256673
2021-05-24 10:06:42,987.0,256673
2021-05-24 10:06:43,987.0,256673
2021-05-24 10:06:43,987.0,256673
2021-05-24 10:06:44,987.0,256673
2021-05-24 10:06:44,987.0,256673
2021-05-24 10:06:45,987.0,256673
2021-05-24 10:06:45,987.0,256673
2021-05-24 10:06:47,986.65,256683
2021-05-24 10:06:47,986.65,256683
2021-05-24 10:06:48,986.65,256683
2021-05-24 10:06:48,986.65,256683
2021-05-24 10:06:50,987.15,257913
2021-05-24 10:06:50,987.15,257913
2021-05-24 10:06:51,987.1,257963
2021-05-24 10:06:51,987.1,257963
2021-05-24 10:06:52,987.1,258014
2021-05-24 10:06:52,987.1,258014
2021-05-24 10:06:53,987.1,258014
2021-05-24 10:06:53,987.1,258014
2021-05-24 10:06:54,987.1,258014
2021-05-24 10:06:54,987.1,258014
2021-05-24 10:06:55,987.2,258093
2021-05-24 10:06:55,987.2,258093
2021-05-24 10:06:55,987.2,258093
2021-05-24 10:06:55,987.2,258093
2021-05-24 10:06:56,987.0,258179
2021-05-24 10:06:56,987.0,258179
2021-05-24 10:06:59,987.1,258329
2021-05-24 10:06:59,987.1,258329
2021-05-24 10:07:00,986.65,258459
2021-05-24 10:07:00,986.65,258459
2021-05-24 10:07:01,986.65,258459
2021-05-24 10:07:01,986.65,258459
2021-05-24 10:07:02,986.65,258459
2021-05-24 10:07:02,986.65,258459
2021-05-24 10:07:03,986.85,258489
2021-05-24 10:07:03,986.85,258489
2021-05-24 10:07:04,986.85,258489
2021-05-24 10:07:05,987.1,258539
2021-05-24 10:07:04,986.85,258489
2021-05-24 10:07:06,987.1,258546
2021-05-24 10:07:05,987.1,258539
2021-05-24 10:07:08,987.2,258928
2021-05-24 10:07:06,987.1,258546
2021-05-24 10:07:08,987.2,258928
2021-05-24 10:07:09,987.2,258928
2021-05-24 10:07:09,987.2,258928
2021-05-24 10:07:09,987.2,258928
2021-05-24 10:07:09,987.2,258928
2021-05-24 10:07:10,987.2,258928
2021-05-24 10:07:10,987.2,258928
2021-05-24 10:07:12,987.2,258978
2021-05-24 10:07:12,987.2,258978
2021-05-24 10:07:14,987.05,260703
2021-05-24 10:07:14,987.05,260703
2021-05-24 10:07:15,986.75,260715
2021-05-24 10:07:15,986.75,260715
2021-05-24 10:07:19,987.05,261370
2021-05-24 10:07:19,987.05,261370
2021-05-24 10:07:20,987.05,261370
2021-05-24 10:07:20,987.05,261370
2021-05-24 10:07:21,987.2,262373
2021-05-24 10:07:21,987.2,262373
2021-05-24 10:07:22,987.2,262373
2021-05-24 10:07:22,987.2,262373
2021-05-24 10:07:23,987.3,262873
2021-05-24 10:07:23,987.3,262873
2021-05-24 10:07:24,987.3,262873
2021-05-24 10:07:24,987.3,262873
2021-05-24 10:07:25,987.3,262873
2021-05-24 10:07:25,987.3,262873
2021-05-24 10:07:26,987.3,262873
2021-05-24 10:07:26,987.3,262873
2021-05-24 10:07:28,987.2,262875
2021-05-24 10:07:28,987.2,262875
2021-05-24 10:07:29,987.05,262920
2021-05-24 10:07:29,987.05,262920
2021-05-24 10:07:29,987.05,262920
2021-05-24 10:07:29,987.05,262920
2021-05-24 10:07:31,987.0,262926
2021-05-24 10:07:31,987.0,262926
2021-05-24 10:07:32,987.15,263072
2021-05-24 10:07:32,987.15,263072
2021-05-24 10:07:33,987.15,263072
2021-05-24 10:07:33,987.15,263072
2021-05-24 10:07:35,987.15,263072
2021-05-24 10:07:35,987.15,263072
2021-05-24 10:07:37,987.15,263072
2021-05-24 10:07:37,987.15,263072
2021-05-24 10:07:38,987.2,263172
2021-05-24 10:07:38,987.2,263172
2021-05-24 10:07:39,987.0,263216
2021-05-24 10:07:38,987.2,263172
2021-05-24 10:07:38,987.2,263172
2021-05-24 10:07:39,987.0,263216
2021-05-24 10:07:40,987.0,263216
2021-05-24 10:07:40,987.0,263216
2021-05-24 10:07:41,986.75,263510
2021-05-24 10:07:41,986.75,263510
2021-05-24 10:07:42,986.85,263585
2021-05-24 10:07:42,986.85,263585
2021-05-24 10:07:44,986.85,263595
2021-05-24 10:07:44,986.85,263595
2021-05-24 10:07:47,986.85,263601
2021-05-24 10:07:47,986.85,263601
2021-05-24 10:07:48,987.0,263701
2021-05-24 10:07:48,987.0,263701
2021-05-24 10:07:49,987.0,263701
2021-05-24 10:07:49,987.0,263701
2021-05-24 10:07:49,987.0,263701
2021-05-24 10:07:49,987.0,263701
2021-05-24 10:07:51,986.85,263846
2021-05-24 10:07:51,986.85,263846
2021-05-24 10:07:51,986.85,263846
2021-05-24 10:07:53,986.8,263856
2021-05-24 10:07:51,986.85,263846
2021-05-24 10:07:53,986.8,263856
2021-05-24 10:07:53,986.8,263857
2021-05-24 10:07:53,986.8,263857
2021-05-24 10:07:54,986.4,264707
2021-05-24 10:07:54,986.4,264707
2021-05-24 10:07:55,986.4,264707
2021-05-24 10:07:55,986.4,264707
2021-05-24 10:07:56,986.4,264707
2021-05-24 10:07:56,986.4,264707
2021-05-24 10:07:58,986.4,264707
2021-05-24 10:07:58,986.4,264707
2021-05-24 10:07:59,986.95,264827
2021-05-24 10:07:59,986.95,264827
2021-05-24 10:08:01,986.95,264827
2021-05-24 10:08:01,986.95,264827
2021-05-24 10:08:02,986.95,264927
2021-05-24 10:08:02,986.95,264927
2021-05-24 10:08:03,986.85,265707
2021-05-24 10:08:03,986.85,265707
2021-05-24 10:08:04,987.0,265738
2021-05-24 10:08:04,987.0,265738
2021-05-24 10:08:05,987.0,265785
2021-05-24 10:08:05,987.0,265785
2021-05-24 10:08:06,987.0,265785
2021-05-24 10:08:06,987.0,265785
2021-05-24 10:08:06,987.0,265785
2021-05-24 10:08:06,987.0,265785
2021-05-24 10:08:07,987.0,265785
2021-05-24 10:08:07,987.0,265785
2021-05-24 10:08:08,986.85,266385
2021-05-24 10:08:08,986.85,266385
2021-05-24 10:08:09,986.85,266385
2021-05-24 10:08:09,986.85,266385
2021-05-24 10:08:10,986.85,266401
2021-05-24 10:08:10,986.85,266401
2021-05-24 10:08:11,986.85,266401
2021-05-24 10:08:11,986.85,266401
2021-05-24 10:08:12,986.85,266401
2021-05-24 10:08:14,987.0,266512
2021-05-24 10:08:12,986.85,266401
2021-05-24 10:08:14,987.0,266512
2021-05-24 10:08:15,987.2,266562
2021-05-24 10:08:15,987.2,266562
2021-05-24 10:08:18,987.3,267844
2021-05-24 10:08:18,987.3,267844
2021-05-24 10:08:19,987.2,268044
2021-05-24 10:08:19,987.2,268044
2021-05-24 10:08:20,987.3,268174
2021-05-24 10:08:20,987.3,268174
2021-05-24 10:08:21,986.85,268175
2021-05-24 10:08:21,986.85,268175
2021-05-24 10:08:21,986.85,268175
2021-05-24 10:08:21,986.85,268175
2021-05-24 10:08:22,986.85,268175
2021-05-24 10:08:22,986.85,268175
2021-05-24 10:08:23,986.9,268325
2021-05-24 10:08:23,986.9,268325
2021-05-24 10:08:24,987.5,268825
2021-05-24 10:08:24,987.5,268825
2021-05-24 10:08:26,987.0,269085
2021-05-24 10:08:26,987.0,269085
2021-05-24 10:08:27,987.0,269085
2021-05-24 10:08:27,987.0,269085
2021-05-24 10:08:28,987.2,269086
2021-05-24 10:08:28,987.2,269086
2021-05-24 10:08:30,986.95,269119
2021-05-24 10:08:30,986.95,269119
2021-05-24 10:08:31,986.95,269119
2021-05-24 10:08:31,986.95,269119
2021-05-24 10:08:32,986.95,269119
2021-05-24 10:08:32,986.95,269119
2021-05-24 10:08:33,987.0,269222
2021-05-24 10:08:33,987.0,269222
2021-05-24 10:08:33,987.0,269222
2021-05-24 10:08:33,987.0,269222
2021-05-24 10:08:34,987.45,269252
2021-05-24 10:08:34,987.45,269252
2021-05-24 10:08:36,987.0,270388
2021-05-24 10:08:36,987.0,270388
2021-05-24 10:08:37,987.5,270420
2021-05-24 10:08:37,987.5,270420
2021-05-24 10:08:38,987.5,270420
2021-05-24 10:08:38,987.5,270420
2021-05-24 10:08:39,987.5,270420
2021-05-24 10:08:39,987.5,270420
2021-05-24 10:08:40,987.5,270420
2021-05-24 10:08:40,987.5,270420
2021-05-24 10:08:41,987.0,270505
2021-05-24 10:08:41,987.0,270505
2021-05-24 10:08:43,987.0,270511
2021-05-24 10:08:43,987.0,270511
2021-05-24 10:08:44,987.0,270521
2021-05-24 10:08:44,987.0,270521
2021-05-24 10:08:45,987.0,270605
2021-05-24 10:08:45,987.0,270605
2021-05-24 10:08:45,987.0,270605
2021-05-24 10:08:45,987.0,270605
2021-05-24 10:08:46,987.0,270605
2021-05-24 10:08:46,987.0,270605
2021-05-24 10:08:48,986.9,270616
2021-05-24 10:08:48,986.9,270616
2021-05-24 10:08:49,986.9,270616
2021-05-24 10:08:49,986.9,270616
2021-05-24 10:08:50,986.9,270616
2021-05-24 10:08:50,986.9,270616
2021-05-24 10:08:51,986.9,270616
2021-05-24 10:08:51,986.9,270616
2021-05-24 10:08:52,987.0,270827
2021-05-24 10:08:52,987.0,270827
2021-05-24 10:08:54,987.5,270850
2021-05-24 10:08:54,987.5,270850
2021-05-24 10:08:56,987.0,270885
2021-05-24 10:08:56,987.0,270885
2021-05-24 10:08:58,987.0,270885
2021-05-24 10:08:58,987.0,270885
2021-05-24 10:08:59,987.05,271132
2021-05-24 10:08:59,987.05,271132
2021-05-24 10:09:00,987.05,271162
2021-05-24 10:09:00,987.05,271162
2021-05-24 10:09:01,987.2,271762
2021-05-24 10:09:01,987.2,271762
2021-05-24 10:09:02,987.0,271837
2021-05-24 10:09:02,987.0,271837
2021-05-24 10:09:03,987.15,271887
2021-05-24 10:09:03,987.15,271887
2021-05-24 10:09:04,986.6,272124
2021-05-24 10:09:04,986.6,272124
2021-05-24 10:09:05,986.65,272144
2021-05-24 10:09:05,986.65,272144
2021-05-24 10:09:06,987.05,272161
2021-05-24 10:09:06,987.05,272161
2021-05-24 10:09:07,987.2,272181
2021-05-24 10:09:07,987.2,272181
2021-05-24 10:09:08,987.2,272181
2021-05-24 10:09:08,987.2,272181
2021-05-24 10:09:09,987.2,272181
2021-05-24 10:09:09,987.2,272181
2021-05-24 10:09:10,986.65,272192
2021-05-24 10:09:10,986.65,272192
2021-05-24 10:09:11,987.0,272202
2021-05-24 10:09:11,987.0,272202
2021-05-24 10:09:13,986.45,272860
2021-05-24 10:09:13,986.45,272860
2021-05-24 10:09:14,986.3,272968
2021-05-24 10:09:14,986.3,272968
2021-05-24 10:09:15,986.3,272968
2021-05-24 10:09:16,986.4,273066
2021-05-24 10:09:15,986.3,272968
2021-05-24 10:09:16,986.4,273066
2021-05-24 10:09:17,986.6,273131
2021-05-24 10:09:18,986.6,273131
2021-05-24 10:09:17,986.6,273131
2021-05-24 10:09:18,986.6,273131
2021-05-24 10:09:19,986.6,273131
2021-05-24 10:09:19,986.6,273131
2021-05-24 10:09:19,986.6,273131
2021-05-24 10:09:19,986.6,273131
2021-05-24 10:09:20,986.6,273131
2021-05-24 10:09:20,986.6,273131
2021-05-24 10:09:21,986.6,273131
2021-05-24 10:09:21,986.6,273131
2021-05-24 10:09:22,986.35,273137
2021-05-24 10:09:22,986.35,273137
2021-05-24 10:09:24,986.2,273270
2021-05-24 10:09:24,986.2,273270
2021-05-24 10:09:25,986.15,273598
2021-05-24 10:09:25,986.15,273598
2021-05-24 10:09:27,986.15,273598
2021-05-24 10:09:27,986.15,273598
2021-05-24 10:09:28,986.15,273598
2021-05-24 10:09:29,986.55,273798
2021-05-24 10:09:28,986.15,273598
2021-05-24 10:09:29,986.55,273798
2021-05-24 10:09:30,986.55,273798
2021-05-24 10:09:30,986.55,273798
2021-05-24 10:09:31,986.55,273798
2021-05-24 10:09:31,986.55,273798
2021-05-24 10:09:32,986.55,273798
2021-05-24 10:09:32,986.55,273798
2021-05-24 10:09:33,986.55,273798
2021-05-24 10:09:33,986.55,273798
2021-05-24 10:09:34,986.55,273798
2021-05-24 10:09:34,986.55,273798
2021-05-24 10:09:35,986.55,273798
2021-05-24 10:09:35,986.55,273798
2021-05-24 10:09:36,986.05,273799
2021-05-24 10:09:36,986.05,273799
2021-05-24 10:09:37,986.05,273799
2021-05-24 10:09:37,986.05,273799
2021-05-24 10:09:39,985.85,275521
2021-05-24 10:09:39,985.85,275521
2021-05-24 10:09:40,985.85,275521
2021-05-24 10:09:40,985.85,275521
2021-05-24 10:09:41,985.85,275521
2021-05-24 10:09:41,985.85,275521
2021-05-24 10:09:42,985.85,275521
2021-05-24 10:09:42,985.85,275521
2021-05-24 10:09:43,985.8,275586
2021-05-24 10:09:43,985.8,275586
2021-05-24 10:09:44,985.8,275586
2021-05-24 10:09:44,985.8,275586
2021-05-24 10:09:46,986.25,276239
2021-05-24 10:09:46,986.25,276239
2021-05-24 10:09:47,986.05,276279
2021-05-24 10:09:48,986.05,276279
2021-05-24 10:09:47,986.05,276279
2021-05-24 10:09:49,986.35,276289
2021-05-24 10:09:48,986.05,276279
2021-05-24 10:09:50,986.35,276289
2021-05-24 10:09:49,986.35,276289
2021-05-24 10:09:51,986.55,276291
2021-05-24 10:09:52,986.55,276291
2021-05-24 10:09:50,986.35,276289
2021-05-24 10:09:51,986.55,276291
2021-05-24 10:09:53,986.55,276291
2021-05-24 10:09:53,986.55,276291
2021-05-24 10:09:52,986.55,276291
2021-05-24 10:09:53,986.55,276291
2021-05-24 10:09:53,986.55,276291
2021-05-24 10:09:54,986.5,276333
2021-05-24 10:09:54,986.5,276333
2021-05-24 10:09:55,986.5,277010
2021-05-24 10:09:55,986.5,277010
2021-05-24 10:09:56,986.05,277030
2021-05-24 10:09:56,986.05,277030
2021-05-24 10:09:57,986.05,277030
2021-05-24 10:09:57,986.05,277030
2021-05-24 10:09:58,986.05,277030
2021-05-24 10:09:58,986.05,277030
2021-05-24 10:10:00,986.5,277031
2021-05-24 10:10:00,986.5,277031
2021-05-24 10:10:01,986.5,277031
2021-05-24 10:10:01,986.5,277031
2021-05-24 10:10:02,986.25,277076
2021-05-24 10:10:02,986.25,277076
2021-05-24 10:10:02,986.25,277076
2021-05-24 10:10:03,986.5,277087
2021-05-24 10:10:02,986.25,277076
2021-05-24 10:10:03,986.5,277087
2021-05-24 10:10:04,986.5,277087
2021-05-24 10:10:04,986.5,277087
2021-05-24 10:10:05,986.15,277092
2021-05-24 10:10:05,986.15,277092
2021-05-24 10:10:06,986.15,277092
2021-05-24 10:10:06,986.15,277092
2021-05-24 10:10:07,986.15,277092
2021-05-24 10:10:07,986.15,277092
2021-05-24 10:10:09,986.15,277092
2021-05-24 10:10:09,986.15,277092
2021-05-24 10:10:10,986.5,277093
2021-05-24 10:10:10,986.5,277093
2021-05-24 10:10:11,986.5,277093
2021-05-24 10:10:11,986.5,277093
2021-05-24 10:10:13,986.5,277134
2021-05-24 10:10:14,986.5,277134
2021-05-24 10:10:15,986.5,277155
2021-05-24 10:10:13,986.5,277134
2021-05-24 10:10:16,986.5,277155
2021-05-24 10:10:14,986.5,277134
2021-05-24 10:10:15,986.5,277155
2021-05-24 10:10:16,986.5,277155
2021-05-24 10:10:17,986.5,277155
2021-05-24 10:10:17,986.5,277155
2021-05-24 10:10:18,986.5,277155
2021-05-24 10:10:18,986.5,277155
2021-05-24 10:10:19,986.5,277158
2021-05-24 10:10:19,986.5,277158
2021-05-24 10:10:19,986.5,277158
2021-05-24 10:10:19,986.5,277158
2021-05-24 10:10:20,986.5,277158
2021-05-24 10:10:20,986.5,277158
2021-05-24 10:10:22,986.3,277178
2021-05-24 10:10:22,986.3,277178
2021-05-24 10:10:23,986.3,277183
2021-05-24 10:10:23,986.3,277183
2021-05-24 10:10:25,986.15,277283
2021-05-24 10:10:25,986.15,277283
2021-05-24 10:10:26,986.35,277285
2021-05-24 10:10:26,986.35,277285
2021-05-24 10:10:28,986.35,277328
2021-05-24 10:10:28,986.35,277328
2021-05-24 10:10:29,986.35,277328
2021-05-24 10:10:29,986.35,277328
2021-05-24 10:10:29,986.35,277328
2021-05-24 10:10:29,986.35,277328
2021-05-24 10:10:30,986.5,277349
2021-05-24 10:10:30,986.5,277349
2021-05-24 10:10:31,986.5,277349
2021-05-24 10:10:31,986.5,277349
2021-05-24 10:10:32,986.5,277349
2021-05-24 10:10:32,986.5,277349
2021-05-24 10:10:33,986.35,277369
2021-05-24 10:10:34,986.35,277369
2021-05-24 10:10:33,986.35,277369
2021-05-24 10:10:34,986.35,277369
2021-05-24 10:10:36,986.35,277369
2021-05-24 10:10:36,986.35,277369
2021-05-24 10:10:37,986.5,277372
2021-05-24 10:10:37,986.5,277372
2021-05-24 10:10:38,986.5,277372
2021-05-24 10:10:38,986.5,277372
2021-05-24 10:10:39,986.5,277372
2021-05-24 10:10:39,986.5,277372
2021-05-24 10:10:40,986.5,277372
2021-05-24 10:10:41,986.5,277372
2021-05-24 10:10:40,986.5,277372
2021-05-24 10:10:41,986.5,277372
2021-05-24 10:10:42,986.4,277390
2021-05-24 10:10:43,986.4,277390
2021-05-24 10:10:42,986.4,277390
2021-05-24 10:10:43,986.4,277390
2021-05-24 10:10:44,986.4,277390
2021-05-24 10:10:45,986.4,277417
2021-05-24 10:10:44,986.4,277390
2021-05-24 10:10:45,986.4,277417
2021-05-24 10:10:47,986.6,277727
2021-05-24 10:10:47,986.6,277727
2021-05-24 10:10:48,986.8,277769
2021-05-24 10:10:48,986.8,277769
2021-05-24 10:10:49,986.8,277769
2021-05-24 10:10:49,986.8,277769
2021-05-24 10:10:50,986.8,277779
2021-05-24 10:10:50,986.8,277779
2021-05-24 10:10:51,986.8,277779
2021-05-24 10:10:51,986.8,277779
2021-05-24 10:10:52,986.8,277824
2021-05-24 10:10:52,986.8,277824
2021-05-24 10:10:53,987.0,277859
2021-05-24 10:10:53,987.0,277859
2021-05-24 10:10:54,987.3,279859
2021-05-24 10:10:54,987.3,279859
2021-05-24 10:10:55,987.45,280308
2021-05-24 10:10:55,987.45,280308
2021-05-24 10:10:55,987.45,280308
2021-05-24 10:10:55,987.45,280308
2021-05-24 10:10:56,987.45,280308
2021-05-24 10:10:56,987.45,280308
2021-05-24 10:10:57,987.45,280377
2021-05-24 10:10:57,987.45,280377
2021-05-24 10:10:59,987.45,280377
2021-05-24 10:10:59,987.45,280377
2021-05-24 10:10:59,987.45,280377
2021-05-24 10:10:59,987.45,280377
2021-05-24 10:11:01,986.85,280877
2021-05-24 10:11:01,986.85,280877
2021-05-24 10:11:02,987.35,281177
2021-05-24 10:11:02,987.35,281177
2021-05-24 10:11:04,986.8,281264
2021-05-24 10:11:04,986.8,281264
2021-05-24 10:11:05,986.8,281264
2021-05-24 10:11:05,986.8,281264
2021-05-24 10:11:06,986.8,281264
2021-05-24 10:11:06,986.8,281264
2021-05-24 10:11:07,987.3,281298
2021-05-24 10:11:07,987.3,281298
2021-05-24 10:11:08,987.3,281298
2021-05-24 10:11:08,987.3,281298
2021-05-24 10:11:09,987.3,281298
2021-05-24 10:11:10,987.3,281298
2021-05-24 10:11:09,987.3,281298
2021-05-24 10:11:10,987.3,281298
2021-05-24 10:11:11,986.55,281458
2021-05-24 10:11:11,986.55,281458
2021-05-24 10:11:12,986.85,281568
2021-05-24 10:11:12,986.85,281568
2021-05-24 10:11:13,987.0,281588
2021-05-24 10:11:13,987.0,281588
2021-05-24 10:11:16,987.0,281609
2021-05-24 10:11:16,987.0,281609
2021-05-24 10:11:17,987.3,281839
2021-05-24 10:11:17,987.3,281839
2021-05-24 10:11:18,987.45,281842
2021-05-24 10:11:18,987.45,281842
2021-05-24 10:11:19,987.45,281842
2021-05-24 10:11:19,987.45,281842
2021-05-24 10:11:20,987.45,281842
2021-05-24 10:11:20,987.35,281887
2021-05-24 10:11:20,987.45,281842
2021-05-24 10:11:20,987.35,281887
2021-05-24 10:11:21,987.45,281939
2021-05-24 10:11:22,987.5,282239
2021-05-24 10:11:24,987.3,282740
2021-05-24 10:11:21,987.45,281939
2021-05-24 10:11:22,987.5,282239
2021-05-24 10:11:25,987.5,282785
2021-05-24 10:11:24,987.3,282740
2021-05-24 10:11:25,987.5,282785
2021-05-24 10:11:27,987.3,283411
2021-05-24 10:11:27,987.3,283411
2021-05-24 10:11:28,987.45,283536
2021-05-24 10:11:28,987.45,283536
2021-05-24 10:11:29,987.45,283536
2021-05-24 10:11:29,987.45,283536
2021-05-24 10:11:30,987.45,283536
2021-05-24 10:11:30,987.45,283536
2021-05-24 10:11:31,987.45,283536
2021-05-24 10:11:31,987.45,283536
2021-05-24 10:11:32,987.45,283536
2021-05-24 10:11:32,987.45,283536
2021-05-24 10:11:33,987.45,283627
2021-05-24 10:11:33,987.45,283627
2021-05-24 10:11:34,987.45,283627
2021-05-24 10:11:34,987.45,283627
2021-05-24 10:11:35,987.45,283631
2021-05-24 10:11:35,987.45,283631
2021-05-24 10:11:36,987.45,283631
2021-05-24 10:11:36,987.45,283631
2021-05-24 10:11:37,987.3,283686
2021-05-24 10:11:37,987.3,283686
2021-05-24 10:11:38,987.35,283781
2021-05-24 10:11:38,987.35,283781
2021-05-24 10:11:39,987.9,286213
2021-05-24 10:11:39,987.9,286213
2021-05-24 10:11:40,987.75,286231
2021-05-24 10:11:40,987.75,286231
2021-05-24 10:11:40,987.8,286246
2021-05-24 10:11:40,987.8,286246
2021-05-24 10:11:41,987.95,286869
2021-05-24 10:11:41,987.95,286869
2021-05-24 10:11:43,988.15,293035
2021-05-24 10:11:43,988.15,293035
2021-05-24 10:11:44,988.55,293311
2021-05-24 10:11:44,988.55,293311
2021-05-24 10:11:45,987.9,293811
2021-05-24 10:11:45,987.9,293811
2021-05-24 10:11:46,988.5,294118
2021-05-24 10:11:46,988.5,294118
2021-05-24 10:11:47,988.5,294118
2021-05-24 10:11:47,988.5,294118
2021-05-24 10:11:48,988.5,294118
2021-05-24 10:11:49,988.5,294177
2021-05-24 10:11:48,988.5,294118
2021-05-24 10:11:50,988.5,294202
2021-05-24 10:11:51,987.95,294534
2021-05-24 10:11:52,988.45,294604
2021-05-24 10:11:49,988.5,294177
2021-05-24 10:11:50,988.5,294202
2021-05-24 10:11:53,988.0,294729
2021-05-24 10:11:51,987.95,294534
2021-05-24 10:11:54,988.45,294869
2021-05-24 10:11:52,988.45,294604
2021-05-24 10:11:54,988.45,294869
2021-05-24 10:11:53,988.0,294729
2021-05-24 10:11:55,988.4,294919
2021-05-24 10:11:54,988.45,294869
2021-05-24 10:11:54,988.45,294869
2021-05-24 10:11:57,988.0,294981
2021-05-24 10:11:55,988.4,294919
2021-05-24 10:11:58,987.95,295131
2021-05-24 10:11:59,988.45,295231
2021-05-24 10:12:00,988.45,295281
2021-05-24 10:12:01,987.95,295283
2021-05-24 10:11:57,988.0,294981
2021-05-24 10:12:02,987.85,295932
2021-05-24 10:11:58,987.95,295131
2021-05-24 10:12:03,988.1,296037
2021-05-24 10:11:59,988.45,295231
2021-05-24 10:12:04,988.2,296252
2021-05-24 10:12:00,988.45,295281
2021-05-24 10:12:01,987.95,295283
2021-05-24 10:12:05,988.2,296262
2021-05-24 10:12:02,987.85,295932
2021-05-24 10:12:03,988.1,296037
2021-05-24 10:12:06,988.05,297322
2021-05-24 10:12:04,988.2,296252
2021-05-24 10:12:07,987.85,298652
2021-05-24 10:12:07,987.85,298652
2021-05-24 10:12:08,988.05,301987
2021-05-24 10:12:05,988.2,296262
2021-05-24 10:12:06,988.05,297322
2021-05-24 10:12:07,987.85,298652
2021-05-24 10:12:07,987.85,298652
2021-05-24 10:12:08,988.05,301987
2021-05-24 10:12:09,988.4,302001
2021-05-24 10:12:09,988.4,302001
2021-05-24 10:12:10,988.05,302030
2021-05-24 10:12:11,988.2,302040
2021-05-24 10:12:12,988.2,302040
2021-05-24 10:12:10,988.05,302030
2021-05-24 10:12:11,988.2,302040
2021-05-24 10:12:12,988.2,302040
2021-05-24 10:12:14,987.8,302095
2021-05-24 10:12:14,987.8,302095
2021-05-24 10:12:15,987.85,302147
2021-05-24 10:12:14,987.8,302095
2021-05-24 10:12:14,987.8,302095
2021-05-24 10:12:17,987.85,302147
2021-05-24 10:12:18,988.35,303084
2021-05-24 10:12:15,987.85,302147
2021-05-24 10:12:17,987.85,302147
2021-05-24 10:12:18,988.35,303084
2021-05-24 10:12:19,988.35,303084
2021-05-24 10:12:19,988.35,303084
2021-05-24 10:12:20,988.35,303184
2021-05-24 10:12:20,988.35,303184
2021-05-24 10:12:21,988.4,303209
2021-05-24 10:12:21,988.4,303209
2021-05-24 10:12:22,988.45,303283
2021-05-24 10:12:22,988.45,303283
2021-05-24 10:12:24,988.5,303334
2021-05-24 10:12:24,988.5,303334
2021-05-24 10:12:25,988.5,303340
2021-05-24 10:12:25,988.5,303340
2021-05-24 10:12:26,988.5,303907
2021-05-24 10:12:26,988.5,303907
2021-05-24 10:12:27,988.85,304015
2021-05-24 10:12:27,988.85,304015
2021-05-24 10:12:28,988.3,304199
2021-05-24 10:12:28,988.3,304199
2021-05-24 10:12:29,988.3,304199
2021-05-24 10:12:29,988.3,304199
2021-05-24 10:12:30,988.3,304199
2021-05-24 10:12:30,988.3,304199
2021-05-24 10:12:31,988.75,304302
2021-05-24 10:12:31,988.75,304302
2021-05-24 10:12:32,988.75,304302
2021-05-24 10:12:32,988.75,304302
2021-05-24 10:12:33,988.5,304367
2021-05-24 10:12:33,988.5,304367
2021-05-24 10:12:34,988.8,304377
2021-05-24 10:12:34,988.8,304377
2021-05-24 10:12:35,988.3,304728
2021-05-24 10:12:35,988.3,304728
2021-05-24 10:12:36,988.5,304765
2021-05-24 10:12:36,988.5,304765
2021-05-24 10:12:37,988.85,304766
2021-05-24 10:12:37,988.85,304766
2021-05-24 10:12:38,988.5,304816
2021-05-24 10:12:38,988.5,304816
2021-05-24 10:12:39,988.5,305367
2021-05-24 10:12:40,988.5,305683
2021-05-24 10:12:41,988.5,305683
2021-05-24 10:12:39,988.5,305367
2021-05-24 10:12:40,988.5,305683
2021-05-24 10:12:41,988.5,305683
2021-05-24 10:12:45,988.65,305722
