timestamp,ltp,volume
2021-05-24 13:59:31,786.25,3699114
2021-05-24 13:59:32,786.25,3699139
2021-05-24 13:59:33,786.25,3699147
2021-05-24 13:59:34,786.25,3699176
2021-05-24 13:59:35,786.25,3699177
2021-05-24 13:59:36,786.25,3699282
2021-05-24 13:59:37,786.25,3699283
2021-05-24 13:59:39,786.3,3699385
2021-05-24 13:59:39,786.3,3699404
2021-05-24 13:59:40,786.3,3699429
2021-05-24 13:59:41,786.3,3699430
2021-05-24 13:59:42,786.3,3699484
2021-05-24 13:59:43,786.3,3699484
2021-05-24 13:59:44,786.3,3699528
2021-05-24 13:59:45,786.3,3699541
2021-05-24 13:59:46,786.05,3699961
2021-05-24 13:59:48,786.3,3700054
2021-05-24 13:59:48,786.3,3700054
2021-05-24 13:59:50,786.3,3700186
2021-05-24 13:59:51,786.3,3700186
2021-05-24 13:59:52,786.3,3700186
2021-05-24 13:59:53,786.3,3700205
2021-05-24 13:59:55,786.3,3700350
2021-05-24 13:59:56,786.05,3700380
2021-05-24 13:59:57,786.3,3700426
2021-05-24 13:59:58,786.05,3700947
2021-05-24 14:00:00,786.3,3701109
2021-05-24 14:00:01,786.3,3701256
2021-05-24 14:00:02,786.2,3701276
2021-05-24 14:00:03,786.2,3701277
2021-05-24 14:00:04,786.5,3703653
2021-05-24 14:00:05,786.5,3704148
2021-05-24 14:00:06,786.65,3704200
2021-05-24 14:00:08,786.5,3704677
2021-05-24 14:00:08,786.75,3704697
2021-05-24 14:00:10,786.9,3704944
2021-05-24 14:00:11,786.95,3705869
2021-05-24 14:00:12,786.75,3706203
2021-05-24 14:00:13,787.0,3707541
2021-05-24 14:00:15,787.0,3708113
2021-05-24 14:00:15,787.0,3708127
2021-05-24 14:00:16,787.0,3708154
2021-05-24 14:00:17,787.0,3708608
2021-05-24 14:00:19,787.0,3708763
2021-05-24 14:00:20,787.0,3709066
2021-05-24 14:00:21,787.0,3709287
2021-05-24 14:00:22,787.0,3709303
2021-05-24 14:00:23,786.75,3709381
2021-05-24 14:00:24,786.75,3709388
2021-05-24 14:00:25,786.75,3709388
2021-05-24 14:00:27,786.65,3709403
2021-05-24 14:00:27,786.75,3709404
2021-05-24 14:00:28,786.75,3709404
2021-05-24 14:00:29,786.75,3709404
2021-05-24 14:00:30,786.75,3709404
2021-05-24 14:00:31,786.7,3709405
2021-05-24 14:00:32,786.7,3709410
2021-05-24 14:00:33,786.0,3712638
2021-05-24 14:00:35,785.85,3712974
2021-05-24 14:00:35,786.05,3712991
2021-05-24 14:00:36,785.9,3713470
2021-05-24 14:00:37,785.85,3713575
2021-05-24 14:00:38,785.95,3713578
2021-05-24 14:00:39,786.0,3713669
2021-05-24 14:00:40,786.05,3713890
2021-05-24 14:00:42,785.8,3713912
2021-05-24 14:00:42,785.8,3713913
2021-05-24 14:00:43,785.8,3713952
2021-05-24 14:00:44,785.8,3714057
2021-05-24 14:00:45,785.8,3714057
2021-05-24 14:00:46,785.8,3714845
2021-05-24 14:00:48,785.8,3715114
2021-05-24 14:00:48,785.8,3715116
2021-05-24 14:00:49,785.8,3715117
2021-05-24 14:00:50,785.8,3715273
2021-05-24 14:00:51,785.8,3715339
2021-05-24 14:00:52,785.8,3715735
2021-05-24 14:00:54,785.85,3715764
2021-05-24 14:00:54,785.85,3715764
2021-05-24 14:00:55,785.8,3715780
2021-05-24 14:00:56,785.8,3715780
2021-05-24 14:00:57,785.85,3715820
2021-05-24 14:00:58,785.8,3715846
2021-05-24 14:01:00,785.85,3715847
2021-05-24 14:01:01,785.85,3715877
2021-05-24 14:01:01,785.8,3715876
2021-05-24 14:01:02,785.85,3715927
2021-05-24 14:01:03,785.85,3715946
2021-05-24 14:01:04,785.8,3715997
2021-05-24 14:01:05,785.75,3716575
2021-05-24 14:01:06,786.05,3716577
2021-05-24 14:01:08,786.05,3716578
2021-05-24 14:01:08,785.8,3716594
2021-05-24 14:01:10,786.0,3716595
2021-05-24 14:01:11,785.75,3716895
2021-05-24 14:01:11,785.95,3716910
2021-05-24 14:01:12,785.95,3716911
2021-05-24 14:01:13,785.95,3716911
2021-05-24 14:01:14,785.8,3717011
2021-05-24 14:01:15,785.95,3717021
2021-05-24 14:01:16,786.0,3717024
2021-05-24 14:01:17,785.95,3717025
2021-05-24 14:01:18,786.0,3717055
2021-05-24 14:01:20,786.0,3717374
2021-05-24 14:01:19,785.95,3717357
2021-05-24 14:01:22,785.95,3717411
2021-05-24 14:01:23,786.0,3717413
2021-05-24 14:01:24,786.0,3717413
2021-05-24 14:01:24,786.0,3717413
2021-05-24 14:01:25,785.95,3717479
2021-05-24 14:01:26,786.0,3717512
2021-05-24 14:01:27,786.0,3717513
2021-05-24 14:01:28,786.0,3717513
2021-05-24 14:01:29,785.9,3718337
2021-05-24 14:01:30,785.75,3718444
2021-05-24 14:01:31,785.75,3718483
2021-05-24 14:01:32,785.9,3718556
2021-05-24 14:01:33,785.9,3718556
2021-05-24 14:01:34,785.5,3722853
2021-05-24 14:01:36,785.5,3722989
2021-05-24 14:01:37,785.5,3723245
2021-05-24 14:01:38,785.8,3723708
2021-05-24 14:01:39,785.85,3723731
2021-05-24 14:01:39,785.9,3723732
2021-05-24 14:01:40,785.9,3723850
2021-05-24 14:01:41,785.95,3723855
2021-05-24 14:01:42,785.95,3723855
2021-05-24 14:01:43,785.9,3723856
2021-05-24 14:01:45,785.85,3723990
2021-05-24 14:01:45,785.85,3723990
2021-05-24 14:01:46,785.85,3723997
2021-05-24 14:01:47,785.55,3724219
2021-05-24 14:01:48,785.7,3724261
2021-05-24 14:01:49,785.75,3724779
2021-05-24 14:01:50,785.55,3725360
2021-05-24 14:01:51,785.7,3725364
2021-05-24 14:01:52,785.65,3725365
2021-05-24 14:01:53,785.65,3725365
2021-05-24 14:01:54,785.65,3725365
2021-05-24 14:01:55,785.55,3725415
2021-05-24 14:01:56,785.65,3725417
2021-05-24 14:01:57,785.55,3725517
2021-05-24 14:01:59,785.7,3725765
2021-05-24 14:02:00,785.7,3726577
2021-05-24 14:02:02,785.55,3726930
2021-05-24 14:02:03,785.3,3727001
2021-05-24 14:02:04,785.65,3727003
2021-05-24 14:02:05,785.65,3727003
2021-05-24 14:02:06,785.25,3727553
2021-05-24 14:02:07,785.3,3727623
2021-05-24 14:02:08,785.3,3727709
2021-05-24 14:02:09,785.55,3727713
2021-05-24 14:02:11,785.5,3728880
2021-05-24 14:02:12,785.35,3728959
2021-05-24 14:02:13,785.55,3728960
2021-05-24 14:02:14,785.55,3728966
2021-05-24 14:02:15,785.35,3728973
2021-05-24 14:02:16,785.5,3728974
2021-05-24 14:02:17,785.05,3736891
2021-05-24 14:02:19,784.4,3739152
2021-05-24 14:02:21,784.8,3739162
2021-05-24 14:02:22,784.55,3739571
2021-05-24 14:02:23,784.55,3739612
2021-05-24 14:02:24,784.8,3739614
2021-05-24 14:02:26,784.8,3739631
2021-05-24 14:02:28,784.65,3739842
2021-05-24 14:02:29,784.75,3739947
2021-05-24 14:02:30,784.75,3739982
2021-05-24 14:02:31,784.9,3740104
2021-05-24 14:02:32,784.45,3740136
2021-05-24 14:02:32,784.4,3740209
2021-05-24 14:02:33,784.5,3740343
2021-05-24 14:02:34,785.0,3741250
2021-05-24 14:02:35,784.8,3741314
2021-05-24 14:02:36,784.6,3741627
2021-05-24 14:02:37,784.6,3741652
2021-05-24 14:02:38,784.8,3741972
2021-05-24 14:02:39,784.95,3741987
2021-05-24 14:02:40,785.0,3741988
2021-05-24 14:02:41,785.0,3741988
2021-05-24 14:02:42,784.55,3742089
2021-05-24 14:02:43,784.55,3742674
2021-05-24 14:02:45,785.0,3742784
2021-05-24 14:02:46,785.0,3742811
2021-05-24 14:02:47,785.0,3742874
2021-05-24 14:02:48,784.6,3743024
2021-05-24 14:02:49,785.0,3743032
2021-05-24 14:02:50,785.0,3743032
2021-05-24 14:02:52,784.7,3743449
2021-05-24 14:02:52,785.0,3743567
2021-05-24 14:02:53,785.0,3743573
2021-05-24 14:02:55,785.0,3743743
2021-05-24 14:02:56,785.0,3743769
2021-05-24 14:02:57,785.0,3743770
2021-05-24 14:02:58,785.0,3743770
2021-05-24 14:02:59,785.0,3744040
2021-05-24 14:03:01,785.35,3746701
2021-05-24 14:03:02,785.45,3746853
2021-05-24 14:03:03,785.45,3746853
2021-05-24 14:03:03,785.45,3746853
2021-05-24 14:03:04,785.55,3746856
2021-05-24 14:03:05,785.55,3746856
2021-05-24 14:03:06,785.4,3747061
2021-05-24 14:03:07,785.5,3747239
2021-05-24 14:03:08,785.5,3747249
2021-05-24 14:03:09,785.5,3747249
2021-05-24 14:03:10,785.35,3747278
2021-05-24 14:03:11,785.5,3747334
2021-05-24 14:03:12,785.5,3747340
2021-05-24 14:03:13,785.5,3747341
2021-05-24 14:03:15,785.5,3747355
2021-05-24 14:03:15,785.5,3747355
2021-05-24 14:03:16,785.0,3747655
2021-05-24 14:03:17,785.1,3747719
2021-05-24 14:03:18,785.55,3747802
2021-05-24 14:03:20,785.75,3747900
2021-05-24 14:03:20,785.5,3747920
2021-05-24 14:03:21,785.5,3747921
2021-05-24 14:03:23,785.5,3747922
2021-05-24 14:03:24,785.5,3747922
2021-05-24 14:03:25,785.5,3747922
2021-05-24 14:03:26,785.5,3747922
2021-05-24 14:03:26,785.0,3748322
2021-05-24 14:03:28,785.05,3748344
2021-05-24 14:03:29,785.0,3748645
2021-05-24 14:03:30,785.45,3748660
2021-05-24 14:03:31,785.45,3748663
2021-05-24 14:03:32,785.1,3748688
2021-05-24 14:03:33,785.45,3748689
2021-05-24 14:03:34,785.5,3748794
2021-05-24 14:03:35,785.5,3748797
2021-05-24 14:03:36,785.05,3748915
2021-05-24 14:03:37,785.5,3748921
2021-05-24 14:03:38,785.5,3748938
2021-05-24 14:03:38,785.5,3748937
2021-05-24 14:03:40,785.5,3748956
2021-05-24 14:03:41,785.5,3748956
2021-05-24 14:03:42,785.5,3748956
2021-05-24 14:03:43,785.5,3748956
2021-05-24 14:03:45,785.45,3748965
2021-05-24 14:03:45,785.45,3748965
2021-05-24 14:03:46,785.4,3748974
2021-05-24 14:03:47,785.5,3748975
2021-05-24 14:03:48,785.5,3748976
2021-05-24 14:03:49,785.5,3748989
2021-05-24 14:03:50,785.2,3749014
2021-05-24 14:03:51,785.2,3749021
2021-05-24 14:03:52,785.2,3749021
2021-05-24 14:03:53,785.5,3749022
2021-05-24 14:03:54,785.5,3749022
2021-05-24 14:03:55,785.5,3749353
2021-05-24 14:03:56,785.25,3751384
2021-05-24 14:03:57,785.45,3751485
2021-05-24 14:03:58,785.3,3751492
2021-05-24 14:03:59,785.25,3751509
2021-05-24 14:04:00,785.25,3751525
2021-05-24 14:04:01,785.25,3751576
2021-05-24 14:04:03,785.3,3751579
2021-05-24 14:04:04,785.1,3751729
2021-05-24 14:04:05,785.3,3751736
2021-05-24 14:04:05,785.3,3751737
2021-05-24 14:04:06,785.3,3751737
2021-05-24 14:04:08,784.9,3751840
2021-05-24 14:04:10,785.3,3751845
2021-05-24 14:04:11,785.3,3751865
2021-05-24 14:04:12,785.15,3751867
2021-05-24 14:04:13,785.15,3751867
2021-05-24 14:04:14,785.15,3751887
2021-05-24 14:04:14,785.1,3752037
2021-05-24 14:04:15,785.05,3752053
2021-05-24 14:04:16,784.9,3752060
2021-05-24 14:04:18,784.9,3752060
2021-05-24 14:04:19,784.9,3752060
2021-05-24 14:04:20,784.9,3752060
2021-05-24 14:04:21,784.9,3752060
2021-05-24 14:04:22,784.9,3752060
2021-05-24 14:04:23,784.6,3753293
2021-05-24 14:04:23,785.1,3753357
2021-05-24 14:04:24,785.0,3753358
2021-05-24 14:04:25,785.0,3753359
2021-05-24 14:04:27,785.0,3753359
2021-05-24 14:04:28,785.0,3753359
2021-05-24 14:04:28,784.9,3754409
2021-05-24 14:04:29,785.0,3754412
2021-05-24 14:04:31,784.95,3754413
2021-05-24 14:04:32,784.95,3754413
2021-05-24 14:04:33,785.0,3754613
2021-05-24 14:04:34,785.2,3755719
2021-05-24 14:04:34,785.15,3755668
2021-05-24 14:04:35,785.2,3755721
2021-05-24 14:04:36,785.2,3755721
2021-05-24 14:04:37,785.1,3755821
2021-05-24 14:04:38,785.2,3755823
2021-05-24 14:04:39,785.15,3755848
2021-05-24 14:04:40,785.25,3755850
2021-05-24 14:04:41,785.25,3755850
2021-05-24 14:04:42,785.15,3755852
2021-05-24 14:04:43,785.25,3755854
2021-05-24 14:04:44,785.25,3755854
2021-05-24 14:04:45,785.25,3755854
2021-05-24 14:04:46,785.15,3755857
2021-05-24 14:04:47,785.2,3755858
2021-05-24 14:04:48,785.2,3755992
2021-05-24 14:04:49,785.0,3756075
2021-05-24 14:04:50,784.6,3756258
2021-05-24 14:04:51,785.0,3756267
2021-05-24 14:04:52,785.0,3756470
2021-05-24 14:04:53,784.9,3756510
2021-05-24 14:04:54,785.0,3756512
2021-05-24 14:04:56,785.0,3756512
2021-05-24 14:04:57,785.35,3758512
2021-05-24 14:04:58,785.25,3758612
2021-05-24 14:04:59,785.25,3758617
2021-05-24 14:05:00,785.25,3758644
2021-05-24 14:05:01,785.25,3758645
2021-05-24 14:05:02,785.15,3758646
2021-05-24 14:05:04,785.0,3758739
2021-05-24 14:05:05,785.25,3758766
2021-05-24 14:05:06,785.25,3758818
2021-05-24 14:05:07,785.25,3758820
2021-05-24 14:05:08,785.25,3758821
2021-05-24 14:05:09,785.25,3758874
2021-05-24 14:05:10,785.25,3758875
2021-05-24 14:05:11,785.25,3758875
2021-05-24 14:05:12,785.25,3758875
2021-05-24 14:05:15,785.25,3758930
2021-05-24 14:05:16,785.1,3759242
2021-05-24 14:05:17,785.1,3759264
2021-05-24 14:05:18,785.1,3759327
2021-05-24 14:05:18,785.1,3759327
2021-05-24 14:05:20,785.1,3759332
2021-05-24 14:05:21,785.1,3759342
2021-05-24 14:05:21,784.8,3759367
2021-05-24 14:05:23,785.25,3759968
2021-05-24 14:05:24,785.25,3760000
2021-05-24 14:05:25,785.25,3760000
2021-05-24 14:05:26,785.25,3760000
2021-05-24 14:05:27,785.25,3760000
2021-05-24 14:05:29,784.95,3760166
2021-05-24 14:05:30,784.95,3760166
2021-05-24 14:05:30,784.95,3760166
2021-05-24 14:05:31,784.95,3760166
2021-05-24 14:05:32,785.05,3760218
2021-05-24 14:05:33,785.0,3760229
2021-05-24 14:05:34,785.0,3760229
2021-05-24 14:05:37,785.05,3760230
2021-05-24 14:05:38,785.0,3760300
2021-05-24 14:05:39,785.0,3760312
2021-05-24 14:05:40,785.0,3760322
2021-05-24 14:05:42,785.0,3760383
2021-05-24 14:05:42,785.0,3760385
2021-05-24 14:05:43,785.0,3760385
2021-05-24 14:05:44,785.0,3760385
2021-05-24 14:05:45,785.0,3760385
2021-05-24 14:05:46,785.0,3760403
2021-05-24 14:05:48,785.05,3760425
2021-05-24 14:05:48,785.05,3760502
2021-05-24 14:05:49,785.0,3760610
2021-05-24 14:05:50,785.0,3760610
2021-05-24 14:05:51,785.0,3760610
2021-05-24 14:05:52,785.0,3760718
2021-05-24 14:05:53,784.95,3762307
2021-05-24 14:05:54,784.95,3762513
2021-05-24 14:05:55,784.95,3762524
2021-05-24 14:05:56,784.95,3762589
2021-05-24 14:05:57,784.95,3762589
2021-05-24 14:05:59,784.95,3762610
2021-05-24 14:06:00,784.75,3762681
2021-05-24 14:06:01,784.95,3762685
2021-05-24 14:06:02,784.75,3763284
2021-05-24 14:06:03,785.0,3763316
2021-05-24 14:06:04,785.0,3763317
2021-05-24 14:06:05,785.0,3763318
2021-05-24 14:06:05,785.0,3763317
2021-05-24 14:06:06,784.7,3763993
2021-05-24 14:06:08,785.0,3764028
2021-05-24 14:06:09,784.8,3764029
2021-05-24 14:06:10,784.8,3764029
2021-05-24 14:06:11,784.8,3764029
2021-05-24 14:06:11,784.8,3764029
2021-05-24 14:06:13,784.55,3764416
2021-05-24 14:06:14,784.85,3764592
2021-05-24 14:06:15,784.75,3764653
2021-05-24 14:06:16,784.85,3764655
2021-05-24 14:06:17,784.55,3765141
2021-05-24 14:06:18,784.55,3765167
2021-05-24 14:06:19,784.8,3765961
2021-05-24 14:06:20,784.8,3766003
2021-05-24 14:06:21,784.8,3766003
2021-05-24 14:06:22,784.75,3766005
2021-05-24 14:06:23,784.5,3766155
2021-05-24 14:06:24,784.75,3766162
2021-05-24 14:06:25,784.7,3766164
2021-05-24 14:06:25,784.7,3766165
2021-05-24 14:06:26,784.7,3766165
2021-05-24 14:06:28,784.55,3766166
2021-05-24 14:06:29,784.5,3766268
2021-05-24 14:06:30,784.7,3766409
2021-05-24 14:06:31,784.55,3766515
2021-05-24 14:06:32,784.7,3766520
2021-05-24 14:06:33,784.5,3766571
2021-05-24 14:06:34,784.7,3766574
2021-05-24 14:06:35,784.5,3766674
2021-05-24 14:06:36,784.5,3766704
2021-05-24 14:06:40,784.7,3767842
2021-05-24 14:06:39,784.5,3767790
2021-05-24 14:06:41,784.7,3767845
2021-05-24 14:06:42,784.7,3767845
2021-05-24 14:06:42,784.65,3767849
2021-05-24 14:06:44,784.7,3767853
2021-05-24 14:06:45,784.75,3767953
2021-05-24 14:06:46,784.8,3768058
2021-05-24 14:06:47,784.7,3768163
2021-05-24 14:06:48,784.95,3768169
2021-05-24 14:06:48,784.7,3768229
2021-05-24 14:06:49,784.95,3768233
2021-05-24 14:06:51,784.95,3768239
2021-05-24 14:06:52,784.95,3768239
2021-05-24 14:06:54,784.6,3768517
2021-05-24 14:06:56,784.95,3768582
2021-05-24 14:07:02,784.8,3768617
2021-05-24 14:07:03,784.95,3768618
2021-05-24 14:07:04,784.95,3768658
2021-05-24 14:07:05,784.95,3768660
2021-05-24 14:07:06,784.95,3768701
2021-05-24 14:07:07,784.95,3768704
2021-05-24 14:07:08,784.95,3768706
2021-05-24 14:07:09,784.95,3768721
2021-05-24 14:07:10,784.95,3768721
2021-05-24 14:07:11,784.95,3768721
2021-05-24 14:07:12,785.0,3768723
2021-05-24 14:07:13,784.95,3768809
2021-05-24 14:07:14,784.95,3768829
2021-05-24 14:07:15,784.95,3768830
2021-05-24 14:07:15,784.95,3768851
2021-05-24 14:07:16,784.95,3768852
2021-05-24 14:07:17,784.95,3768852
2021-05-24 14:07:18,784.95,3768852
2021-05-24 14:07:19,784.95,3768852
2021-05-24 14:07:20,784.95,3768852
2021-05-24 14:07:23,784.9,3768918
2021-05-24 14:07:24,784.95,3768927
2021-05-24 14:07:25,784.95,3768930
2021-05-24 14:07:26,784.95,3768935
2021-05-24 14:07:27,785.0,3769148
2021-05-24 14:07:28,785.0,3769358
2021-05-24 14:07:29,785.0,3769358
2021-05-24 14:07:30,785.0,3769358
2021-05-24 14:07:31,785.0,3769358
2021-05-24 14:07:32,785.0,3769564
2021-05-24 14:07:33,785.0,3769575
2021-05-24 14:07:34,784.85,3769677
2021-05-24 14:07:35,785.0,3769682
2021-05-24 14:07:37,785.0,3770123
2021-05-24 14:07:36,785.0,3770102
2021-05-24 14:07:38,784.95,3770136
2021-05-24 14:07:40,784.95,3770147
2021-05-24 14:07:41,784.95,3770148
2021-05-24 14:07:42,784.95,3770238
2021-05-24 14:07:43,784.9,3770376
2021-05-24 14:07:44,784.9,3770380
2021-05-24 14:07:46,784.9,3770386
2021-05-24 14:07:47,784.9,3770386
2021-05-24 14:07:48,784.95,3770790
2021-05-24 14:07:49,784.95,3770791
2021-05-24 14:07:50,784.85,3770917
2021-05-24 14:07:52,784.9,3770960
2021-05-24 14:07:53,784.9,3770960
2021-05-24 14:07:54,784.95,3770962
2021-05-24 14:07:55,784.95,3770962
2021-05-24 14:07:56,784.95,3771012
2021-05-24 14:07:57,784.95,3771015
2021-05-24 14:07:58,784.95,3771015
2021-05-24 14:07:59,784.95,3771015
2021-05-24 14:08:00,784.9,3771019
2021-05-24 14:08:01,784.9,3771022
2021-05-24 14:08:02,784.9,3771022
2021-05-24 14:08:05,784.9,3771036
2021-05-24 14:08:06,785.0,3771541
2021-05-24 14:08:07,785.0,3771566
2021-05-24 14:08:08,785.0,3771568
2021-05-24 14:08:09,785.0,3771613
2021-05-24 14:08:10,785.0,3771614
2021-05-24 14:08:11,785.0,3771614
2021-05-24 14:08:12,785.0,3771614
2021-05-24 14:08:13,785.0,3771714
2021-05-24 14:08:14,785.0,3771720
2021-05-24 14:08:15,784.85,3771883
2021-05-24 14:08:16,784.85,3771883
2021-05-24 14:08:17,785.0,3772033
2021-05-24 14:08:18,785.0,3772141
2021-05-24 14:08:19,785.0,3772159
2021-05-24 14:08:20,785.0,3772159
2021-05-24 14:08:21,785.0,3772159
2021-05-24 14:08:22,785.0,3772209
2021-05-24 14:08:23,785.0,3772212
2021-05-24 14:08:24,785.0,3772212
2021-05-24 14:08:25,784.85,3772237
2021-05-24 14:08:26,785.0,3772238
2021-05-24 14:08:27,785.0,3772238
2021-05-24 14:08:28,785.0,3772265
2021-05-24 14:08:29,785.0,3772267
2021-05-24 14:08:30,785.0,3772390
2021-05-24 14:08:31,785.0,3772390
2021-05-24 14:08:32,785.0,3772401
2021-05-24 14:08:33,785.0,3772401
2021-05-24 14:08:34,784.8,3772440
2021-05-24 14:08:35,785.0,3772442
2021-05-24 14:08:36,785.0,3772442
2021-05-24 14:08:37,785.0,3772443
2021-05-24 14:08:38,785.0,3772444
2021-05-24 14:08:39,785.0,3772444
2021-05-24 14:08:40,785.0,3772444
2021-05-24 14:08:41,784.8,3772450
2021-05-24 14:08:42,784.8,3772450
2021-05-24 14:08:43,784.8,3772450
2021-05-24 14:08:44,784.8,3772450
2021-05-24 14:08:45,784.8,3772450
2021-05-24 14:08:46,785.0,3772451
2021-05-24 14:08:47,785.0,3772651
2021-05-24 14:08:48,785.0,3772661
2021-05-24 14:08:49,785.0,3772662
2021-05-24 14:08:50,785.0,3772662
2021-05-24 14:08:51,785.0,3772662
2021-05-24 14:08:52,784.9,3772685
2021-05-24 14:08:53,784.9,3772685
2021-05-24 14:08:54,784.8,3772691
2021-05-24 14:08:55,784.9,3772692
2021-05-24 14:08:56,784.9,3773166
2021-05-24 14:08:57,784.9,3773291
2021-05-24 14:08:58,785.0,3773297
2021-05-24 14:08:59,784.9,3773387
2021-05-24 14:09:00,784.9,3773392
2021-05-24 14:09:01,784.9,3773392
2021-05-24 14:09:02,784.9,3773392
2021-05-24 14:09:03,784.9,3773392
2021-05-24 14:09:04,784.9,3773397
2021-05-24 14:09:05,785.0,3773712
2021-05-24 14:09:06,784.9,3773732
2021-05-24 14:09:07,785.0,3773733
2021-05-24 14:09:08,784.9,3773745
2021-05-24 14:09:09,785.0,3773756
2021-05-24 14:09:10,784.9,3773766
2021-05-24 14:09:11,785.0,3773798
2021-05-24 14:09:12,785.0,3773798
2021-05-24 14:09:16,785.0,3774057
2021-05-24 14:09:17,785.0,3774588
2021-05-24 14:09:18,785.0,3774589
2021-05-24 14:09:19,785.0,3774589
2021-05-24 14:09:20,785.0,3774589
2021-05-24 14:09:21,785.0,3774589
2021-05-24 14:09:22,785.0,3774591
2021-05-24 14:09:23,785.0,3774591
2021-05-24 14:09:24,785.0,3777254
2021-05-24 14:09:25,785.2,3777387
2021-05-24 14:09:26,785.2,3777388
2021-05-24 14:09:27,785.2,3777388
2021-05-24 14:09:28,785.25,3777684
2021-05-24 14:09:29,785.4,3777709
2021-05-24 14:09:30,785.4,3777729
2021-05-24 14:09:31,785.4,3777731
2021-05-24 14:09:32,785.4,3777735
2021-05-24 14:09:33,785.4,3777735
2021-05-24 14:09:34,785.4,3777949
2021-05-24 14:09:35,785.4,3777958
2021-05-24 14:09:36,785.4,3777964
2021-05-24 14:09:37,785.35,3777973
2021-05-24 14:09:38,785.35,3777973
2021-05-24 14:09:39,785.4,3778008
2021-05-24 14:09:40,785.35,3778029
2021-05-24 14:09:41,785.4,3778031
2021-05-24 14:09:42,785.4,3778083
2021-05-24 14:09:43,785.35,3778091
2021-05-24 14:09:44,785.4,3778482
2021-05-24 14:09:45,785.45,3778502
2021-05-24 14:09:46,785.5,3779416
2021-05-24 14:09:47,785.45,3779466
2021-05-24 14:09:48,785.4,3779517
2021-05-24 14:09:49,785.5,3779520
2021-05-24 14:09:50,785.75,3779560
2021-05-24 14:09:51,785.5,3779562
2021-05-24 14:09:52,785.75,3779720
2021-05-24 14:09:54,785.7,3779881
2021-05-24 14:09:54,785.7,3779931
2021-05-24 14:09:55,785.7,3779932
2021-05-24 14:09:57,785.7,3780149
2021-05-24 14:09:56,785.7,3780092
2021-05-24 14:09:58,785.65,3780155
2021-05-24 14:09:59,785.7,3780158
2021-05-24 14:10:00,785.7,3780315
2021-05-24 14:10:01,785.7,3780325
2021-05-24 14:10:02,785.7,3780378
2021-05-24 14:10:03,785.7,3780383
2021-05-24 14:10:04,785.75,3780567
2021-05-24 14:10:05,785.9,3780676
2021-05-24 14:10:06,785.7,3780692
2021-05-24 14:10:08,785.9,3780697
2021-05-24 14:10:09,785.85,3780836
2021-05-24 14:10:10,785.9,3780881
2021-05-24 14:10:11,785.9,3780884
2021-05-24 14:10:12,785.9,3781185
2021-05-24 14:10:13,785.9,3781189
2021-05-24 14:10:14,785.9,3781189
2021-05-24 14:10:16,785.6,3782962
2021-05-24 14:10:17,785.6,3782980
2021-05-24 14:10:18,785.6,3782980
2021-05-24 14:10:19,785.7,3783280
2021-05-24 14:10:20,785.5,3783315
2021-05-24 14:10:21,785.7,3783317
2021-05-24 14:10:23,785.7,3783321
2021-05-24 14:10:23,785.7,3783321
2021-05-24 14:10:24,785.5,3783421
2021-05-24 14:10:25,785.7,3783427
2021-05-24 14:10:26,785.7,3783427
2021-05-24 14:10:27,785.7,3783427
2021-05-24 14:10:28,785.7,3783428
2021-05-24 14:10:29,785.7,3783428
2021-05-24 14:10:30,785.7,3783519
2021-05-24 14:10:31,785.8,3783524
2021-05-24 14:10:32,785.85,3783525
2021-05-24 14:10:33,785.9,3783787
2021-05-24 14:10:34,785.9,3783789
2021-05-24 14:10:35,785.9,3783789
2021-05-24 14:10:36,785.9,3783929
2021-05-24 14:10:37,785.9,3783932
2021-05-24 14:10:38,785.9,3784133
2021-05-24 14:10:40,785.85,3784147
2021-05-24 14:10:41,785.95,3784207
2021-05-24 14:10:42,785.75,3784729
2021-05-24 14:10:43,785.85,3784756
2021-05-24 14:10:44,785.75,3784758
2021-05-24 14:10:46,785.75,3784758
2021-05-24 14:10:47,785.75,3784758
2021-05-24 14:10:47,785.75,3784758
2021-05-24 14:10:48,785.75,3784758
2021-05-24 14:10:50,785.9,3784837
2021-05-24 14:10:51,785.7,3785141
2021-05-24 14:10:52,785.8,3785157
2021-05-24 14:10:54,785.8,3785368
2021-05-24 14:10:56,785.8,3785377
2021-05-24 14:10:57,785.8,3785378
2021-05-24 14:10:58,785.8,3785378
2021-05-24 14:10:59,785.8,3785378
2021-05-24 14:11:00,785.8,3785378
2021-05-24 14:11:01,785.7,3785436
2021-05-24 14:11:02,785.7,3785439
2021-05-24 14:11:03,785.75,3785499
2021-05-24 14:11:04,785.75,3785608
2021-05-24 14:11:05,785.75,3785613
2021-05-24 14:11:06,785.75,3785613
2021-05-24 14:11:07,785.75,3785624
2021-05-24 14:11:10,785.85,3786164
2021-05-24 14:11:10,785.85,3786165
2021-05-24 14:11:11,785.85,3786207
2021-05-24 14:11:12,785.8,3786363
2021-05-24 14:11:13,785.8,3786395
2021-05-24 14:11:14,785.8,3786396
2021-05-24 14:11:15,785.8,3786402
2021-05-24 14:11:16,785.8,3786405
2021-05-24 14:11:17,785.8,3786405
2021-05-24 14:11:18,785.75,3786905
2021-05-24 14:11:19,785.8,3786999
2021-05-24 14:11:21,785.8,3787126
2021-05-24 14:11:22,785.8,3787186
2021-05-24 14:11:24,785.8,3787188
2021-05-24 14:11:24,785.8,3787188
2021-05-24 14:11:25,785.8,3787249
2021-05-24 14:11:26,785.8,3787249
2021-05-24 14:11:27,785.8,3787251
2021-05-24 14:11:28,785.8,3787554
2021-05-24 14:11:29,785.75,3787623
2021-05-24 14:11:30,785.75,3787758
2021-05-24 14:11:31,785.45,3792221
2021-05-24 14:11:32,785.45,3792640
2021-05-24 14:11:33,785.25,3792663
2021-05-24 14:11:35,785.2,3792708
2021-05-24 14:11:35,785.5,3792711
2021-05-24 14:11:36,785.5,3792763
2021-05-24 14:11:37,785.5,3792765
2021-05-24 14:11:38,785.5,3792765
2021-05-24 14:11:39,785.25,3792769
2021-05-24 14:11:40,785.25,3792769
2021-05-24 14:11:41,785.25,3792769
2021-05-24 14:11:42,785.25,3792769
2021-05-24 14:11:43,785.25,3792769
2021-05-24 14:11:44,785.25,3792769
2021-05-24 14:11:45,785.5,3792771
2021-05-24 14:11:46,785.5,3792772
2021-05-24 14:11:47,785.8,3793098
2021-05-24 14:11:48,785.8,3793100
2021-05-24 14:11:49,785.55,3793150
2021-05-24 14:11:50,785.8,3793153
2021-05-24 14:11:51,785.55,3793156
2021-05-24 14:11:52,785.8,3793241
2021-05-24 14:11:53,785.8,3793241
2021-05-24 14:11:54,785.8,3793241
2021-05-24 14:11:55,785.8,3793242
2021-05-24 14:11:56,785.8,3793242
2021-05-24 14:11:57,785.8,3793242
2021-05-24 14:11:58,785.8,3793259
2021-05-24 14:11:59,785.75,3793476
2021-05-24 14:12:00,785.8,3793480
2021-05-24 14:12:01,785.8,3793480
2021-05-24 14:12:02,785.75,3793734
2021-05-24 14:12:03,785.75,3794086
2021-05-24 14:12:04,785.75,3794105
2021-05-24 14:12:06,785.4,3795105
2021-05-24 14:12:07,785.8,3795151
2021-05-24 14:12:07,785.5,3795337
2021-05-24 14:12:09,785.5,3795502
2021-05-24 14:12:08,785.85,3795352
2021-05-24 14:12:10,785.85,3795510
2021-05-24 14:12:13,785.8,3795616
2021-05-24 14:12:14,785.8,3795616
2021-05-24 14:12:15,785.6,3795769
2021-05-24 14:12:16,785.6,3795904
2021-05-24 14:12:17,785.75,3795911
2021-05-24 14:12:18,785.75,3795911
2021-05-24 14:12:19,785.6,3796038
2021-05-24 14:12:20,785.75,3796044
2021-05-24 14:12:21,785.75,3796149
2021-05-24 14:12:22,785.75,3796158
2021-05-24 14:12:23,785.75,3796158
2021-05-24 14:12:24,785.75,3796158
2021-05-24 14:12:26,785.75,3796168
2021-05-24 14:12:26,785.75,3796168
2021-05-24 14:12:28,785.6,3796668
2021-05-24 14:12:29,785.75,3796694
2021-05-24 14:12:29,785.75,3796693
2021-05-24 14:12:30,785.75,3796694
2021-05-24 14:12:31,785.8,3796770
2021-05-24 14:12:32,785.8,3796908
2021-05-24 14:12:33,785.85,3797972
2021-05-24 14:12:34,786.0,3798028
2021-05-24 14:12:35,786.2,3800583
2021-05-24 14:12:36,786.35,3800767
2021-05-24 14:12:37,786.35,3800767
2021-05-24 14:12:38,786.35,3800767
2021-05-24 14:12:40,786.35,3800800
2021-05-24 14:12:41,786.2,3800922
2021-05-24 14:12:41,786.35,3801378
2021-05-24 14:12:42,786.35,3801402
2021-05-24 14:12:43,786.35,3801415
2021-05-24 14:12:45,786.0,3802249
2021-05-24 14:12:46,786.0,3802605
2021-05-24 14:12:47,786.4,3802613
2021-05-24 14:12:48,786.4,3802614
2021-05-24 14:12:48,786.65,3803114
2021-05-24 14:12:49,786.65,3803187
2021-05-24 14:12:50,786.65,3803191
2021-05-24 14:12:51,786.75,3803509
2021-05-24 14:12:52,786.75,3803510
2021-05-24 14:12:53,786.75,3803542
2021-05-24 14:12:54,786.75,3803679
2021-05-24 14:12:55,786.7,3803689
2021-05-24 14:12:56,786.75,3803719
2021-05-24 14:12:57,786.75,3803790
2021-05-24 14:12:58,786.75,3803816
2021-05-24 14:12:59,786.8,3803843
2021-05-24 14:13:00,786.85,3804473
2021-05-24 14:13:01,786.95,3804636
2021-05-24 14:13:02,786.85,3805151
2021-05-24 14:13:04,786.95,3805180
2021-05-24 14:13:05,786.95,3805255
2021-05-24 14:13:05,786.75,3805378
2021-05-24 14:13:07,786.95,3805383
2021-05-24 14:13:08,786.9,3805387
2021-05-24 14:13:08,786.95,3805403
2021-05-24 14:13:09,786.95,3805512
2021-05-24 14:13:11,786.85,3805814
2021-05-24 14:13:12,787.0,3806450
2021-05-24 14:13:13,787.0,3806477
2021-05-24 14:13:14,786.85,3806682
2021-05-24 14:13:14,787.0,3806688
2021-05-24 14:13:15,787.35,3815300
2021-05-24 14:13:17,787.2,3815753
2021-05-24 14:13:17,787.3,3817156
2021-05-24 14:13:18,787.3,3817226
2021-05-24 14:13:19,787.3,3817256
2021-05-24 14:13:20,787.3,3817256
2021-05-24 14:13:21,787.3,3817257
2021-05-24 14:13:22,787.3,3817362
2021-05-24 14:13:23,787.2,3817703
2021-05-24 14:13:24,787.25,3817852
2021-05-24 14:13:25,787.3,3817892
2021-05-24 14:13:26,787.3,3818443
2021-05-24 14:13:27,787.3,3818498
2021-05-24 14:13:28,787.3,3818635
2021-05-24 14:13:29,787.3,3818695
2021-05-24 14:13:30,787.25,3818698
2021-05-24 14:13:31,787.3,3818709
2021-05-24 14:13:32,787.3,3818710
2021-05-24 14:13:33,787.3,3818997
2021-05-24 14:13:34,787.3,3819090
2021-05-24 14:13:35,787.25,3819091
2021-05-24 14:13:36,787.0,3821019
2021-05-24 14:13:37,787.3,3821117
2021-05-24 14:13:38,787.3,3821177
2021-05-24 14:13:39,787.3,3821180
2021-05-24 14:13:40,787.1,3821306
2021-05-24 14:13:41,787.25,3821406
2021-05-24 14:13:43,787.25,3821997
2021-05-24 14:13:44,787.25,3822016
2021-05-24 14:13:45,787.25,3822117
2021-05-24 14:13:46,787.25,3822122
2021-05-24 14:13:47,787.25,3822228
2021-05-24 14:13:48,787.4,3822500
2021-05-24 14:13:49,787.4,3822600
2021-05-24 14:13:50,787.4,3822615
2021-05-24 14:13:52,787.3,3822696
2021-05-24 14:13:53,787.25,3822812
2021-05-24 14:13:54,787.3,3822832
2021-05-24 14:13:54,787.2,3823198
2021-05-24 14:13:55,787.0,3823387
2021-05-24 14:13:56,787.2,3823400
2021-05-24 14:13:57,787.25,3823401
2021-05-24 14:13:58,787.0,3823830
2021-05-24 14:13:59,786.85,3825793
2021-05-24 14:14:01,786.95,3826362
2021-05-24 14:14:02,786.95,3826383
2021-05-24 14:14:03,786.5,3826684
2021-05-24 14:14:04,787.0,3826699
2021-05-24 14:14:05,786.75,3826810
2021-05-24 14:14:05,786.75,3826810
2021-05-24 14:14:06,787.05,3826822
2021-05-24 14:14:07,786.9,3826847
2021-05-24 14:14:08,786.85,3826854
2021-05-24 14:14:09,787.0,3827022
2021-05-24 14:14:10,786.95,3827109
2021-05-24 14:14:11,787.0,3827116
2021-05-24 14:14:14,787.0,3827193
2021-05-24 14:14:15,787.0,3827197
2021-05-24 14:14:16,787.0,3827384
2021-05-24 14:14:17,787.0,3827422
2021-05-24 14:14:17,787.0,3827423
2021-05-24 14:14:18,787.0,3827424
2021-05-24 14:14:19,787.0,3827425
2021-05-24 14:14:20,787.0,3827502
2021-05-24 14:14:21,787.0,3827505
2021-05-24 14:14:22,787.0,3827527
2021-05-24 14:14:23,786.95,3827528
2021-05-24 14:14:24,787.0,3827539
2021-05-24 14:14:25,786.95,3827578
2021-05-24 14:14:26,786.9,3827680
2021-05-24 14:14:27,786.9,3827781
2021-05-24 14:14:28,786.85,3827850
2021-05-24 14:14:29,786.85,3827880
2021-05-24 14:14:30,786.85,3827880
2021-05-24 14:14:31,786.6,3827945
2021-05-24 14:14:33,786.6,3827954
2021-05-24 14:14:33,786.95,3828305
2021-05-24 14:14:34,786.95,3828325
2021-05-24 14:14:35,786.9,3828326
2021-05-24 14:14:37,786.8,3828967
2021-05-24 14:14:38,786.85,3829049
2021-05-24 14:14:38,786.85,3829053
2021-05-24 14:14:40,786.9,3829054
2021-05-24 14:14:41,786.5,3829943
2021-05-24 14:14:42,786.9,3829998
2021-05-24 14:14:43,786.9,3829998
2021-05-24 14:14:44,786.9,3829998
2021-05-24 14:14:46,786.9,3830119
2021-05-24 14:14:45,786.6,3830111
2021-05-24 14:14:47,786.9,3830119
2021-05-24 14:14:49,786.9,3830248
2021-05-24 14:14:48,786.55,3830229
2021-05-24 14:14:50,786.9,3830257
2021-05-24 14:14:51,786.9,3830257
2021-05-24 14:14:52,786.9,3830257
2021-05-24 14:14:53,786.9,3830312
2021-05-24 14:14:54,786.9,3830326
2021-05-24 14:14:55,786.9,3830327
2021-05-24 14:14:56,786.8,3830377
2021-05-24 14:14:57,786.9,3830737
2021-05-24 14:14:58,786.9,3830826
2021-05-24 14:14:59,786.9,3830859
2021-05-24 14:15:00,786.85,3830906
2021-05-24 14:15:01,786.85,3830906
2021-05-24 14:15:01,786.85,3830906
2021-05-24 14:15:02,786.9,3831056
2021-05-24 14:15:03,786.9,3831064
2021-05-24 14:15:05,786.9,3831091
2021-05-24 14:15:06,786.9,3831091
2021-05-24 14:15:07,786.85,3831133
2021-05-24 14:15:08,786.9,3831136
2021-05-24 14:15:09,786.85,3831144
2021-05-24 14:15:09,786.85,3831144
2021-05-24 14:15:10,786.9,3831147
2021-05-24 14:15:11,786.9,3831147
2021-05-24 14:15:13,786.85,3831296
2021-05-24 14:15:14,786.9,3831376
2021-05-24 14:15:15,786.9,3831377
2021-05-24 14:15:15,786.85,3831387
2021-05-24 14:15:16,787.0,3836393
2021-05-24 14:15:17,787.0,3836904
2021-05-24 14:15:18,787.0,3837010
2021-05-24 14:15:19,787.0,3837252
2021-05-24 14:15:20,786.95,3837280
2021-05-24 14:15:21,787.0,3837386
2021-05-24 14:15:22,787.0,3837387
2021-05-24 14:15:23,787.0,3837464
2021-05-24 14:15:25,787.0,3837471
2021-05-24 14:15:25,786.95,3837521
2021-05-24 14:15:26,787.0,3837524
2021-05-24 14:15:27,787.0,3837779
2021-05-24 14:15:28,787.0,3837804
2021-05-24 14:15:29,787.0,3837804
2021-05-24 14:15:31,787.0,3837825
2021-05-24 14:15:32,787.0,3837904
2021-05-24 14:15:33,786.9,3838268
2021-05-24 14:15:34,787.0,3838287
2021-05-24 14:15:35,787.0,3838309
2021-05-24 14:15:35,787.0,3838381
2021-05-24 14:15:36,787.0,3838514
2021-05-24 14:15:37,787.0,3838520
2021-05-24 14:15:38,787.0,3838521
2021-05-24 14:15:39,787.0,3838521
2021-05-24 14:15:40,787.0,3838543
2021-05-24 14:15:41,786.9,3838559
2021-05-24 14:15:42,787.0,3838560
2021-05-24 14:15:43,786.95,3838695
2021-05-24 14:15:44,787.0,3838697
2021-05-24 14:15:45,787.0,3838698
2021-05-24 14:15:46,786.85,3838819
2021-05-24 14:15:48,786.6,3839059
2021-05-24 14:15:49,786.95,3839072
2021-05-24 14:15:50,786.95,3839072
2021-05-24 14:15:51,786.95,3839072
2021-05-24 14:15:51,786.95,3839072
2021-05-24 14:15:52,787.0,3839887
2021-05-24 14:15:53,787.0,3839928
2021-05-24 14:15:55,787.0,3839932
2021-05-24 14:15:56,787.0,3839992
2021-05-24 14:15:57,786.65,3840250
2021-05-24 14:15:58,786.6,3840289
2021-05-24 14:15:59,786.75,3840301
2021-05-24 14:15:59,786.9,3840378
2021-05-24 14:16:01,786.9,3840378
2021-05-24 14:16:02,786.9,3840392
2021-05-24 14:16:03,787.0,3841039
2021-05-24 14:16:04,786.85,3841082
2021-05-24 14:16:05,786.9,3841085
2021-05-24 14:16:06,786.7,3841243
2021-05-24 14:16:07,786.95,3841260
2021-05-24 14:16:08,786.65,3841711
2021-05-24 14:16:09,786.95,3841733
2021-05-24 14:16:10,786.95,3841734
2021-05-24 14:16:12,786.65,3841855
2021-05-24 14:16:13,786.65,3841867
2021-05-24 14:16:14,786.65,3841914
2021-05-24 14:16:16,786.95,3841968
2021-05-24 14:16:15,786.95,3841916
2021-05-24 14:16:17,786.95,3842070
2021-05-24 14:16:18,786.95,3842085
2021-05-24 14:16:19,786.95,3842086
2021-05-24 14:16:20,786.65,3842188
2021-05-24 14:16:21,786.95,3842193
2021-05-24 14:16:22,786.95,3842194
2021-05-24 14:16:23,786.95,3842194
2021-05-24 14:16:24,786.95,3842194
2021-05-24 14:16:25,786.85,3842400
2021-05-24 14:16:26,786.95,3842410
2021-05-24 14:16:27,787.0,3842704
2021-05-24 14:16:28,787.4,3854457
2021-05-24 14:16:29,787.35,3855372
2021-05-24 14:16:30,787.2,3855498
2021-05-24 14:16:31,787.4,3855505
2021-05-24 14:16:32,787.2,3855537
2021-05-24 14:16:33,787.4,3855690
2021-05-24 14:16:34,787.4,3856049
2021-05-24 14:16:35,787.3,3856382
2021-05-24 14:16:36,787.4,3856400
2021-05-24 14:16:37,787.4,3856725
2021-05-24 14:16:38,787.4,3856741
2021-05-24 14:16:39,787.4,3857100
2021-05-24 14:16:40,787.4,3857443
2021-05-24 14:16:41,787.35,3857743
2021-05-24 14:16:42,787.15,3857804
2021-05-24 14:16:43,787.15,3857823
2021-05-24 14:16:44,787.25,3857844
2021-05-24 14:16:45,787.2,3858783
2021-05-24 14:16:46,787.35,3858830
2021-05-24 14:16:47,787.2,3858844
2021-05-24 14:16:48,787.35,3858975
2021-05-24 14:16:49,787.35,3858982
2021-05-24 14:16:50,787.15,3859068
2021-05-24 14:16:51,787.1,3859224
2021-05-24 14:16:52,787.35,3859236
2021-05-24 14:16:53,787.35,3859236
2021-05-24 14:16:54,787.35,3859238
2021-05-24 14:16:54,787.35,3859238
2021-05-24 14:16:55,787.35,3859238
2021-05-24 14:16:56,787.15,3859278
2021-05-24 14:16:58,787.15,3859287
2021-05-24 14:16:59,787.25,3859298
2021-05-24 14:17:00,787.15,3859374
2021-05-24 14:17:01,787.35,3859379
2021-05-24 14:17:02,787.35,3859482
2021-05-24 14:17:03,787.35,3859513
2021-05-24 14:17:04,787.35,3859516
2021-05-24 14:17:05,787.35,3859529
2021-05-24 14:17:06,787.4,3859530
2021-05-24 14:17:07,787.35,3859535
2021-05-24 14:17:08,787.35,3859569
2021-05-24 14:17:09,787.15,3860069
2021-05-24 14:17:09,787.2,3860122
2021-05-24 14:17:10,787.2,3860230
2021-05-24 14:17:11,787.2,3860261
2021-05-24 14:17:12,787.15,3860262
2021-05-24 14:17:13,787.15,3860310
2021-05-24 14:17:15,787.15,3860436
2021-05-24 14:17:16,787.15,3860437
2021-05-24 14:17:17,787.15,3860573
2021-05-24 14:17:18,787.15,3860574
2021-05-24 14:17:19,787.05,3860659
2021-05-24 14:17:20,787.05,3860660
2021-05-24 14:17:21,787.0,3860960
2021-05-24 14:17:22,787.05,3861026
2021-05-24 14:17:24,787.0,3861296
2021-05-24 14:17:25,787.15,3861304
2021-05-24 14:17:26,787.15,3861404
2021-05-24 14:17:27,787.15,3861501
2021-05-24 14:17:28,787.1,3861508
2021-05-24 14:17:28,787.1,3861508
2021-05-24 14:17:30,787.0,3861550
2021-05-24 14:17:31,787.1,3861551
2021-05-24 14:17:32,787.1,3861555
2021-05-24 14:17:33,787.1,3861561
2021-05-24 14:17:34,787.05,3861600
2021-05-24 14:17:34,787.05,3861586
2021-05-24 14:17:35,787.15,3861669
2021-05-24 14:17:36,787.15,3861675
2021-05-24 14:17:38,787.0,3862236
2021-05-24 14:17:39,787.15,3862264
2021-05-24 14:17:40,787.15,3862265
2021-05-24 14:17:41,787.15,3862267
2021-05-24 14:17:42,787.15,3862267
2021-05-24 14:17:43,787.15,3862267
2021-05-24 14:17:44,787.15,3862321
2021-05-24 14:17:45,787.0,3862723
2021-05-24 14:17:46,787.0,3862771
2021-05-24 14:17:47,787.0,3862771
2021-05-24 14:17:48,786.8,3864407
2021-05-24 14:17:49,786.9,3864494
2021-05-24 14:17:50,786.9,3864495
2021-05-24 14:17:51,786.9,3864495
2021-05-24 14:17:52,786.65,3864545
2021-05-24 14:17:52,786.65,3864545
2021-05-24 14:17:53,786.6,3864647
2021-05-24 14:17:54,786.8,3864653
2021-05-24 14:17:55,786.95,3865134
2021-05-24 14:17:56,786.85,3865163
2021-05-24 14:17:58,786.6,3865379
2021-05-24 14:17:58,786.85,3865390
2021-05-24 14:17:59,786.65,3865481
2021-05-24 14:18:00,786.9,3865907
2021-05-24 14:18:01,786.9,3865908
2021-05-24 14:18:02,786.9,3865908
2021-05-24 14:18:04,786.9,3865909
2021-05-24 14:18:05,786.6,3866009
2021-05-24 14:18:06,786.65,3866024
2021-05-24 14:18:07,786.65,3866029
2021-05-24 14:18:08,786.9,3866041
2021-05-24 14:18:09,786.9,3866042
2021-05-24 14:18:10,786.9,3866042
2021-05-24 14:18:11,786.9,3866043
2021-05-24 14:18:12,786.7,3866095
2021-05-24 14:18:13,786.9,3866119
2021-05-24 14:18:14,786.8,3866121
2021-05-24 14:18:15,786.8,3866122
2021-05-24 14:18:16,786.8,3866122
2021-05-24 14:18:17,786.8,3866122
2021-05-24 14:18:18,786.8,3866122
2021-05-24 14:18:19,786.85,3866123
2021-05-24 14:18:20,786.85,3866123
2021-05-24 14:18:22,786.7,3866186
2021-05-24 14:18:23,786.7,3866211
2021-05-24 14:18:24,786.65,3866265
2021-05-24 14:18:25,786.7,3866304
2021-05-24 14:18:26,786.7,3866305
2021-05-24 14:18:27,786.7,3866322
2021-05-24 14:18:28,786.65,3866327
2021-05-24 14:18:29,786.7,3866328
2021-05-24 14:18:30,786.65,3866402
2021-05-24 14:18:31,786.65,3866415
2021-05-24 14:18:33,786.7,3866416
2021-05-24 14:18:32,786.7,3866416
2021-05-24 14:18:34,786.7,3866417
2021-05-24 14:18:35,786.65,3866522
2021-05-24 14:18:36,786.65,3866602
2021-05-24 14:18:37,786.9,3866606
2021-05-24 14:18:38,786.9,3866661
2021-05-24 14:18:39,786.65,3866745
2021-05-24 14:18:40,786.9,3866750
2021-05-24 14:18:41,786.75,3866776
2021-05-24 14:18:42,786.9,3866777
2021-05-24 14:18:43,786.9,3866807
2021-05-24 14:18:44,786.9,3866809
2021-05-24 14:18:45,786.7,3866862
2021-05-24 14:18:46,786.9,3866940
2021-05-24 14:18:47,786.9,3866944
2021-05-24 14:18:48,786.9,3866944
2021-05-24 14:18:49,786.75,3866967
2021-05-24 14:18:50,786.9,3866969
2021-05-24 14:18:53,786.9,3866994
2021-05-24 14:18:54,786.9,3866995
2021-05-24 14:18:55,786.9,3866995
2021-05-24 14:18:56,786.9,3866995
2021-05-24 14:18:57,786.9,3866999
2021-05-24 14:18:58,786.9,3867000
2021-05-24 14:18:59,786.95,3867580
2021-05-24 14:19:00,787.0,3869004
2021-05-24 14:19:01,787.3,3871924
2021-05-24 14:19:02,787.3,3872071
2021-05-24 14:19:03,787.05,3873505
2021-05-24 14:19:04,787.0,3873591
2021-05-24 14:19:05,787.0,3873622
2021-05-24 14:19:06,787.0,3873625
2021-05-24 14:19:07,787.0,3873627
2021-05-24 14:19:08,787.0,3873628
2021-05-24 14:19:09,787.25,3874253
2021-05-24 14:19:10,787.15,3874260
2021-05-24 14:19:11,787.15,3874260
2021-05-24 14:19:12,787.0,3875185
2021-05-24 14:19:13,787.25,3875231
2021-05-24 14:19:14,787.0,3875234
2021-05-24 14:19:15,787.25,3875460
2021-05-24 14:19:16,787.2,3875474
2021-05-24 14:19:17,787.0,3875584
2021-05-24 14:19:18,787.15,3875594
2021-05-24 14:19:19,787.15,3875594
2021-05-24 14:19:20,787.15,3875594
2021-05-24 14:19:21,787.15,3875594
2021-05-24 14:19:22,787.15,3875624
2021-05-24 14:19:25,787.15,3875837
2021-05-24 14:19:26,787.15,3875851
2021-05-24 14:19:27,787.0,3875862
2021-05-24 14:19:28,787.15,3875863
2021-05-24 14:19:29,787.0,3875873
2021-05-24 14:19:30,787.1,3875933
2021-05-24 14:19:31,787.15,3875936
2021-05-24 14:19:32,787.1,3875938
2021-05-24 14:19:33,787.0,3876138
2021-05-24 14:19:34,787.25,3876174
2021-05-24 14:19:35,787.25,3876176
2021-05-24 14:19:36,787.25,3876176
2021-05-24 14:19:37,787.25,3876176
2021-05-24 14:19:38,787.25,3876176
2021-05-24 14:19:39,787.25,3876235
2021-05-24 14:19:40,787.05,3876240
2021-05-24 14:19:41,787.25,3876241
2021-05-24 14:19:42,787.2,3876245
2021-05-24 14:19:43,787.2,3876248
2021-05-24 14:19:44,787.2,3876248
2021-05-24 14:19:45,787.2,3876386
2021-05-24 14:19:46,787.2,3876389
2021-05-24 14:19:47,786.85,3877389
2021-05-24 14:19:48,787.15,3877442
2021-05-24 14:19:50,787.15,3877442
2021-05-24 14:19:51,786.85,3877542
2021-05-24 14:19:52,787.2,3877544
2021-05-24 14:19:53,787.2,3877600
2021-05-24 14:19:54,787.2,3877603
2021-05-24 14:19:55,787.2,3877603
2021-05-24 14:19:56,786.9,3877667
2021-05-24 14:19:57,787.2,3877760
2021-05-24 14:19:58,786.95,3877975
2021-05-24 14:19:59,787.2,3877987
2021-05-24 14:20:00,787.2,3878093
2021-05-24 14:20:01,787.2,3878119
2021-05-24 14:20:02,787.2,3878123
2021-05-24 14:20:03,787.2,3878125
2021-05-24 14:20:04,787.2,3878222
2021-05-24 14:20:05,787.2,3878730
2021-05-24 14:20:06,787.2,3878778
2021-05-24 14:20:07,787.2,3878780
2021-05-24 14:20:08,787.1,3878830
2021-05-24 14:20:09,787.2,3878922
2021-05-24 14:20:10,787.25,3878928
2021-05-24 14:20:11,787.2,3878938
2021-05-24 14:20:12,787.25,3878939
2021-05-24 14:20:13,787.25,3878940
2021-05-24 14:20:14,787.25,3878940
2021-05-24 14:20:15,787.25,3878973
2021-05-24 14:20:16,787.25,3879142
2021-05-24 14:20:17,787.25,3879156
2021-05-24 14:20:19,787.25,3879420
2021-05-24 14:20:19,787.25,3879420
2021-05-24 14:20:20,787.25,3879420
2021-05-24 14:20:21,787.25,3879500
2021-05-24 14:20:22,787.25,3879553
2021-05-24 14:20:23,787.15,3879618
2021-05-24 14:20:24,787.25,3879648
2021-05-24 14:20:25,787.25,3879650
2021-05-24 14:20:26,787.25,3879650
2021-05-24 14:20:27,787.2,3879700
2021-05-24 14:20:28,787.25,3879716
2021-05-24 14:20:29,787.25,3879805
2021-05-24 14:20:30,787.25,3879810
2021-05-24 14:20:31,787.25,3879964
2021-05-24 14:20:32,787.25,3879971
2021-05-24 14:20:33,787.25,3879973
2021-05-24 14:20:34,787.2,3879974
2021-05-24 14:20:35,787.15,3880161
2021-05-24 14:20:36,787.15,3880196
2021-05-24 14:20:37,787.25,3880248
2021-05-24 14:20:38,787.25,3880251
2021-05-24 14:20:39,787.25,3880251
2021-05-24 14:20:40,787.25,3880294
2021-05-24 14:20:41,787.25,3880294
2021-05-24 14:20:42,787.25,3880294
2021-05-24 14:20:43,787.25,3880294
2021-05-24 14:20:44,787.2,3880324
2021-05-24 14:20:45,787.0,3880437
2021-05-24 14:20:46,787.25,3880444
2021-05-24 14:20:47,787.25,3880444
2021-05-24 14:20:48,787.05,3880455
2021-05-24 14:20:49,787.25,3880755
2021-05-24 14:20:50,787.25,3880770
2021-05-24 14:20:52,787.25,3880771
2021-05-24 14:20:52,787.25,3880771
2021-05-24 14:20:53,787.0,3880871
2021-05-24 14:20:54,787.2,3880876
2021-05-24 14:20:55,787.2,3880877
2021-05-24 14:20:56,787.15,3880878
2021-05-24 14:20:57,787.15,3880878
2021-05-24 14:20:58,787.0,3880928
2021-05-24 14:20:59,787.2,3880932
2021-05-24 14:21:00,787.2,3880932
2021-05-24 14:21:01,787.2,3880932
2021-05-24 14:21:02,787.15,3880936
2021-05-24 14:21:03,787.0,3881036
2021-05-24 14:21:04,787.2,3881060
2021-05-24 14:21:05,787.2,3881061
2021-05-24 14:21:06,787.0,3881071
2021-05-24 14:21:07,787.2,3881072
2021-05-24 14:21:08,787.2,3881105
2021-05-24 14:21:09,787.0,3881611
2021-05-24 14:21:10,787.0,3883347
2021-05-24 14:21:11,787.25,3883965
2021-05-24 14:21:12,787.25,3884090
2021-05-24 14:21:13,787.15,3884244
2021-05-24 14:21:14,787.25,3884259
2021-05-24 14:21:15,787.25,3884281
2021-05-24 14:21:16,787.25,3884282
2021-05-24 14:21:17,787.25,3884283
2021-05-24 14:21:18,787.2,3884284
2021-05-24 14:21:19,787.25,3884299
2021-05-24 14:21:20,787.25,3884440
2021-05-24 14:21:22,787.2,3884564
2021-05-24 14:21:22,787.2,3884564
2021-05-24 14:21:23,787.1,3884571
2021-05-24 14:21:24,787.0,3884646
2021-05-24 14:21:25,787.2,3884700
2021-05-24 14:21:26,787.2,3884703
2021-05-24 14:21:27,787.2,3884703
2021-05-24 14:21:28,786.85,3886703
2021-05-24 14:21:29,787.15,3886804
2021-05-24 14:21:30,787.1,3887239
2021-05-24 14:21:31,787.2,3887311
2021-05-24 14:21:32,786.85,3887610
2021-05-24 14:21:33,787.15,3887623
2021-05-24 14:21:34,787.2,3887626
2021-05-24 14:21:37,786.9,3887950
2021-05-24 14:21:39,786.9,3888164
2021-05-24 14:21:40,787.05,3888174
2021-05-24 14:21:41,787.05,3888175
2021-05-24 14:21:42,787.05,3888175
2021-05-24 14:21:43,786.85,3888675
2021-05-24 14:21:44,787.0,3888700
2021-05-24 14:21:45,786.7,3891831
2021-05-24 14:21:46,786.95,3892113
2021-05-24 14:21:47,787.0,3892126
2021-05-24 14:21:48,787.0,3892127
2021-05-24 14:21:50,786.9,3892182
2021-05-24 14:21:50,786.9,3892182
2021-05-24 14:21:51,787.0,3892215
2021-05-24 14:21:52,787.0,3892215
2021-05-24 14:21:53,786.9,3892235
2021-05-24 14:21:54,786.9,3892237
2021-05-24 14:21:55,787.0,3892238
2021-05-24 14:21:56,787.0,3892238
2021-05-24 14:21:57,787.0,3892253
2021-05-24 14:21:58,787.0,3892306
2021-05-24 14:21:59,787.0,3892308
2021-05-24 14:22:01,787.0,3892310
2021-05-24 14:22:01,787.0,3892310
2021-05-24 14:22:02,786.8,3892732
2021-05-24 14:22:03,787.0,3892754
2021-05-24 14:22:04,787.0,3892755
2021-05-24 14:22:05,786.8,3892855
2021-05-24 14:22:06,787.0,3892860
2021-05-24 14:22:07,786.8,3893055
2021-05-24 14:22:08,787.0,3893181
2021-05-24 14:22:09,787.0,3893187
2021-05-24 14:22:11,786.85,3893229
2021-05-24 14:22:12,786.85,3893229
2021-05-24 14:22:13,786.8,3893550
2021-05-24 14:22:14,786.8,3893567
2021-05-24 14:22:16,786.8,3893570
2021-05-24 14:22:17,786.8,3893570
2021-05-24 14:22:18,786.8,3893570
2021-05-24 14:22:19,786.8,3893576
2021-05-24 14:22:20,786.75,3893591
2021-05-24 14:22:21,786.75,3893627
2021-05-24 14:22:22,786.8,3893628
2021-05-24 14:22:23,786.8,3893630
2021-05-24 14:22:24,786.8,3893774
2021-05-24 14:22:25,786.8,3893798
2021-05-24 14:22:26,786.8,3893798
2021-05-24 14:22:27,786.8,3893819
2021-05-24 14:22:28,786.8,3893819
2021-05-24 14:22:29,786.8,3893819
2021-05-24 14:22:30,786.75,3893839
2021-05-24 14:22:31,786.7,3894435
2021-05-24 14:22:32,786.75,3894489
2021-05-24 14:22:33,786.75,3894490
2021-05-24 14:22:34,786.7,3895792
2021-05-24 14:22:35,786.7,3896459
2021-05-24 14:22:36,786.8,3896511
2021-05-24 14:22:37,786.8,3896581
2021-05-24 14:22:38,786.8,3897106
2021-05-24 14:22:40,787.0,3898157
2021-05-24 14:22:41,786.75,3898180
2021-05-24 14:22:42,786.95,3898181
2021-05-24 14:22:43,786.95,3898183
2021-05-24 14:22:44,786.95,3898183
2021-05-24 14:22:44,786.95,3898183
2021-05-24 14:22:45,786.95,3898183
2021-05-24 14:22:46,786.95,3898183
2021-05-24 14:22:47,786.95,3898183
2021-05-24 14:22:48,786.95,3898190
2021-05-24 14:22:49,786.95,3898190
2021-05-24 14:22:50,786.95,3898190
2021-05-24 14:22:51,786.6,3898372
2021-05-24 14:22:52,786.7,3899347
2021-05-24 14:22:53,786.7,3899384
2021-05-24 14:22:54,786.7,3899384
2021-05-24 14:22:55,786.7,3899427
2021-05-24 14:22:56,786.8,3899485
2021-05-24 14:22:57,786.8,3899487
2021-05-24 14:22:58,786.75,3899491
2021-05-24 14:22:59,786.75,3899642
2021-05-24 14:23:00,786.75,3899702
2021-05-24 14:23:01,786.75,3899703
2021-05-24 14:23:02,786.75,3900019
2021-05-24 14:23:03,786.75,3900439
2021-05-24 14:23:04,786.75,3900441
2021-05-24 14:23:05,786.6,3900741
2021-05-24 14:23:06,786.75,3900846
2021-05-24 14:23:07,786.75,3900846
2021-05-24 14:23:09,786.7,3900988
2021-05-24 14:23:10,786.7,3900993
2021-05-24 14:23:11,786.6,3901003
2021-05-24 14:23:12,786.7,3901015
2021-05-24 14:23:13,786.7,3901015
2021-05-24 14:23:14,786.7,3901057
2021-05-24 14:23:15,786.7,3901057
2021-05-24 14:23:16,786.75,3902057
2021-05-24 14:23:17,786.75,3902324
2021-05-24 14:23:18,786.75,3902325
2021-05-24 14:23:19,786.75,3902357
2021-05-24 14:23:20,786.75,3902357
2021-05-24 14:23:21,786.75,3902473
2021-05-24 14:23:22,786.75,3902626
2021-05-24 14:23:23,786.75,3902629
2021-05-24 14:23:24,786.75,3902629
2021-05-24 14:23:25,786.75,3902629
2021-05-24 14:23:27,786.75,3902629
2021-05-24 14:23:28,786.75,3902630
2021-05-24 14:23:29,786.75,3902630
2021-05-24 14:23:29,786.75,3902630
2021-05-24 14:23:30,786.75,3902632
2021-05-24 14:23:31,786.75,3902632
2021-05-24 14:23:32,786.75,3902632
2021-05-24 14:23:33,786.75,3902640
2021-05-24 14:23:34,786.75,3902642
2021-05-24 14:23:35,786.75,3902642
2021-05-24 14:23:37,786.75,3902675
2021-05-24 14:23:37,786.75,3902675
2021-05-24 14:23:38,786.75,3902675
2021-05-24 14:23:39,786.75,3902675
2021-05-24 14:23:41,786.75,3902701
2021-05-24 14:23:42,786.65,3902703
2021-05-24 14:23:44,786.65,3902703
2021-05-24 14:23:44,786.75,3902704
2021-05-24 14:23:45,786.75,3902704
2021-05-24 14:23:46,786.7,3902706
2021-05-24 14:23:47,786.7,3902707
2021-05-24 14:23:48,786.65,3902709
2021-05-24 14:23:49,786.7,3902710
2021-05-24 14:23:50,786.75,3902731
2021-05-24 14:23:51,786.75,3902732
2021-05-24 14:23:52,786.75,3902732
2021-05-24 14:23:53,786.55,3903243
2021-05-24 14:23:54,786.75,3903269
2021-05-24 14:23:55,786.6,3903375
2021-05-24 14:23:56,786.75,3903380
2021-05-24 14:23:57,786.7,3903491
2021-05-24 14:23:58,786.75,3903495
2021-05-24 14:23:59,786.75,3904131
2021-05-24 14:24:00,786.7,3904137
2021-05-24 14:24:02,786.7,3904137
2021-05-24 14:24:03,786.7,3904147
2021-05-24 14:24:04,786.7,3905229
2021-05-24 14:24:04,786.7,3905284
2021-05-24 14:24:05,786.7,3905536
2021-05-24 14:24:06,786.7,3905655
2021-05-24 14:24:07,786.7,3905655
2021-05-24 14:24:09,786.75,3907028
2021-05-24 14:24:10,786.5,3907568
2021-05-24 14:24:11,786.7,3907642
2021-05-24 14:24:12,786.7,3907645
2021-05-24 14:24:14,786.7,3907646
2021-05-24 14:24:15,786.7,3907667
2021-05-24 14:24:16,786.7,3907668
2021-05-24 14:24:17,786.7,3907690
2021-05-24 14:24:17,786.7,3907703
2021-05-24 14:24:18,786.7,3907705
2021-05-24 14:24:19,786.7,3907705
2021-05-24 14:24:20,786.7,3907705
2021-05-24 14:24:21,786.7,3907734
2021-05-24 14:24:22,786.5,3907838
2021-05-24 14:24:23,786.6,3907852
2021-05-24 14:24:24,786.7,3909153
2021-05-24 14:24:25,786.7,3909218
2021-05-24 14:24:26,786.7,3909221
2021-05-24 14:24:27,786.7,3909222
2021-05-24 14:24:28,786.5,3909643
2021-05-24 14:24:29,786.7,3910151
2021-05-24 14:24:30,786.7,3910152
2021-05-24 14:24:32,786.7,3910303
2021-05-24 14:24:33,786.45,3910781
2021-05-24 14:24:34,786.7,3910807
2021-05-24 14:24:35,786.7,3910807
2021-05-24 14:24:35,786.7,3910807
2021-05-24 14:24:36,786.6,3910832
2021-05-24 14:24:37,786.7,3910833
2021-05-24 14:24:38,786.75,3912848
2021-05-24 14:24:39,786.85,3914219
2021-05-24 14:24:40,786.85,3914367
2021-05-24 14:24:41,787.0,3914369
2021-05-24 14:24:42,787.0,3914369
2021-05-24 14:24:43,787.0,3914369
2021-05-24 14:24:45,786.7,3914634
2021-05-24 14:24:46,787.0,3914649
2021-05-24 14:24:47,787.0,3914650
2021-05-24 14:24:48,786.75,3914801
2021-05-24 14:24:49,786.9,3914808
2021-05-24 14:24:50,786.9,3914810
2021-05-24 14:24:51,786.9,3914810
2021-05-24 14:24:52,787.0,3916510
2021-05-24 14:24:53,787.0,3916595
2021-05-24 14:24:54,786.9,3916619
2021-05-24 14:24:55,786.9,3916774
2021-05-24 14:24:55,786.9,3916774
2021-05-24 14:24:56,786.85,3916776
2021-05-24 14:24:58,786.9,3916904
2021-05-24 14:24:59,786.9,3916958
2021-05-24 14:25:00,786.9,3916960
2021-05-24 14:25:01,786.9,3916960
2021-05-24 14:25:02,786.9,3916960
2021-05-24 14:25:03,786.9,3917075
2021-05-24 14:25:04,786.9,3917075
2021-05-24 14:25:05,786.9,3917084
2021-05-24 14:25:06,786.9,3917294
2021-05-24 14:25:08,786.9,3917306
2021-05-24 14:25:09,786.9,3917306
2021-05-24 14:25:10,786.9,3917306
2021-05-24 14:25:11,786.9,3917306
2021-05-24 14:25:12,786.9,3917306
2021-05-24 14:25:13,786.9,3917306
2021-05-24 14:25:14,786.9,3917306
2021-05-24 14:25:15,786.9,3917306
2021-05-24 14:25:16,786.9,3917307
2021-05-24 14:25:17,786.85,3917312
2021-05-24 14:25:18,786.9,3917313
2021-05-24 14:25:19,786.9,3917313
2021-05-24 14:25:20,786.9,3917313
2021-05-24 14:25:20,786.9,3917313
2021-05-24 14:25:21,786.75,3917464
2021-05-24 14:25:22,786.9,3917477
2021-05-24 14:25:23,786.9,3917477
2021-05-24 14:25:25,786.9,3917485
2021-05-24 14:25:26,786.75,3917993
2021-05-24 14:25:27,786.85,3918018
2021-05-24 14:25:28,786.8,3918305
2021-05-24 14:25:29,786.85,3918306
2021-05-24 14:25:30,786.75,3918413
2021-05-24 14:25:31,786.65,3918847
2021-05-24 14:25:31,786.85,3918848
2021-05-24 14:25:33,786.6,3919099
2021-05-24 14:25:35,786.85,3919115
2021-05-24 14:25:35,786.85,3919115
2021-05-24 14:25:36,786.85,3919115
2021-05-24 14:25:37,786.85,3919115
2021-05-24 14:25:38,786.75,3919130
2021-05-24 14:25:40,786.65,3920748
2021-05-24 14:25:40,786.65,3920753
2021-05-24 14:25:41,786.4,3920783
2021-05-24 14:25:42,786.35,3920874
2021-05-24 14:25:43,786.65,3920882
2021-05-24 14:25:45,786.5,3920885
2021-05-24 14:25:46,786.6,3922985
2021-05-24 14:25:47,786.5,3922991
2021-05-24 14:25:48,786.1,3923453
2021-05-24 14:25:49,786.45,3923476
2021-05-24 14:25:50,786.45,3923477
2021-05-24 14:25:51,786.1,3923622
2021-05-24 14:25:52,786.25,3923667
2021-05-24 14:25:52,786.4,3925977
2021-05-24 14:25:53,786.4,3926035
2021-05-24 14:25:55,786.2,3926036
2021-05-24 14:25:56,786.2,3926036
2021-05-24 14:25:56,786.25,3926066
2021-05-24 14:25:57,786.25,3926068
2021-05-24 14:25:58,786.25,3926068
2021-05-24 14:25:59,786.1,3926093
2021-05-24 14:26:00,786.1,3926097
2021-05-24 14:26:01,786.35,3926098
2021-05-24 14:26:02,786.35,3926099
2021-05-24 14:26:03,786.35,3926099
2021-05-24 14:26:05,786.45,3926204
2021-05-24 14:26:06,786.4,3926206
2021-05-24 14:26:07,786.4,3926217
2021-05-24 14:26:08,786.25,3926224
2021-05-24 14:26:09,786.45,3926724
2021-05-24 14:26:10,786.4,3926750
2021-05-24 14:26:11,786.25,3926772
2021-05-24 14:26:12,786.4,3926773
2021-05-24 14:26:13,786.35,3926810
2021-05-24 14:26:14,786.4,3927799
2021-05-24 14:26:14,786.35,3927752
2021-05-24 14:26:17,786.4,3927875
2021-05-24 14:26:17,786.4,3927875
2021-05-24 14:26:18,786.35,3927880
2021-05-24 14:26:20,786.4,3927881
2021-05-24 14:26:21,786.4,3927931
2021-05-24 14:26:22,786.4,3927941
2021-05-24 14:26:23,786.4,3927966
2021-05-24 14:26:24,786.4,3927968
2021-05-24 14:26:25,786.35,3928098
2021-05-24 14:26:26,786.4,3928105
2021-05-24 14:26:27,786.35,3928190
2021-05-24 14:26:28,786.4,3928196
2021-05-24 14:26:30,786.35,3928201
2021-05-24 14:26:31,786.35,3928201
2021-05-24 14:26:32,786.35,3928204
2021-05-24 14:26:33,786.4,3928205
2021-05-24 14:26:34,786.4,3928213
2021-05-24 14:26:35,786.4,3928213
2021-05-24 14:26:36,786.4,3928236
2021-05-24 14:26:38,786.4,3928240
2021-05-24 14:26:39,786.4,3928451
2021-05-24 14:26:40,786.4,3928451
2021-05-24 14:26:41,786.4,3928452
2021-05-24 14:26:42,786.4,3928452
2021-05-24 14:26:43,786.4,3928452
2021-05-24 14:26:43,786.4,3928453
2021-05-24 14:26:45,786.4,3928453
2021-05-24 14:26:48,786.4,3928501
2021-05-24 14:26:49,786.4,3928519
2021-05-24 14:26:50,786.4,3928520
2021-05-24 14:26:51,786.4,3928520
2021-05-24 14:26:52,786.35,3928699
2021-05-24 14:26:53,786.35,3929000
2021-05-24 14:26:54,786.35,3929016
2021-05-24 14:26:55,786.35,3929050
2021-05-24 14:26:56,786.4,3929052
2021-05-24 14:26:58,786.4,3929057
2021-05-24 14:26:59,786.4,3929057
2021-05-24 14:27:00,786.4,3929059
2021-05-24 14:27:01,786.4,3929059
2021-05-24 14:27:01,786.4,3929059
2021-05-24 14:27:02,786.4,3929059
2021-05-24 14:27:04,786.4,3929387
2021-05-24 14:27:05,786.25,3929416
2021-05-24 14:27:06,786.25,3929459
2021-05-24 14:27:07,786.1,3929541
2021-05-24 14:27:08,786.35,3929545
2021-05-24 14:27:10,786.4,3929636
2021-05-24 14:27:11,786.4,3929636
2021-05-24 14:27:12,786.4,3932796
2021-05-24 14:27:13,786.45,3941107
2021-05-24 14:27:13,786.65,3941235
2021-05-24 14:27:14,786.55,3941735
2021-05-24 14:27:15,786.9,3942365
2021-05-24 14:27:16,786.9,3942368
2021-05-24 14:27:18,786.95,3943013
2021-05-24 14:27:19,786.95,3943020
2021-05-24 14:27:20,786.95,3943020
2021-05-24 14:27:21,786.95,3943020
2021-05-24 14:27:22,786.95,3943042
2021-05-24 14:27:23,786.95,3943169
2021-05-24 14:27:24,786.95,3943675
2021-05-24 14:27:25,786.95,3943702
2021-05-24 14:27:26,786.95,3943861
2021-05-24 14:27:27,786.95,3943865
2021-05-24 14:27:28,787.0,3944311
2021-05-24 14:27:29,786.9,3944359
2021-05-24 14:27:30,786.9,3944702
2021-05-24 14:27:30,787.0,3946294
2021-05-24 14:27:31,787.0,3946377
2021-05-24 14:27:32,787.0,3946377
2021-05-24 14:27:34,786.95,3946379
2021-05-24 14:27:35,787.0,3946386
2021-05-24 14:27:36,787.0,3946386
2021-05-24 14:27:37,786.95,3946437
2021-05-24 14:27:39,786.95,3946509
2021-05-24 14:27:38,787.0,3946507
2021-05-24 14:27:40,787.0,3946520
2021-05-24 14:27:41,786.95,3946803
2021-05-24 14:27:42,787.0,3946893
2021-05-24 14:27:43,787.0,3946893
2021-05-24 14:27:44,787.0,3947050
2021-05-24 14:27:44,787.0,3947051
2021-05-24 14:27:45,787.0,3947051
2021-05-24 14:27:46,787.0,3947051
2021-05-24 14:27:47,787.0,3947070
2021-05-24 14:27:48,787.0,3947070
2021-05-24 14:27:49,787.0,3947152
2021-05-24 14:27:50,786.95,3947348
2021-05-24 14:27:51,786.95,3947469
2021-05-24 14:27:52,787.0,3947995
2021-05-24 14:27:54,786.95,3947996
2021-05-24 14:27:55,786.75,3948004
2021-05-24 14:27:56,786.75,3948004
2021-05-24 14:27:57,786.75,3948020
2021-05-24 14:27:58,786.95,3948022
2021-05-24 14:27:59,786.95,3948384
2021-05-24 14:28:00,787.0,3948477
2021-05-24 14:28:01,787.0,3948477
2021-05-24 14:28:02,787.0,3948972
2021-05-24 14:28:03,787.0,3948982
2021-05-24 14:28:04,787.0,3948982
2021-05-24 14:28:05,786.9,3949032
2021-05-24 14:28:06,787.0,3949035
2021-05-24 14:28:07,787.0,3949096
2021-05-24 14:28:08,787.0,3949096
2021-05-24 14:28:09,787.0,3949115
2021-05-24 14:28:10,787.0,3949116
2021-05-24 14:28:11,787.0,3949116
2021-05-24 14:28:12,787.0,3949116
2021-05-24 14:28:13,786.85,3949246
2021-05-24 14:28:14,787.0,3949332
2021-05-24 14:28:15,786.9,3949356
2021-05-24 14:28:16,787.0,3949376
2021-05-24 14:28:17,787.0,3949377
2021-05-24 14:28:18,787.0,3949377
2021-05-24 14:28:19,787.0,3949377
2021-05-24 14:28:19,786.85,3949427
2021-05-24 14:28:20,787.0,3949430
2021-05-24 14:28:21,787.0,3949430
2021-05-24 14:28:22,787.0,3949431
2021-05-24 14:28:23,786.85,3949633
2021-05-24 14:28:25,787.0,3949640
2021-05-24 14:28:26,787.0,3950540
2021-05-24 14:28:27,786.9,3950606
2021-05-24 14:28:28,787.0,3950608
2021-05-24 14:28:29,787.0,3950609
2021-05-24 14:28:30,787.0,3950609
2021-05-24 14:28:31,787.0,3950609
2021-05-24 14:28:32,787.0,3950609
2021-05-24 14:28:33,786.9,3950683
2021-05-24 14:28:34,786.95,3950846
2021-05-24 14:28:35,786.95,3950856
2021-05-24 14:28:36,786.9,3950902
2021-05-24 14:28:37,786.95,3950940
2021-05-24 14:28:38,786.95,3950942
2021-05-24 14:28:39,786.95,3950942
2021-05-24 14:28:40,786.95,3950948
2021-05-24 14:28:41,786.95,3950948
2021-05-24 14:28:42,786.95,3950948
2021-05-24 14:28:43,786.95,3950952
2021-05-24 14:28:43,786.95,3950989
2021-05-24 14:28:44,787.0,3951239
2021-05-24 14:28:45,787.0,3951390
2021-05-24 14:28:47,787.0,3951393
2021-05-24 14:28:48,787.0,3951395
2021-05-24 14:28:49,787.0,3951395
2021-05-24 14:28:50,787.0,3951395
2021-05-24 14:28:51,786.9,3951671
2021-05-24 14:28:52,787.0,3951686
2021-05-24 14:28:53,787.0,3951686
2021-05-24 14:28:54,786.9,3951688
2021-05-24 14:28:55,787.0,3951689
2021-05-24 14:28:56,787.0,3951689
2021-05-24 14:28:57,787.0,3951689
2021-05-24 14:28:58,787.0,3951689
2021-05-24 14:28:59,787.0,3951689
2021-05-24 14:29:00,787.0,3951694
2021-05-24 14:29:01,787.0,3951726
2021-05-24 14:29:02,786.9,3951918
2021-05-24 14:29:03,786.9,3952497
2021-05-24 14:29:04,786.95,3954195
2021-05-24 14:29:05,786.75,3954280
2021-05-24 14:29:06,786.75,3954280
2021-05-24 14:29:07,786.5,3954910
2021-05-24 14:29:08,786.7,3954942
2021-05-24 14:29:11,786.5,3955095
2021-05-24 14:29:12,786.6,3955097
2021-05-24 14:29:13,786.5,3955105
2021-05-24 14:29:14,786.65,3955108
2021-05-24 14:29:15,786.7,3955196
2021-05-24 14:29:16,786.55,3955225
2021-05-24 14:29:17,786.7,3955226
2021-05-24 14:29:18,786.7,3955226
2021-05-24 14:29:19,786.75,3955228
2021-05-24 14:29:20,786.6,3955293
2021-05-24 14:29:21,786.45,3955405
2021-05-24 14:29:22,786.7,3955687
2021-05-24 14:29:23,786.75,3955716
2021-05-24 14:29:24,786.75,3955717
2021-05-24 14:29:25,786.35,3955967
2021-05-24 14:29:26,786.35,3955967
2021-05-24 14:29:27,786.3,3956060
2021-05-24 14:29:28,786.75,3956122
2021-05-24 14:29:29,786.75,3956129
2021-05-24 14:29:30,786.3,3956159
2021-05-24 14:29:31,786.3,3956159
2021-05-24 14:29:32,786.65,3956161
2021-05-24 14:29:33,786.65,3956161
2021-05-24 14:29:34,786.65,3956161
2021-05-24 14:29:35,786.3,3956162
2021-05-24 14:29:36,786.3,3956162
2021-05-24 14:29:37,786.65,3956163
2021-05-24 14:29:38,786.3,3956186
2021-05-24 14:29:39,786.65,3956187
2021-05-24 14:29:40,786.65,3956188
2021-05-24 14:29:41,786.65,3956188
2021-05-24 14:29:42,786.35,3956206
2021-05-24 14:29:43,786.35,3956206
2021-05-24 14:29:44,786.65,3956337
2021-05-24 14:29:45,786.65,3956358
2021-05-24 14:29:46,786.65,3956450
2021-05-24 14:29:47,786.75,3956455
2021-05-24 14:29:48,786.65,3956525
2021-05-24 14:29:49,786.75,3956573
2021-05-24 14:29:50,786.75,3956574
2021-05-24 14:29:51,786.75,3956575
2021-05-24 14:29:52,786.75,3956575
2021-05-24 14:29:53,786.75,3956576
2021-05-24 14:29:54,786.7,3956861
2021-05-24 14:29:55,786.7,3956869
2021-05-24 14:29:56,786.7,3957026
2021-05-24 14:29:57,786.7,3957028
2021-05-24 14:29:59,786.7,3957083
2021-05-24 14:30:00,786.65,3957085
2021-05-24 14:30:01,786.65,3957110
2021-05-24 14:30:02,786.7,3957258
2021-05-24 14:30:03,786.7,3957259
2021-05-24 14:30:04,786.7,3957275
2021-05-24 14:30:05,786.7,3957277
2021-05-24 14:30:06,786.7,3957312
2021-05-24 14:30:07,786.7,3957331
2021-05-24 14:30:09,786.65,3957438
2021-05-24 14:30:10,786.65,3957446
2021-05-24 14:30:11,786.7,3957454
2021-05-24 14:30:12,786.7,3957461
2021-05-24 14:30:13,786.7,3957770
2021-05-24 14:30:14,786.7,3957925
2021-05-24 14:30:15,786.7,3957929
2021-05-24 14:30:16,786.7,3957929
2021-05-24 14:30:17,786.7,3957933
2021-05-24 14:30:18,786.7,3958274
2021-05-24 14:30:19,786.7,3958356
2021-05-24 14:30:21,786.7,3958440
2021-05-24 14:30:22,786.7,3958453
2021-05-24 14:30:23,786.4,3959467
2021-05-24 14:30:24,786.7,3959517
2021-05-24 14:30:25,786.7,3959520
2021-05-24 14:30:26,786.7,3959520
2021-05-24 14:30:27,786.7,3959520
2021-05-24 14:30:28,786.7,3959520
2021-05-24 14:30:29,786.7,3959521
2021-05-24 14:30:30,786.7,3959521
2021-05-24 14:30:31,786.7,3959522
2021-05-24 14:30:32,786.65,3959537
2021-05-24 14:30:33,786.7,3959539
2021-05-24 14:30:34,786.7,3959595
2021-05-24 14:30:35,786.7,3959595
2021-05-24 14:30:36,786.65,3959597
2021-05-24 14:30:37,786.65,3959597
2021-05-24 14:30:38,786.65,3959597
2021-05-24 14:30:39,786.65,3959597
2021-05-24 14:30:40,786.7,3959609
2021-05-24 14:30:41,786.7,3959609
2021-05-24 14:30:42,786.7,3959755
2021-05-24 14:30:43,786.7,3959762
2021-05-24 14:30:44,786.7,3959762
2021-05-24 14:30:45,786.7,3960005
2021-05-24 14:30:46,786.65,3960255
2021-05-24 14:30:47,786.7,3960269
2021-05-24 14:30:48,786.7,3960508
2021-05-24 14:30:49,786.7,3960510
2021-05-24 14:30:50,786.7,3960520
2021-05-24 14:30:51,786.65,3960521
2021-05-24 14:30:52,786.65,3960521
2021-05-24 14:30:53,786.75,3961995
2021-05-24 14:30:54,787.0,3964765
2021-05-24 14:30:55,787.0,3966200
2021-05-24 14:30:56,787.2,3967007
2021-05-24 14:30:57,787.2,3967212
2021-05-24 14:30:58,787.1,3967240
2021-05-24 14:30:59,787.4,3969774
2021-05-24 14:31:00,787.5,3974070
2021-05-24 14:31:02,787.5,3974380
2021-05-24 14:31:03,787.4,3975255
2021-05-24 14:31:04,787.55,3975620
2021-05-24 14:31:05,787.65,3975950
2021-05-24 14:31:06,787.9,3976801
2021-05-24 14:31:07,788.8,4008185
2021-05-24 14:31:08,788.95,4011511
2021-05-24 14:31:09,788.6,4018480
2021-05-24 14:31:10,788.95,4018993
2021-05-24 14:31:11,789.0,4019199
2021-05-24 14:31:12,789.0,4019509
2021-05-24 14:31:13,789.0,4020345
2021-05-24 14:31:14,789.0,4021223
2021-05-24 14:31:15,789.5,4025899
2021-05-24 14:31:16,789.45,4027094
2021-05-24 14:31:17,789.2,4027669
2021-05-24 14:31:18,789.55,4028918
2021-05-24 14:31:19,789.6,4030839
2021-05-24 14:31:20,789.7,4031616
2021-05-24 14:31:21,789.6,4032195
2021-05-24 14:31:22,789.7,4033493
2021-05-24 14:31:23,789.65,4033996
2021-05-24 14:31:24,789.45,4035060
2021-05-24 14:31:25,789.7,4035381
2021-05-24 14:31:26,789.7,4036700
2021-05-24 14:31:27,789.7,4037056
2021-05-24 14:31:28,789.7,4037129
2021-05-24 14:31:29,789.75,4038530
2021-05-24 14:31:30,789.9,4040592
2021-05-24 14:31:31,790.1,4069078
2021-05-24 14:31:32,790.75,4072244
2021-05-24 14:31:33,790.6,4077629
2021-05-24 14:31:34,790.0,4081985
2021-05-24 14:31:35,790.35,4083290
2021-05-24 14:31:37,790.15,4085504
2021-05-24 14:31:38,789.9,4086667
2021-05-24 14:31:39,790.0,4087562
2021-05-24 14:31:40,790.0,4090033
2021-05-24 14:31:41,789.9,4092757
2021-05-24 14:31:42,789.5,4094343
2021-05-24 14:31:43,789.6,4096489
2021-05-24 14:31:44,789.6,4096930
2021-05-24 14:31:45,789.6,4097276
2021-05-24 14:31:46,789.5,4097662
2021-05-24 14:31:47,789.4,4098093
2021-05-24 14:31:48,789.4,4098496
2021-05-24 14:31:49,789.4,4098767
2021-05-24 14:31:50,789.65,4099270
2021-05-24 14:31:51,789.4,4101099
2021-05-24 14:31:52,789.6,4101322
2021-05-24 14:31:53,789.7,4101333
2021-05-24 14:31:54,789.8,4101533
2021-05-24 14:31:55,789.15,4104263
2021-05-24 14:31:56,789.4,4104720
2021-05-24 14:31:57,789.8,4105341
2021-05-24 14:31:58,789.5,4105397
2021-05-24 14:31:59,789.9,4106201
2021-05-24 14:32:00,789.6,4106446
2021-05-24 14:32:01,789.7,4106820
2021-05-24 14:32:02,790.0,4107251
2021-05-24 14:32:03,789.8,4107278
2021-05-24 14:32:04,789.55,4107950
2021-05-24 14:32:05,789.8,4108311
2021-05-24 14:32:06,789.65,4109009
2021-05-24 14:32:07,789.9,4109027
2021-05-24 14:32:08,789.85,4109896
2021-05-24 14:32:10,789.85,4111409
2021-05-24 14:32:11,789.65,4112298
2021-05-24 14:32:12,789.7,4112855
2021-05-24 14:32:13,789.95,4114081
2021-05-24 14:32:14,789.85,4114313
2021-05-24 14:32:15,790.0,4116922
2021-05-24 14:32:16,790.0,4116976
2021-05-24 14:32:17,790.0,4117931
2021-05-24 14:32:18,789.9,4118970
2021-05-24 14:32:19,789.85,4119382
2021-05-24 14:32:21,789.9,4120107
2021-05-24 14:32:22,789.65,4122754
2021-05-24 14:32:23,789.8,4123594
2021-05-24 14:32:24,789.8,4123830
2021-05-24 14:32:25,789.85,4126873
2021-05-24 14:32:26,789.7,4127314
2021-05-24 14:32:27,789.7,4127818
2021-05-24 14:32:28,789.75,4128160
2021-05-24 14:32:29,789.85,4128497
2021-05-24 14:32:30,789.8,4129011
2021-05-24 14:32:31,789.8,4129573
2021-05-24 14:32:32,789.5,4130248
2021-05-24 14:32:33,789.9,4131189
2021-05-24 14:32:34,789.85,4131818
2021-05-24 14:32:35,789.8,4132364
2021-05-24 14:32:36,790.0,4132626
2021-05-24 14:32:37,790.0,4136746
2021-05-24 14:32:38,790.2,4137271
2021-05-24 14:32:39,790.1,4137649
2021-05-24 14:32:40,790.2,4138250
2021-05-24 14:32:41,790.35,4138762
2021-05-24 14:32:42,790.65,4139703
2021-05-24 14:32:44,790.7,4140157
2021-05-24 14:32:45,790.6,4140563
2021-05-24 14:32:46,790.7,4140965
2021-05-24 14:32:47,790.95,4141917
2021-05-24 14:32:48,790.55,4145469
2021-05-24 14:32:50,790.65,4146519
2021-05-24 14:32:51,790.7,4146934
2021-05-24 14:32:52,790.7,4146961
2021-05-24 14:32:53,791.0,4148322
2021-05-24 14:32:54,790.95,4148493
2021-05-24 14:32:58,790.95,4150937
2021-05-24 14:32:59,790.9,4153014
2021-05-24 14:33:00,791.0,4154242
2021-05-24 14:33:01,791.2,4155550
2021-05-24 14:33:02,791.35,4157283
2021-05-24 14:33:03,791.4,4158937
2021-05-24 14:33:04,791.05,4159348
2021-05-24 14:33:05,791.25,4159531
2021-05-24 14:33:06,791.4,4161021
2021-05-24 14:33:07,791.45,4162512
2021-05-24 14:33:08,790.55,4169149
2021-05-24 14:33:09,790.85,4169412
2021-05-24 14:33:10,791.0,4169897
2021-05-24 14:33:11,790.85,4170352
2021-05-24 14:33:12,790.65,4170760
2021-05-24 14:33:13,790.35,4173664
2021-05-24 14:33:14,790.75,4173848
2021-05-24 14:33:15,790.3,4174414
2021-05-24 14:33:16,790.5,4176908
2021-05-24 14:33:17,790.05,4181261
2021-05-24 14:33:19,790.4,4183239
2021-05-24 14:33:19,790.35,4183556
2021-05-24 14:33:20,790.2,4183764
2021-05-24 14:33:21,790.4,4184120
2021-05-24 14:33:22,790.4,4184350
2021-05-24 14:33:23,790.4,4185111
2021-05-24 14:33:24,790.3,4185545
2021-05-24 14:33:25,790.4,4186136
2021-05-24 14:33:26,790.1,4186683
2021-05-24 14:33:27,790.65,4187734
2021-05-24 14:33:28,790.5,4187978
2021-05-24 14:33:30,790.6,4188852
2021-05-24 14:33:31,790.75,4188911
2021-05-24 14:33:33,790.4,4191152
2021-05-24 14:33:34,790.4,4191345
2021-05-24 14:33:35,790.3,4191480
2021-05-24 14:33:36,790.2,4191650
2021-05-24 14:33:37,790.1,4192636
2021-05-24 14:33:38,789.9,4196671
2021-05-24 14:33:39,790.1,4198837
2021-05-24 14:33:40,789.7,4200359
2021-05-24 14:33:42,790.05,4201036
2021-05-24 14:33:42,789.65,4201236
2021-05-24 14:33:43,789.6,4202520
2021-05-24 14:33:44,789.75,4202715
2021-05-24 14:33:45,790.05,4202865
2021-05-24 14:33:46,790.1,4207946
2021-05-24 14:33:47,790.0,4208609
2021-05-24 14:33:48,790.0,4208871
2021-05-24 14:33:49,790.0,4208895
2021-05-24 14:33:50,789.95,4209015
2021-05-24 14:33:51,789.8,4209027
2021-05-24 14:33:52,789.9,4209503
2021-05-24 14:33:53,789.9,4209964
2021-05-24 14:33:54,790.0,4210551
2021-05-24 14:33:55,789.9,4210582
2021-05-24 14:33:57,790.0,4211497
2021-05-24 14:33:57,790.0,4211542
2021-05-24 14:33:58,790.0,4211572
2021-05-24 14:33:59,789.95,4211626
2021-05-24 14:34:00,790.0,4211864
2021-05-24 14:34:02,789.95,4211986
2021-05-24 14:34:02,790.0,4211984
2021-05-24 14:34:03,790.0,4212256
2021-05-24 14:34:04,790.0,4213202
2021-05-24 14:34:05,789.95,4213313
2021-05-24 14:34:06,789.95,4213583
2021-05-24 14:34:07,789.95,4213644
2021-05-24 14:34:08,789.95,4214204
2021-05-24 14:34:09,789.75,4215193
2021-05-24 14:34:10,789.95,4215851
2021-05-24 14:34:11,789.95,4216499
2021-05-24 14:34:12,789.95,4216770
2021-05-24 14:34:13,790.5,4221128
2021-05-24 14:34:14,790.95,4224687
2021-05-24 14:34:15,790.95,4224687
2021-05-24 14:34:16,791.3,4225503
2021-05-24 14:34:17,791.15,4226353
2021-05-24 14:34:18,791.35,4226625
2021-05-24 14:34:19,791.4,4226850
2021-05-24 14:34:20,791.35,4228544
2021-05-24 14:34:21,791.4,4229176
2021-05-24 14:34:23,791.3,4231348
2021-05-24 14:34:24,791.5,4231835
2021-05-24 14:34:25,791.25,4232494
2021-05-24 14:34:25,791.35,4232556
2021-05-24 14:34:27,791.5,4235451
2021-05-24 14:34:28,791.5,4236806
2021-05-24 14:34:29,791.6,4237738
2021-05-24 14:34:30,791.5,4239102
2021-05-24 14:34:31,791.35,4240346
2021-05-24 14:34:32,791.5,4241440
2021-05-24 14:34:33,791.5,4241828
2021-05-24 14:34:34,791.35,4242393
2021-05-24 14:34:35,791.5,4242757
2021-05-24 14:34:36,791.75,4243667
2021-05-24 14:34:37,791.75,4244941
2021-05-24 14:34:38,791.5,4245171
2021-05-24 14:34:39,791.8,4245697
2021-05-24 14:34:40,791.4,4246992
2021-05-24 14:34:41,791.9,4247042
2021-05-24 14:34:42,791.85,4255500
2021-05-24 14:34:44,792.0,4258145
2021-05-24 14:34:45,792.0,4260596
2021-05-24 14:34:46,791.95,4261906
2021-05-24 14:34:46,791.7,4262959
2021-05-24 14:34:47,791.7,4263623
2021-05-24 14:34:48,791.9,4270173
2021-05-24 14:34:49,791.8,4270310
2021-05-24 14:34:50,791.95,4271260
2021-05-24 14:34:51,791.65,4274341
2021-05-24 14:34:52,791.8,4274470
2021-05-24 14:34:53,791.5,4275759
2021-05-24 14:34:54,791.5,4276760
2021-05-24 14:34:56,791.8,4279287
2021-05-24 14:34:57,791.7,4280055
2021-05-24 14:34:57,791.8,4280630
2021-05-24 14:34:58,791.5,4282157
2021-05-24 14:34:59,791.5,4283147
2021-05-24 14:35:01,791.5,4283555
2021-05-24 14:35:02,791.5,4283697
2021-05-24 14:35:04,791.5,4283831
2021-05-24 14:35:04,791.5,4284403
2021-05-24 14:35:05,791.6,4285102
2021-05-24 14:35:06,791.5,4285296
2021-05-24 14:35:07,791.5,4285862
2021-05-24 14:35:08,791.95,4289536
2021-05-24 14:35:09,792.05,4302201
2021-05-24 14:35:10,792.2,4303961
2021-05-24 14:35:11,792.4,4308040
2021-05-24 14:35:12,792.5,4308950
2021-05-24 14:35:13,792.75,4310600
2021-05-24 14:35:14,792.5,4311216
2021-05-24 14:35:15,792.8,4311597
2021-05-24 14:35:17,792.65,4313540
2021-05-24 14:35:18,792.8,4318749
2021-05-24 14:35:18,792.8,4318719
2021-05-24 14:35:19,793.0,4323913
2021-05-24 14:35:20,792.85,4326248
2021-05-24 14:35:21,793.25,4328156
2021-05-24 14:35:22,792.9,4329329
2021-05-24 14:35:24,793.45,4332566
2021-05-24 14:35:25,793.2,4334714
2021-05-24 14:35:24,793.5,4333910
2021-05-24 14:35:26,793.5,4335954
2021-05-24 14:35:27,793.35,4338202
2021-05-24 14:35:28,793.05,4347393
2021-05-24 14:35:30,793.05,4348518
2021-05-24 14:35:31,793.2,4349616
2021-05-24 14:35:32,792.95,4350801
2021-05-24 14:35:33,792.95,4351135
2021-05-24 14:35:34,793.05,4352920
2021-05-24 14:35:34,793.0,4353180
2021-05-24 14:35:35,792.95,4355065
2021-05-24 14:35:36,792.7,4356437
2021-05-24 14:35:37,793.0,4359605
2021-05-24 14:35:38,793.0,4359692
2021-05-24 14:35:39,792.95,4361399
2021-05-24 14:35:40,793.0,4362526
2021-05-24 14:35:43,792.85,4365422
2021-05-24 14:35:45,792.4,4370616
2021-05-24 14:35:46,792.1,4371732
2021-05-24 14:35:47,792.15,4373916
2021-05-24 14:35:48,792.6,4376157
2021-05-24 14:35:49,792.15,4378407
2021-05-24 14:35:49,792.35,4378754
2021-05-24 14:35:51,792.4,4378816
2021-05-24 14:35:52,792.3,4379604
2021-05-24 14:35:52,792.3,4379704
2021-05-24 14:35:53,792.4,4380329
2021-05-24 14:35:54,792.5,4380444
2021-05-24 14:35:55,792.4,4380653
2021-05-24 14:35:57,792.55,4381452
2021-05-24 14:35:57,792.7,4382484
2021-05-24 14:35:59,792.5,4383294
2021-05-24 14:36:00,792.5,4383795
2021-05-24 14:36:01,792.65,4384411
2021-05-24 14:36:02,792.9,4384784
2021-05-24 14:36:02,792.75,4385214
2021-05-24 14:36:03,792.7,4386944
2021-05-24 14:36:04,792.75,4391472
2021-05-24 14:36:05,792.9,4391664
2021-05-24 14:36:07,792.7,4392729
2021-05-24 14:36:08,793.0,4393963
2021-05-24 14:36:09,793.0,4395111
2021-05-24 14:36:09,793.0,4395116
2021-05-24 14:36:10,793.4,4396602
2021-05-24 14:36:11,793.4,4397226
2021-05-24 14:36:12,793.35,4397308
2021-05-24 14:36:13,793.2,4398390
2021-05-24 14:36:14,793.35,4398555
2021-05-24 14:36:15,793.35,4399691
2021-05-24 14:36:17,793.2,4400163
2021-05-24 14:36:18,793.2,4401223
2021-05-24 14:36:19,793.0,4401596
2021-05-24 14:36:19,793.0,4401751
2021-05-24 14:36:20,793.05,4405091
2021-05-24 14:36:21,793.35,4405449
2021-05-24 14:36:22,793.45,4405536
2021-05-24 14:36:23,793.45,4406153
2021-05-24 14:36:24,793.5,4407235
2021-05-24 14:36:25,793.6,4407566
2021-05-24 14:36:26,793.2,4413626
2021-05-24 14:36:29,793.15,4414272
2021-05-24 14:36:30,793.3,4415534
2021-05-24 14:36:31,793.5,4417392
2021-05-24 14:36:32,793.5,4417646
2021-05-24 14:36:33,793.85,4420200
2021-05-24 14:36:33,793.5,4420360
2021-05-24 14:36:34,793.65,4421389
2021-05-24 14:36:35,793.9,4421822
2021-05-24 14:36:36,793.75,4429434
2021-05-24 14:36:37,793.65,4430358
2021-05-24 14:36:38,793.85,4431591
2021-05-24 14:36:40,793.5,4433278
2021-05-24 14:36:41,793.65,4434855
2021-05-24 14:36:41,793.75,4434844
2021-05-24 14:36:42,793.35,4436882
2021-05-24 14:36:43,793.65,4437909
2021-05-24 14:36:44,793.05,4441497
2021-05-24 14:36:45,793.0,4445344
2021-05-24 14:36:47,793.3,4445676
2021-05-24 14:36:48,793.3,4446078
2021-05-24 14:36:49,793.25,4446242
2021-05-24 14:36:50,793.0,4446661
2021-05-24 14:36:50,793.0,4446691
2021-05-24 14:36:51,792.8,4448782
2021-05-24 14:36:52,793.15,4449807
2021-05-24 14:36:53,792.8,4450433
2021-05-24 14:36:54,793.0,4455547
2021-05-24 14:36:55,793.2,4455947
2021-05-24 14:36:56,793.05,4456114
2021-05-24 14:36:57,793.0,4456491
2021-05-24 14:36:58,793.0,4456791
2021-05-24 14:36:59,793.0,4458728
2021-05-24 14:37:00,793.0,4459912
2021-05-24 14:37:01,793.05,4459996
2021-05-24 14:37:03,792.9,4460393
2021-05-24 14:37:04,793.0,4460632
2021-05-24 14:37:05,793.0,4460958
2021-05-24 14:37:05,793.0,4460958
2021-05-24 14:37:06,793.0,4461063
2021-05-24 14:37:07,793.0,4461271
2021-05-24 14:37:08,793.2,4461766
2021-05-24 14:37:09,793.0,4462063
2021-05-24 14:37:10,793.0,4462347
2021-05-24 14:37:11,792.9,4467122
2021-05-24 14:37:13,793.0,4467806
2021-05-24 14:37:14,793.0,4467911
2021-05-24 14:37:15,792.6,4467942
2021-05-24 14:37:16,792.6,4469995
2021-05-24 14:37:16,792.6,4469995
2021-05-24 14:37:17,792.95,4472010
2021-05-24 14:37:18,792.6,4473604
2021-05-24 14:37:19,792.55,4473772
2021-05-24 14:37:20,792.4,4474058
2021-05-24 14:37:21,792.55,4474136
2021-05-24 14:37:23,792.4,4474271
2021-05-24 14:37:24,792.4,4474319
2021-05-24 14:37:25,792.45,4474775
2021-05-24 14:37:26,792.45,4475002
2021-05-24 14:37:26,792.55,4475018
2021-05-24 14:37:27,792.5,4475088
2021-05-24 14:37:28,792.8,4475317
2021-05-24 14:37:29,792.55,4475628
2021-05-24 14:37:31,792.25,4476885
2021-05-24 14:37:32,792.25,4477095
2021-05-24 14:37:33,792.15,4477856
2021-05-24 14:37:34,792.45,4477858
2021-05-24 14:37:35,792.15,4478026
2021-05-24 14:37:36,792.1,4478311
2021-05-24 14:37:37,792.2,4478977
2021-05-24 14:37:38,792.45,4483334
2021-05-24 14:37:40,792.05,4484204
2021-05-24 14:37:41,792.4,4484751
2021-05-24 14:37:42,792.1,4484756
2021-05-24 14:37:43,792.15,4484792
2021-05-24 14:37:44,792.2,4484847
2021-05-24 14:37:45,792.4,4485333
2021-05-24 14:37:45,792.4,4485332
2021-05-24 14:37:46,792.1,4485498
2021-05-24 14:37:47,792.0,4486120
2021-05-24 14:37:48,792.05,4486425
2021-05-24 14:37:49,792.05,4486582
2021-05-24 14:37:53,792.0,4487099
2021-05-24 14:37:54,792.05,4487526
2021-05-24 14:37:55,792.05,4487633
2021-05-24 14:37:56,792.2,4488027
2021-05-24 14:37:57,792.3,4489780
2021-05-24 14:37:58,792.0,4492246
2021-05-24 14:37:59,792.0,4492534
2021-05-24 14:38:00,792.0,4492768
2021-05-24 14:38:01,792.2,4492999
2021-05-24 14:38:01,792.2,4492999
2021-05-24 14:38:02,792.3,4493199
2021-05-24 14:38:04,792.1,4494010
2021-05-24 14:38:05,792.2,4494021
2021-05-24 14:38:06,792.1,4494674
2021-05-24 14:38:07,792.1,4494725
2021-05-24 14:38:08,792.1,4495005
2021-05-24 14:38:09,792.0,4495155
2021-05-24 14:38:10,792.0,4500253
2021-05-24 14:38:11,792.0,4500623
2021-05-24 14:38:11,792.0,4500623
2021-05-24 14:38:12,792.0,4500648
2021-05-24 14:38:13,792.0,4500772
2021-05-24 14:38:15,791.6,4501011
2021-05-24 14:38:16,791.65,4501280
2021-05-24 14:38:17,791.95,4501503
2021-05-24 14:38:18,791.95,4501759
2021-05-24 14:38:19,791.95,4501770
2021-05-24 14:38:21,791.65,4501969
2021-05-24 14:38:21,791.65,4502037
2021-05-24 14:38:23,791.95,4502096
2021-05-24 14:38:24,791.6,4502393
2021-05-24 14:38:25,791.9,4503069
2021-05-24 14:38:26,791.55,4503199
2021-05-24 14:38:27,791.6,4503251
2021-05-24 14:38:28,791.6,4503795
2021-05-24 14:38:28,791.6,4503796
2021-05-24 14:38:29,791.5,4503931
2021-05-24 14:38:30,791.5,4503935
2021-05-24 14:38:31,791.6,4505760
2021-05-24 14:38:33,791.55,4505877
2021-05-24 14:38:34,791.55,4506007
2021-05-24 14:38:35,791.5,4506383
2021-05-24 14:38:36,791.5,4507142
2021-05-24 14:38:37,791.5,4508058
2021-05-24 14:38:38,791.55,4508223
2021-05-24 14:38:39,791.5,4508696
2021-05-24 14:38:40,791.5,4508937
2021-05-24 14:38:41,791.0,4511876
2021-05-24 14:38:42,791.0,4512978
2021-05-24 14:38:42,791.0,4512903
2021-05-24 14:38:43,791.0,4515138
2021-05-24 14:38:44,791.1,4515749
2021-05-24 14:38:45,791.0,4515777
2021-05-24 14:38:47,791.0,4517037
2021-05-24 14:38:48,791.0,4518949
2021-05-24 14:38:49,790.85,4524223
2021-05-24 14:38:50,791.0,4524493
2021-05-24 14:38:51,790.8,4524995
2021-05-24 14:38:52,790.85,4529972
2021-05-24 14:38:53,790.85,4530282
2021-05-24 14:38:53,790.85,4530282
2021-05-24 14:38:54,790.8,4530432
2021-05-24 14:38:55,790.95,4530735
2021-05-24 14:38:56,790.65,4531565
2021-05-24 14:38:57,790.95,4531665
2021-05-24 14:38:59,790.7,4531785
2021-05-24 14:39:00,790.55,4533276
2021-05-24 14:39:01,790.6,4535189
2021-05-24 14:39:02,790.8,4535203
2021-05-24 14:39:03,791.1,4537500
2021-05-24 14:39:04,791.1,4538877
2021-05-24 14:39:05,791.2,4539427
2021-05-24 14:39:06,791.2,4539450
2021-05-24 14:39:07,791.5,4540070
2021-05-24 14:39:08,791.55,4540845
2021-05-24 14:39:09,791.3,4541917
2021-05-24 14:39:10,791.3,4542192
2021-05-24 14:39:10,791.3,4542207
2021-05-24 14:39:11,791.3,4542244
2021-05-24 14:39:12,791.45,4543264
2021-05-24 14:39:13,791.45,4543280
2021-05-24 14:39:14,791.5,4543310
2021-05-24 14:39:15,792.15,4560516
2021-05-24 14:39:16,792.15,4561541
2021-05-24 14:39:17,792.35,4561762
2021-05-24 14:39:18,792.35,4562263
2021-05-24 14:39:19,792.35,4564263
2021-05-24 14:39:20,792.35,4564264
2021-05-24 14:39:21,792.35,4564314
2021-05-24 14:39:22,792.35,4564315
2021-05-24 14:39:23,792.15,4564963
2021-05-24 14:39:25,792.35,4567650
2021-05-24 14:39:26,792.35,4567650
2021-05-24 14:39:27,791.9,4567800
2021-05-24 14:39:28,791.9,4567800
2021-05-24 14:39:29,792.2,4567802
2021-05-24 14:39:30,792.0,4567842
2021-05-24 14:39:31,792.2,4567843
2021-05-24 14:39:32,792.4,4568605
2021-05-24 14:39:33,791.95,4568780
2021-05-24 14:39:34,792.4,4570152
2021-05-24 14:39:35,792.4,4570450
2021-05-24 14:39:36,792.4,4570480
2021-05-24 14:39:37,792.5,4571919
2021-05-24 14:39:38,792.2,4571986
2021-05-24 14:39:39,792.05,4572691
2021-05-24 14:39:40,792.0,4572749
2021-05-24 14:39:41,791.8,4572799
2021-05-24 14:39:42,792.0,4572900
2021-05-24 14:39:43,792.0,4572968
2021-05-24 14:39:44,791.8,4573074
2021-05-24 14:39:45,792.1,4573653
2021-05-24 14:39:46,792.1,4573653
2021-05-24 14:39:47,791.65,4574058
2021-05-24 14:39:48,792.1,4574308
2021-05-24 14:39:49,792.1,4574317
2021-05-24 14:39:50,792.1,4574318
2021-05-24 14:39:51,791.7,4574848
2021-05-24 14:39:52,791.7,4574848
2021-05-24 14:39:53,792.35,4575148
2021-05-24 14:39:54,792.35,4575148
2021-05-24 14:39:55,792.0,4575156
2021-05-24 14:39:58,792.0,4575403
2021-05-24 14:39:59,792.0,4575504
2021-05-24 14:40:00,792.2,4575704
2021-05-24 14:40:01,792.2,4575704
2021-05-24 14:40:02,792.0,4575709
2021-05-24 14:40:03,791.85,4575839
2021-05-24 14:40:04,792.2,4575859
2021-05-24 14:40:05,792.2,4576174
2021-05-24 14:40:06,791.85,4576178
2021-05-24 14:40:07,792.25,4576628
2021-05-24 14:40:08,792.05,4577678
2021-05-24 14:40:09,792.0,4578228
2021-05-24 14:40:10,792.0,4578248
2021-05-24 14:40:11,791.8,4578650
2021-05-24 14:40:12,791.95,4578802
2021-05-24 14:40:13,791.9,4578804
2021-05-24 14:40:14,791.95,4578807
2021-05-24 14:40:15,791.9,4578907
2021-05-24 14:40:16,791.95,4579701
2021-05-24 14:40:18,792.0,4579706
2021-05-24 14:40:19,792.35,4579860
2021-05-24 14:40:20,792.3,4580194
2021-05-24 14:40:22,792.05,4581820
2021-05-24 14:40:23,792.0,4581945
2021-05-24 14:40:24,792.4,4581965
2021-05-24 14:40:25,792.35,4582066
2021-05-24 14:40:26,792.3,4582147
2021-05-24 14:40:27,792.4,4582852
2021-05-24 14:40:28,792.4,4582873
2021-05-24 14:40:29,792.3,4582874
2021-05-24 14:40:30,792.35,4583045
2021-05-24 14:40:31,792.35,4583048
2021-05-24 14:40:32,792.35,4583064
2021-05-24 14:40:33,792.4,4583075
2021-05-24 14:40:35,792.35,4583184
2021-05-24 14:40:34,792.35,4583184
2021-05-24 14:40:36,792.35,4583249
2021-05-24 14:40:37,792.35,4583280
2021-05-24 14:40:38,792.4,4583455
2021-05-24 14:40:39,792.35,4583540
2021-05-24 14:40:40,792.35,4583853
2021-05-24 14:40:41,792.3,4583938
2021-05-24 14:40:42,792.4,4584066
2021-05-24 14:40:43,792.3,4584081
2021-05-24 14:40:44,792.3,4584107
2021-05-24 14:40:45,792.3,4584215
2021-05-24 14:40:46,792.3,4584270
2021-05-24 14:40:47,792.3,4584492
2021-05-24 14:40:48,792.05,4584946
2021-05-24 14:40:49,792.05,4584946
2021-05-24 14:40:50,792.0,4585149
2021-05-24 14:40:51,792.0,4585151
2021-05-24 14:40:52,792.15,4585156
2021-05-24 14:40:53,792.2,4585181
2021-05-24 14:40:54,792.0,4585206
2021-05-24 14:40:55,791.7,4587361
2021-05-24 14:40:56,791.55,4587713
2021-05-24 14:40:57,791.55,4587963
2021-05-24 14:40:58,791.55,4587963
2021-05-24 14:40:59,791.5,4588629
2021-05-24 14:41:00,791.5,4588629
2021-05-24 14:41:01,791.7,4588630
2021-05-24 14:41:02,791.5,4588635
2021-05-24 14:41:03,791.7,4588637
2021-05-24 14:41:04,791.5,4588737
2021-05-24 14:41:05,791.3,4589247
2021-05-24 14:41:06,791.65,4589392
2021-05-24 14:41:07,791.45,4589458
2021-05-24 14:41:08,791.5,4589518
2021-05-24 14:41:09,791.2,4589823
2021-05-24 14:41:10,791.2,4590171
2021-05-24 14:41:12,791.2,4590271
2021-05-24 14:41:13,791.15,4590821
2021-05-24 14:41:14,791.45,4591002
2021-05-24 14:41:15,791.45,4591002
2021-05-24 14:41:16,791.45,4591002
2021-05-24 14:41:17,791.4,4591414
2021-05-24 14:41:18,791.05,4591595
2021-05-24 14:41:19,791.2,4591817
2021-05-24 14:41:20,791.0,4592139
2021-05-24 14:41:21,791.35,4592399
2021-05-24 14:41:22,791.0,4593149
2021-05-24 14:41:23,791.0,4593149
2021-05-24 14:41:24,791.0,4593360
2021-05-24 14:41:25,791.05,4593635
2021-05-24 14:41:26,791.05,4593835
2021-05-24 14:41:27,791.05,4594135
2021-05-24 14:41:28,791.35,4594138
2021-05-24 14:41:29,791.35,4594163
2021-05-24 14:41:30,791.05,4594788
2021-05-24 14:41:31,791.45,4594818
2021-05-24 14:41:32,791.0,4595071
2021-05-24 14:41:33,791.9,4601252
2021-05-24 14:41:34,791.4,4601305
2021-05-24 14:41:35,791.35,4601927
2021-05-24 14:41:36,791.35,4602127
2021-05-24 14:41:37,791.95,4602607
2021-05-24 14:41:38,791.5,4603057
2021-05-24 14:41:39,791.45,4603107
2021-05-24 14:41:40,791.35,4603607
2021-05-24 14:41:41,791.35,4603607
2021-05-24 14:41:42,791.45,4603683
2021-05-24 14:41:44,791.85,4604143
2021-05-24 14:41:44,791.45,4604183
2021-05-24 14:41:45,791.45,4604251
2021-05-24 14:41:46,791.85,4604254
2021-05-24 14:41:47,791.85,4604254
2021-05-24 14:41:48,791.85,4604254
2021-05-24 14:41:49,791.45,4604257
2021-05-24 14:41:50,791.85,4604550
2021-05-24 14:41:51,791.45,4604555
2021-05-24 14:41:52,791.8,4604621
2021-05-24 14:41:54,791.85,4605123
2021-05-24 14:41:54,791.55,4605163
2021-05-24 14:41:55,791.85,4605264
2021-05-24 14:41:56,791.8,4605267
2021-05-24 14:41:57,791.8,4605267
2021-05-24 14:41:58,791.55,4605344
2021-05-24 14:41:59,791.55,4605344
2021-05-24 14:42:00,791.55,4605352
2021-05-24 14:42:01,791.8,4605377
2021-05-24 14:42:03,791.8,4605377
2021-05-24 14:42:03,791.55,4605387
2021-05-24 14:42:04,791.8,4605391
2021-05-24 14:42:05,791.55,4605533
2021-05-24 14:42:06,791.8,4605628
2021-05-24 14:42:07,791.55,4605660
2021-05-24 14:42:08,791.55,4605694
2021-05-24 14:42:09,791.55,4605744
2021-05-24 14:42:10,791.55,4605744
2021-05-24 14:42:11,791.6,4605948
2021-05-24 14:42:12,791.8,4606019
2021-05-24 14:42:13,791.8,4606270
2021-05-24 14:42:14,791.8,4606270
2021-05-24 14:42:16,791.55,4606773
2021-05-24 14:42:17,791.55,4606773
2021-05-24 14:42:17,791.55,4606773
2021-05-24 14:42:18,791.2,4608146
2021-05-24 14:42:19,791.1,4608180
2021-05-24 14:42:20,791.5,4608260
2021-05-24 14:42:22,791.45,4608501
2021-05-24 14:42:23,791.1,4608506
2021-05-24 14:42:25,791.05,4609028
2021-05-24 14:42:25,791.05,4609028
2021-05-24 14:42:26,791.1,4609032
2021-05-24 14:42:27,791.15,4609082
2021-05-24 14:42:28,791.15,4609299
2021-05-24 14:42:29,791.15,4609354
2021-05-24 14:42:30,791.45,4609500
2021-05-24 14:42:31,791.15,4610171
2021-05-24 14:42:32,791.15,4610171
2021-05-24 14:42:34,791.05,4610471
2021-05-24 14:42:35,791.45,4610473
2021-05-24 14:42:35,791.45,4610473
2021-05-24 14:42:36,791.05,4610559
2021-05-24 14:42:37,791.0,4611134
2021-05-24 14:42:38,791.15,4611314
2021-05-24 14:42:39,791.0,4611375
2021-05-24 14:42:40,791.0,4611448
2021-05-24 14:42:41,791.0,4611599
2021-05-24 14:42:43,791.0,4611911
2021-05-24 14:42:44,791.0,4618873
2021-05-24 14:42:45,790.9,4619033
2021-05-24 14:42:47,791.0,4621427
2021-05-24 14:42:48,790.65,4622378
2021-05-24 14:42:49,791.0,4622379
2021-05-24 14:42:50,790.65,4622421
2021-05-24 14:42:51,791.0,4622641
2021-05-24 14:42:51,791.0,4622641
2021-05-24 14:42:52,790.65,4623061
2021-05-24 14:42:53,791.0,4623367
2021-05-24 14:42:54,790.6,4623872
2021-05-24 14:42:55,790.85,4624952
2021-05-24 14:42:56,790.65,4625017
2021-05-24 14:42:57,790.75,4625091
2021-05-24 14:42:59,790.75,4625292
2021-05-24 14:42:59,790.5,4625392
2021-05-24 14:43:00,790.5,4625445
2021-05-24 14:43:01,790.7,4625485
2021-05-24 14:43:02,790.7,4625485
2021-05-24 14:43:03,790.45,4626035
2021-05-24 14:43:04,790.45,4626115
2021-05-24 14:43:05,790.5,4626420
2021-05-24 14:43:06,790.4,4626495
2021-05-24 14:43:07,790.5,4626532
2021-05-24 14:43:08,790.15,4629507
2021-05-24 14:43:09,790.45,4629608
2021-05-24 14:43:10,790.15,4629833
2021-05-24 14:43:11,790.25,4635476
2021-05-24 14:43:12,790.2,4636864
2021-05-24 14:43:13,790.2,4637064
2021-05-24 14:43:14,790.15,4637381
2021-05-24 14:43:16,790.4,4637402
2021-05-24 14:43:16,790.45,4637502
2021-05-24 14:43:17,790.35,4640278
2021-05-24 14:43:18,790.6,4641298
2021-05-24 14:43:19,790.25,4641321
2021-05-24 14:43:20,790.65,4641513
2021-05-24 14:43:21,791.0,4646926
2021-05-24 14:43:22,790.65,4648464
2021-05-24 14:43:23,791.35,4650264
2021-05-24 14:43:25,790.85,4650408
2021-05-24 14:43:25,790.85,4650408
2021-05-24 14:43:26,790.85,4650418
2021-05-24 14:43:28,790.85,4650529
2021-05-24 14:43:28,790.85,4650529
2021-05-24 14:43:29,791.0,4651210
2021-05-24 14:43:30,790.85,4652016
2021-05-24 14:43:31,791.0,4652056
2021-05-24 14:43:32,791.0,4652411
2021-05-24 14:43:33,790.8,4652413
2021-05-24 14:43:34,791.1,4652895
2021-05-24 14:43:35,791.0,4652897
2021-05-24 14:43:37,791.0,4653197
2021-05-24 14:43:37,790.8,4653247
2021-05-24 14:43:38,790.8,4653247
2021-05-24 14:43:39,790.95,4653978
2021-05-24 14:43:40,790.8,4654088
2021-05-24 14:43:42,791.0,4654233
2021-05-24 14:43:42,790.75,4654533
2021-05-24 14:43:43,791.05,4654544
2021-05-24 14:43:44,791.15,4654751
2021-05-24 14:43:45,791.15,4655019
2021-05-24 14:43:46,791.15,4655358
2021-05-24 14:43:47,791.15,4655358
2021-05-24 14:43:49,790.95,4656335
2021-05-24 14:43:50,791.15,4656776
2021-05-24 14:43:51,791.15,4656776
2021-05-24 14:43:51,791.15,4656786
2021-05-24 14:43:52,791.0,4656787
2021-05-24 14:43:53,791.15,4656867
2021-05-24 14:43:54,791.0,4656977
2021-05-24 14:43:55,791.0,4656977
2021-05-24 14:43:57,790.8,4657078
2021-05-24 14:43:58,791.0,4657098
2021-05-24 14:43:59,791.0,4657157
2021-05-24 14:43:59,790.8,4657197
2021-05-24 14:44:00,790.8,4657336
2021-05-24 14:44:01,791.0,4657343
2021-05-24 14:44:03,790.8,4657569
2021-05-24 14:44:04,791.0,4657599
2021-05-24 14:44:05,790.8,4657649
2021-05-24 14:44:05,790.8,4657649
2021-05-24 14:44:06,790.7,4657770
2021-05-24 14:44:07,790.7,4657770
2021-05-24 14:44:09,790.65,4657920
2021-05-24 14:44:12,790.55,4658077
2021-05-24 14:44:12,790.55,4658077
2021-05-24 14:44:13,791.0,4658177
2021-05-24 14:44:14,790.6,4658548
2021-05-24 14:44:15,790.6,4658548
2021-05-24 14:44:16,790.6,4658548
2021-05-24 14:44:17,790.6,4658548
2021-05-24 14:44:19,790.9,4658549
2021-05-24 14:44:21,790.9,4658575
2021-05-24 14:44:21,790.9,4658595
2021-05-24 14:44:22,790.9,4658595
2021-05-24 14:44:23,790.9,4658643
2021-05-24 14:44:24,790.9,4659192
2021-05-24 14:44:25,790.9,4659192
2021-05-24 14:44:27,790.9,4659192
2021-05-24 14:44:28,790.8,4659332
2021-05-24 14:44:29,790.65,4659334
2021-05-24 14:44:29,790.8,4659332
2021-05-24 14:44:30,790.9,4659354
2021-05-24 14:44:31,790.65,4659356
2021-05-24 14:44:32,790.6,4659741
2021-05-24 14:44:34,790.85,4660254
2021-05-24 14:44:35,790.5,4660330
2021-05-24 14:44:35,790.55,4660270
2021-05-24 14:44:36,790.85,4660350
2021-05-24 14:44:37,790.8,4660352
2021-05-24 14:44:38,790.5,4660877
2021-05-24 14:44:39,790.5,4660997
2021-05-24 14:44:41,791.0,4662357
2021-05-24 14:44:42,791.0,4662357
2021-05-24 14:44:43,790.6,4662819
2021-05-24 14:44:44,790.8,4662820
2021-05-24 14:44:45,790.8,4662820
2021-05-24 14:44:46,790.6,4662967
2021-05-24 14:44:47,790.6,4662982
2021-05-24 14:44:49,790.6,4663242
2021-05-24 14:44:50,790.55,4663372
2021-05-24 14:44:51,790.9,4663375
2021-05-24 14:44:52,790.65,4663400
2021-05-24 14:44:53,790.65,4663623
2021-05-24 14:44:55,791.0,4663624
2021-05-24 14:44:56,790.6,4663779
2021-05-24 14:44:56,790.6,4663779
2021-05-24 14:44:57,790.6,4664114
2021-05-24 14:44:58,790.6,4664114
2021-05-24 14:44:59,790.95,4664126
2021-05-24 14:45:00,790.9,4664127
2021-05-24 14:45:01,790.9,4664127
2021-05-24 14:45:03,790.9,4664128
2021-05-24 14:45:04,790.9,4664639
2021-05-24 14:45:05,790.9,4664639
2021-05-24 14:45:05,790.9,4664639
2021-05-24 14:45:06,790.6,4664664
2021-05-24 14:45:07,790.9,4664665
2021-05-24 14:45:08,790.9,4664665
2021-05-24 14:45:09,790.9,4669179
2021-05-24 14:45:10,790.8,4669180
2021-05-24 14:45:12,790.7,4669280
2021-05-24 14:45:13,790.7,4669301
2021-05-24 14:45:14,790.7,4669301
2021-05-24 14:45:14,790.7,4669301
2021-05-24 14:45:15,790.7,4669386
2021-05-24 14:45:16,790.7,4672052
2021-05-24 14:45:18,790.7,4672182
2021-05-24 14:45:19,790.7,4672182
2021-05-24 14:45:20,790.65,4672232
2021-05-24 14:45:21,790.65,4672383
2021-05-24 14:45:21,790.65,4672383
2021-05-24 14:45:22,790.6,4676649
2021-05-24 14:45:23,790.15,4678887
2021-05-24 14:45:24,790.15,4678887
2021-05-24 14:45:25,790.65,4679167
2021-05-24 14:45:26,790.25,4679301
2021-05-24 14:45:28,790.3,4679354
2021-05-24 14:45:29,790.15,4679424
2021-05-24 14:45:29,790.15,4679424
2021-05-24 14:45:30,790.1,4680086
2021-05-24 14:45:31,790.1,4680187
2021-05-24 14:45:32,790.0,4681961
2021-05-24 14:45:33,790.0,4682768
2021-05-24 14:45:35,790.2,4683468
2021-05-24 14:45:36,790.2,4683468
2021-05-24 14:45:37,790.15,4683758
2021-05-24 14:45:37,790.15,4683808
2021-05-24 14:45:38,790.55,4683843
2021-05-24 14:45:39,790.35,4683958
2021-05-24 14:45:40,790.55,4684160
2021-05-24 14:45:41,790.55,4684160
2021-05-24 14:45:43,790.4,4684336
2021-05-24 14:45:44,790.4,4684336
2021-05-24 14:45:45,790.35,4684786
2021-05-24 14:45:46,790.15,4685257
2021-05-24 14:45:46,790.15,4685305
2021-05-24 14:45:47,790.15,4685305
2021-05-24 14:45:48,790.15,4685505
2021-05-24 14:45:49,790.2,4685511
2021-05-24 14:45:50,790.5,4685621
2021-05-24 14:45:51,790.5,4685621
2021-05-24 14:45:53,790.15,4686472
2021-05-24 14:45:54,790.15,4686972
2021-05-24 14:45:54,790.15,4686972
2021-05-24 14:45:55,790.9,4691896
2021-05-24 14:45:56,790.55,4691921
2021-05-24 14:45:57,790.25,4692740
2021-05-24 14:45:58,790.25,4692997
2021-05-24 14:46:00,790.5,4693031
2021-05-24 14:46:01,790.5,4693076
2021-05-24 14:46:02,790.4,4693086
2021-05-24 14:46:03,790.5,4693087
2021-05-24 14:46:04,790.45,4693142
2021-05-24 14:46:04,790.45,4693142
2021-05-24 14:46:06,790.5,4693395
2021-05-24 14:46:07,790.3,4693491
2021-05-24 14:46:08,790.5,4694578
2021-05-24 14:46:09,790.15,4694628
2021-05-24 14:46:10,790.15,4694651
2021-05-24 14:46:10,790.25,4694654
2021-05-24 14:46:12,790.5,4694684
2021-05-24 14:46:13,790.5,4694684
2021-05-24 14:46:14,790.25,4694686
2021-05-24 14:46:14,790.25,4694686
2021-05-24 14:46:15,790.15,4694808
2021-05-24 14:46:17,790.5,4694810
2021-05-24 14:46:18,790.15,4694910
2021-05-24 14:46:19,790.5,4694996
2021-05-24 14:46:20,790.15,4695036
2021-05-24 14:46:21,790.15,4695066
2021-05-24 14:46:21,790.15,4695066
2021-05-24 14:46:22,790.15,4695066
2021-05-24 14:46:24,790.15,4695091
2021-05-24 14:46:25,790.4,4695672
2021-05-24 14:46:26,790.15,4695896
2021-05-24 14:46:26,790.15,4695896
2021-05-24 14:46:27,790.15,4696596
2021-05-24 14:46:29,790.15,4697096
2021-05-24 14:46:30,790.35,4697106
2021-05-24 14:46:31,790.15,4698421
2021-05-24 14:46:32,790.4,4698471
2021-05-24 14:46:32,790.35,4698476
2021-05-24 14:46:33,790.4,4698586
2021-05-24 14:46:35,790.35,4698637
2021-05-24 14:46:36,790.15,4698717
2021-05-24 14:46:37,790.15,4698777
2021-05-24 14:46:38,790.15,4698844
2021-05-24 14:46:39,790.15,4698856
2021-05-24 14:46:40,790.15,4698856
2021-05-24 14:46:40,790.15,4698856
2021-05-24 14:46:41,790.35,4699956
2021-05-24 14:46:43,790.35,4700013
2021-05-24 14:46:44,790.2,4700162
2021-05-24 14:46:44,790.15,4700222
2021-05-24 14:46:46,790.15,4700248
2021-05-24 14:46:47,790.15,4700249
2021-05-24 14:46:48,790.3,4700325
2021-05-24 14:46:49,790.3,4700325
2021-05-24 14:46:49,790.3,4700325
2021-05-24 14:46:50,790.3,4700404
2021-05-24 14:46:51,790.2,4700405
2021-05-24 14:46:53,790.2,4700435
2021-05-24 14:46:54,790.2,4700585
2021-05-24 14:46:55,790.2,4700735
2021-05-24 14:46:56,790.3,4702100
2021-05-24 14:46:57,790.3,4702101
2021-05-24 14:46:58,790.2,4702135
2021-05-24 14:46:59,790.3,4702136
2021-05-24 14:47:00,790.2,4702902
2021-05-24 14:47:00,790.2,4702902
2021-05-24 14:47:01,790.2,4702973
2021-05-24 14:47:02,790.5,4703073
2021-05-24 14:47:04,790.5,4703073
2021-05-24 14:47:05,790.3,4703074
2021-05-24 14:47:06,790.3,4703074
2021-05-24 14:47:07,790.35,4703259
2021-05-24 14:47:08,790.5,4703271
2021-05-24 14:47:09,790.3,4703329
2021-05-24 14:47:10,790.35,4703334
2021-05-24 14:47:12,790.35,4703334
2021-05-24 14:47:13,790.35,4703334
2021-05-24 14:47:14,790.25,4703378
2021-05-24 14:47:15,790.3,4703409
2021-05-24 14:47:15,790.25,4703408
2021-05-24 14:47:17,790.2,4703774
2021-05-24 14:47:18,790.2,4703774
2021-05-24 14:47:19,790.25,4703797
2021-05-24 14:47:20,790.2,4703947
2021-05-24 14:47:21,790.2,4703957
2021-05-24 14:47:22,790.2,4703957
2021-05-24 14:47:23,790.2,4703957
2021-05-24 14:47:24,790.2,4705331
2021-05-24 14:47:26,790.2,4705342
2021-05-24 14:47:26,790.2,4705345
2021-05-24 14:47:27,790.2,4705346
2021-05-24 14:47:29,790.5,4705408
2021-05-24 14:47:30,790.25,4705518
2021-05-24 14:47:31,790.25,4705923
2021-05-24 14:47:32,790.25,4705936
2021-05-24 14:47:33,790.25,4705936
2021-05-24 14:47:34,790.25,4706071
2021-05-24 14:47:35,790.5,4706072
2021-05-24 14:47:36,790.25,4706286
2021-05-24 14:47:37,790.45,4706357
2021-05-24 14:47:38,790.25,4706387
2021-05-24 14:47:38,790.25,4706387
2021-05-24 14:47:40,790.25,4706404
2021-05-24 14:47:41,790.5,4706564
2021-05-24 14:47:42,790.5,4706564
2021-05-24 14:47:43,790.25,4706816
2021-05-24 14:47:44,790.25,4706942
2021-05-24 14:47:45,790.45,4707005
2021-05-24 14:47:46,790.45,4707131
2021-05-24 14:47:47,790.45,4707191
2021-05-24 14:47:48,790.3,4707220
2021-05-24 14:47:49,790.3,4707230
2021-05-24 14:47:50,790.3,4707253
2021-05-24 14:47:51,790.3,4707357
2021-05-24 14:47:52,790.4,4707407
2021-05-24 14:47:53,790.4,4707408
2021-05-24 14:47:55,790.4,4707459
2021-05-24 14:47:56,790.3,4707614
2021-05-24 14:47:57,790.35,4707819
2021-05-24 14:47:59,790.35,4707819
2021-05-24 14:47:59,790.35,4707819
2021-05-24 14:48:00,790.4,4707839
2021-05-24 14:48:01,790.4,4707939
2021-05-24 14:48:02,790.4,4707939
2021-05-24 14:48:03,790.25,4708644
2021-05-24 14:48:05,790.4,4708673
2021-05-24 14:48:06,790.4,4708673
2021-05-24 14:48:07,790.0,4715179
2021-05-24 14:48:08,790.0,4715706
2021-05-24 14:48:09,790.0,4715771
2021-05-24 14:48:10,790.0,4715771
2021-05-24 14:48:11,790.0,4715771
2021-05-24 14:48:12,790.25,4715784
2021-05-24 14:48:12,790.3,4715785
2021-05-24 14:48:13,790.25,4715886
2021-05-24 14:48:14,790.35,4716281
2021-05-24 14:48:16,790.25,4716463
2021-05-24 14:48:17,790.25,4717503
2021-05-24 14:48:18,790.0,4717518
2021-05-24 14:48:19,790.25,4717523
2021-05-24 14:48:20,790.25,4717524
2021-05-24 14:48:21,790.25,4717829
2021-05-24 14:48:22,790.25,4717830
2021-05-24 14:48:23,790.25,4718130
2021-05-24 14:48:24,790.05,4718240
2021-05-24 14:48:25,790.05,4718240
2021-05-24 14:48:26,789.55,4722376
2021-05-24 14:48:28,789.8,4722498
2021-05-24 14:48:28,789.85,4722612
2021-05-24 14:48:30,789.6,4722666
2021-05-24 14:48:30,789.65,4722669
2021-05-24 14:48:31,789.8,4722690
2021-05-24 14:48:32,789.95,4729314
2021-05-24 14:48:33,790.2,4731148
2021-05-24 14:48:35,790.0,4732346
2021-05-24 14:48:36,790.05,4732444
2021-05-24 14:48:36,789.95,4733445
2021-05-24 14:48:37,790.4,4733467
2021-05-24 14:48:39,790.05,4733677
2021-05-24 14:48:39,789.8,4737910
2021-05-24 14:48:41,790.0,4738110
2021-05-24 14:48:42,790.0,4738448
2021-05-24 14:48:43,789.7,4739460
2021-05-24 14:48:44,789.8,4739654
2021-05-24 14:48:45,789.8,4739665
2021-05-24 14:48:45,790.0,4739768
2021-05-24 14:48:46,789.85,4739773
2021-05-24 14:48:48,790.0,4739798
2021-05-24 14:48:49,790.0,4739910
2021-05-24 14:48:50,789.9,4740631
2021-05-24 14:48:51,790.0,4741932
2021-05-24 14:48:52,790.5,4744046
2021-05-24 14:48:53,790.0,4747629
2021-05-24 14:48:54,790.05,4747638
2021-05-24 14:48:54,790.05,4747638
2021-05-24 14:48:57,790.05,4747746
2021-05-24 14:48:57,790.05,4747746
2021-05-24 14:48:58,790.4,4747748
2021-05-24 14:49:00,790.0,4747853
2021-05-24 14:49:01,790.0,4747853
2021-05-24 14:49:02,790.0,4748069
2021-05-24 14:49:03,790.0,4748169
2021-05-24 14:49:04,790.0,4748189
2021-05-24 14:49:05,790.05,4748210
2021-05-24 14:49:06,790.2,4748350
2021-05-24 14:49:07,790.15,4748401
2021-05-24 14:49:07,789.95,4749695
2021-05-24 14:49:08,790.05,4749699
2021-05-24 14:49:09,789.9,4749967
2021-05-24 14:49:10,790.0,4749968
2021-05-24 14:49:11,790.1,4749988
2021-05-24 14:49:12,790.1,4750098
2021-05-24 14:49:14,789.9,4750178
2021-05-24 14:49:15,790.0,4750179
2021-05-24 14:49:16,790.0,4750262
2021-05-24 14:49:16,789.8,4751375
2021-05-24 14:49:18,789.8,4751494
2021-05-24 14:49:18,789.8,4751510
2021-05-24 14:49:19,789.8,4751510
2021-05-24 14:49:21,789.8,4751510
2021-05-24 14:49:22,789.8,4751561
2021-05-24 14:49:22,789.85,4751564
2021-05-24 14:49:23,789.9,4751678
2021-05-24 14:49:24,790.0,4751814
2021-05-24 14:49:25,789.85,4751922
2021-05-24 14:49:26,789.85,4751972
2021-05-24 14:49:28,790.0,4752102
2021-05-24 14:49:28,789.8,4752192
2021-05-24 14:49:29,789.95,4752254
2021-05-24 14:49:31,789.95,4752257
2021-05-24 14:49:32,789.95,4752835
2021-05-24 14:49:32,789.95,4757688
2021-05-24 14:49:34,789.9,4758182
2021-05-24 14:49:35,789.9,4758208
2021-05-24 14:49:35,789.85,4758215
2021-05-24 14:49:37,789.85,4758756
2021-05-24 14:49:38,789.95,4758784
2021-05-24 14:49:39,789.95,4758784
2021-05-24 14:49:39,789.9,4758888
2021-05-24 14:49:40,789.95,4759147
2021-05-24 14:49:41,789.85,4760547
2021-05-24 14:49:42,789.95,4760776
2021-05-24 14:49:43,790.0,4761166
2021-05-24 14:49:44,789.85,4761314
2021-05-24 14:49:46,790.0,4761319
2021-05-24 14:49:46,790.0,4761340
2021-05-24 14:49:47,789.95,4761523
2021-05-24 14:49:49,789.85,4762039
2021-05-24 14:49:49,789.95,4762141
2021-05-24 14:49:51,789.95,4762167
2021-05-24 14:49:52,789.95,4762172
2021-05-24 14:49:53,789.95,4762173
2021-05-24 14:49:53,789.95,4762174
2021-05-24 14:49:55,789.95,4762274
2021-05-24 14:49:56,789.85,4762334
2021-05-24 14:49:57,789.95,4762337
2021-05-24 14:49:58,789.95,4762471
2021-05-24 14:49:59,789.95,4762673
