timestamp,ltp,volume
2021-05-24 13:58:34,515.05,5399958
2021-05-24 13:58:36,515.05,5399962
2021-05-24 13:58:38,515.0,5401562
2021-05-24 13:58:40,515.0,5401919
2021-05-24 13:58:43,515.05,5401969
2021-05-24 13:58:46,515.0,5406840
2021-05-24 13:58:49,515.0,5407415
2021-05-24 13:58:52,515.0,5407564
2021-05-24 13:58:54,514.95,5408564
2021-05-24 13:58:57,515.0,5408567
2021-05-24 13:59:00,515.0,5408572
2021-05-24 13:59:02,515.0,5408625
2021-05-24 13:59:05,514.95,5409016
2021-05-24 13:59:07,515.0,5409017
2021-05-24 13:59:12,514.95,5409022
2021-05-24 13:59:18,515.15,5413285
2021-05-24 13:59:21,515.05,5413329
2021-05-24 13:59:24,515.15,5413815
2021-05-24 13:59:27,515.05,5413817
2021-05-24 13:59:29,515.15,5413829
2021-05-24 13:59:32,515.15,5413996
2021-05-24 13:59:34,515.15,5413997
2021-05-24 13:59:39,515.2,5414737
2021-05-24 13:59:42,515.15,5414752
2021-05-24 13:59:45,515.2,5414918
2021-05-24 13:59:48,515.2,5417883
2021-05-24 13:59:51,515.2,5418439
2021-05-24 13:59:53,515.15,5418682
2021-05-24 13:59:56,515.15,5418726
2021-05-24 13:59:59,515.45,5420729
2021-05-24 14:00:03,515.5,5421740
2021-05-24 14:00:06,515.5,5422390
2021-05-24 14:00:09,515.5,5422975
2021-05-24 14:00:12,515.5,5423159
2021-05-24 14:00:15,515.5,5425365
2021-05-24 14:00:18,515.5,5425366
2021-05-24 14:00:21,515.5,5425416
2021-05-24 14:00:24,515.5,5425688
2021-05-24 14:00:28,515.45,5426654
2021-05-24 14:00:31,515.3,5428082
2021-05-24 14:00:35,515.3,5428383
2021-05-24 14:00:39,515.05,5428588
2021-05-24 14:00:43,515.15,5428701
2021-05-24 14:00:46,515.2,5428794
2021-05-24 14:00:49,515.2,5429692
2021-05-24 14:00:52,515.2,5429692
2021-05-24 14:00:55,515.35,5430324
2021-05-24 14:00:57,515.35,5430374
2021-05-24 14:00:59,515.35,5430382
2021-05-24 14:01:01,515.35,5430466
2021-05-24 14:01:03,515.35,5430466
2021-05-24 14:01:06,515.35,5431126
2021-05-24 14:01:08,515.35,5431513
2021-05-24 14:01:10,515.3,5431518
2021-05-24 14:01:12,515.3,5431578
2021-05-24 14:01:14,515.3,5431578
2021-05-24 14:01:16,515.35,5431584
2021-05-24 14:01:18,515.3,5432997
2021-05-24 14:01:22,515.4,5433072
2021-05-24 14:01:24,515.3,5433081
2021-05-24 14:01:27,515.3,5433791
2021-05-24 14:01:29,515.2,5433856
2021-05-24 14:01:32,515.2,5434004
2021-05-24 14:01:34,515.25,5434028
2021-05-24 14:01:37,515.2,5434038
2021-05-24 14:01:40,515.2,5434039
2021-05-24 14:01:42,515.25,5434051
2021-05-24 14:01:45,515.25,5435250
2021-05-24 14:01:48,515.2,5441680
2021-05-24 14:01:51,515.25,5445948
2021-05-24 14:01:53,515.35,5447187
2021-05-24 14:01:55,515.2,5447188
2021-05-24 14:01:58,515.35,5447198
2021-05-24 14:02:00,515.35,5447198
2021-05-24 14:02:03,515.3,5447227
2021-05-24 14:02:05,515.3,5447726
2021-05-24 14:02:08,515.35,5447795
2021-05-24 14:02:10,515.35,5447803
2021-05-24 14:02:13,515.35,5448004
2021-05-24 14:02:16,515.2,5449604
2021-05-24 14:02:21,515.2,5450904
2021-05-24 14:02:24,515.2,5450912
2021-05-24 14:02:26,515.15,5451601
2021-05-24 14:02:28,515.15,5451605
2021-05-24 14:02:33,515.0,5451944
2021-05-24 14:02:35,515.0,5451969
2021-05-24 14:02:37,515.1,5452000
2021-05-24 14:02:39,515.0,5452001
2021-05-24 14:02:41,515.0,5452003
2021-05-24 14:02:43,515.0,5453046
2021-05-24 14:02:46,515.05,5453722
2021-05-24 14:02:50,515.05,5454396
2021-05-24 14:02:52,515.0,5454493
2021-05-24 14:02:55,515.1,5455160
2021-05-24 14:02:58,515.1,5455175
2021-05-24 14:03:01,515.05,5455181
2021-05-24 14:03:03,515.1,5455187
2021-05-24 14:03:05,515.05,5455687
2021-05-24 14:03:07,515.05,5456700
2021-05-24 14:03:10,515.05,5456953
2021-05-24 14:03:12,515.1,5457958
2021-05-24 14:03:14,515.05,5459136
2021-05-24 14:03:16,515.05,5459140
2021-05-24 14:03:18,515.05,5459140
2021-05-24 14:03:20,514.95,5459946
2021-05-24 14:03:22,515.0,5459950
2021-05-24 14:03:24,515.0,5459970
2021-05-24 14:03:26,514.95,5460470
2021-05-24 14:03:28,515.0,5460473
2021-05-24 14:03:30,515.0,5460579
2021-05-24 14:03:32,514.95,5460684
2021-05-24 14:03:34,514.95,5460684
2021-05-24 14:03:36,514.95,5460689
2021-05-24 14:03:37,514.95,5460706
2021-05-24 14:03:39,514.95,5460906
2021-05-24 14:03:42,514.95,5460915
2021-05-24 14:03:44,515.0,5462174
2021-05-24 14:03:47,515.0,5462674
2021-05-24 14:03:49,515.0,5462683
2021-05-24 14:03:52,514.75,5464463
2021-05-24 14:03:54,514.9,5464963
2021-05-24 14:03:56,514.9,5465063
2021-05-24 14:03:58,514.9,5465069
2021-05-24 14:04:00,514.65,5473822
2021-05-24 14:04:02,514.65,5474791
2021-05-24 14:04:04,514.65,5474791
2021-05-24 14:04:07,514.75,5474845
2021-05-24 14:04:09,514.55,5477648
2021-05-24 14:04:12,514.5,5478281
2021-05-24 14:04:14,514.4,5478363
2021-05-24 14:04:16,514.6,5482885
2021-05-24 14:04:18,514.65,5483329
2021-05-24 14:04:22,514.65,5483852
2021-05-24 14:04:25,514.7,5484360
2021-05-24 14:04:31,514.7,5485020
2021-05-24 14:04:34,514.7,5486330
2021-05-24 14:04:36,514.9,5487053
2021-05-24 14:04:41,514.8,5487070
2021-05-24 14:04:44,514.9,5487661
2021-05-24 14:04:46,515.0,5488224
2021-05-24 14:04:47,515.0,5488334
2021-05-24 14:04:49,515.0,5488346
2021-05-24 14:04:51,515.0,5488346
2021-05-24 14:04:54,515.0,5490264
2021-05-24 14:04:57,515.0,5490314
2021-05-24 14:04:59,514.95,5490315
2021-05-24 14:05:01,515.0,5490321
2021-05-24 14:05:04,515.0,5490618
2021-05-24 14:05:06,515.05,5491270
2021-05-24 14:05:08,514.95,5491371
2021-05-24 14:05:10,515.05,5491411
2021-05-24 14:05:12,515.05,5491508
2021-05-24 14:05:14,515.05,5491667
2021-05-24 14:05:16,515.05,5491710
2021-05-24 14:05:18,515.05,5491710
2021-05-24 14:05:22,515.0,5492450
2021-05-24 14:05:24,515.05,5492484
2021-05-24 14:05:26,515.05,5492485
2021-05-24 14:05:28,515.05,5493824
2021-05-24 14:05:30,515.0,5493827
2021-05-24 14:05:32,515.0,5493937
2021-05-24 14:05:34,515.05,5494640
2021-05-24 14:05:36,514.9,5494650
2021-05-24 14:05:38,515.05,5494654
2021-05-24 14:05:40,515.05,5494654
2021-05-24 14:05:42,514.95,5494664
2021-05-24 14:05:44,514.95,5494675
2021-05-24 14:05:46,514.95,5494686
2021-05-24 14:05:48,514.95,5495297
2021-05-24 14:05:51,514.95,5495297
2021-05-24 14:05:53,514.9,5495323
2021-05-24 14:05:55,514.95,5495328
2021-05-24 14:05:57,514.9,5495378
2021-05-24 14:05:59,514.95,5495482
2021-05-24 14:06:01,514.95,5496073
2021-05-24 14:06:03,514.95,5496278
2021-05-24 14:06:05,514.95,5496281
2021-05-24 14:06:09,514.9,5497324
2021-05-24 14:06:11,515.0,5498822
2021-05-24 14:06:13,514.9,5499801
2021-05-24 14:06:15,514.9,5499801
2021-05-24 14:06:17,514.9,5499835
2021-05-24 14:06:20,514.9,5499835
2021-05-24 14:06:22,514.95,5499844
2021-05-24 14:06:24,514.9,5510810
2021-05-24 14:06:26,514.9,5511612
2021-05-24 14:06:29,514.8,5511617
2021-05-24 14:06:31,514.9,5511627
2021-05-24 14:06:33,514.9,5511628
2021-05-24 14:06:35,514.9,5511628
2021-05-24 14:06:40,514.9,5511687
2021-05-24 14:06:42,514.85,5512083
2021-05-24 14:06:44,514.9,5513412
2021-05-24 14:06:45,514.9,5513412
2021-05-24 14:06:46,515.05,5517142
2021-05-24 14:06:47,515.05,5517142
2021-05-24 14:06:49,515.1,5517149
2021-05-24 14:06:48,515.1,5517145
2021-05-24 14:06:51,515.1,5517149
2021-05-24 14:06:50,515.1,5517149
2021-05-24 14:06:52,515.1,5517149
2021-05-24 14:06:54,515.1,5517209
2021-05-24 14:06:57,515.1,5517256
2021-05-24 14:06:56,515.1,5517256
2021-05-24 14:06:58,515.05,5517765
2021-05-24 14:06:59,515.15,5517766
2021-05-24 14:07:00,515.15,5517783
2021-05-24 14:07:01,515.1,5517928
2021-05-24 14:07:02,515.2,5517930
2021-05-24 14:07:03,515.2,5517932
2021-05-24 14:07:06,515.1,5518032
2021-05-24 14:07:07,515.15,5518039
2021-05-24 14:07:08,515.2,5518059
2021-05-24 14:07:09,515.2,5518214
2021-05-24 14:07:10,515.15,5518264
2021-05-24 14:07:12,515.15,5518845
2021-05-24 14:07:13,515.15,5518845
2021-05-24 14:07:14,515.15,5518845
2021-05-24 14:07:14,515.2,5518849
2021-05-24 14:07:15,515.25,5518853
2021-05-24 14:07:16,515.25,5518853
2021-05-24 14:07:17,515.25,5518853
2021-05-24 14:07:18,515.25,5518858
2021-05-24 14:07:19,515.25,5518858
2021-05-24 14:07:20,515.25,5519009
2021-05-24 14:07:21,515.2,5519085
2021-05-24 14:07:22,515.3,5519715
2021-05-24 14:07:25,515.3,5519719
2021-05-24 14:07:26,515.3,5519720
2021-05-24 14:07:27,515.2,5520845
2021-05-24 14:07:28,514.85,5521320
2021-05-24 14:07:29,514.85,5521320
2021-05-24 14:07:31,514.85,5521320
2021-05-24 14:07:32,514.85,5521320
2021-05-24 14:07:33,515.05,5521402
2021-05-24 14:07:34,515.05,5521408
2021-05-24 14:07:35,514.9,5521409
2021-05-24 14:07:36,514.9,5521409
2021-05-24 14:07:37,514.9,5521409
2021-05-24 14:07:38,514.9,5521409
2021-05-24 14:07:40,514.9,5521409
2021-05-24 14:07:41,514.9,5521409
2021-05-24 14:07:42,515.05,5521451
2021-05-24 14:07:43,515.05,5521455
2021-05-24 14:07:44,515.05,5521455
2021-05-24 14:07:46,515.0,5521523
2021-05-24 14:07:47,515.0,5521523
2021-05-24 14:07:48,514.95,5521528
2021-05-24 14:07:49,515.0,5521529
2021-05-24 14:07:50,515.1,5522104
2021-05-24 14:07:51,515.05,5522111
2021-05-24 14:07:52,515.05,5522114
2021-05-24 14:07:53,515.05,5522114
2021-05-24 14:07:54,515.1,5522214
2021-05-24 14:07:55,514.85,5523647
2021-05-24 14:07:56,514.85,5523647
2021-05-24 14:07:57,514.95,5523657
2021-05-24 14:07:58,514.95,5523657
2021-05-24 14:07:59,514.95,5523657
2021-05-24 14:08:00,514.95,5523667
2021-05-24 14:08:01,515.0,5523672
2021-05-24 14:08:02,514.8,5523673
2021-05-24 14:08:03,514.8,5523673
2021-05-24 14:08:04,514.8,5523675
2021-05-24 14:08:05,514.8,5523675
2021-05-24 14:08:06,514.8,5523675
2021-05-24 14:08:07,515.0,5523686
2021-05-24 14:08:08,515.0,5523686
2021-05-24 14:08:09,515.0,5523687
2021-05-24 14:08:10,514.95,5523690
2021-05-24 14:08:11,514.95,5523690
2021-05-24 14:08:12,514.95,5523700
2021-05-24 14:08:13,514.95,5523700
2021-05-24 14:08:14,514.95,5523700
2021-05-24 14:08:15,515.0,5524123
2021-05-24 14:08:16,514.9,5524160
2021-05-24 14:08:17,514.9,5524160
2021-05-24 14:08:18,515.0,5524167
2021-05-24 14:08:19,515.0,5524171
2021-05-24 14:08:20,515.0,5524678
2021-05-24 14:08:21,515.0,5524678
2021-05-24 14:08:22,515.0,5524898
2021-05-24 14:08:23,515.0,5525105
2021-05-24 14:08:24,515.0,5525106
2021-05-24 14:08:25,515.0,5525116
2021-05-24 14:08:26,514.95,5525117
2021-05-24 14:08:28,515.0,5525175
2021-05-24 14:08:27,514.95,5525117
2021-05-24 14:08:29,515.0,5525175
2021-05-24 14:08:30,515.0,5525177
2021-05-24 14:08:31,515.0,5525177
2021-05-24 14:08:32,515.0,5525177
2021-05-24 14:08:33,515.0,5525192
2021-05-24 14:08:34,515.0,5525835
2021-05-24 14:08:35,515.0,5525835
2021-05-24 14:08:36,515.0,5525835
2021-05-24 14:08:37,515.0,5525939
2021-05-24 14:08:38,515.0,5525941
2021-05-24 14:08:39,514.95,5526041
2021-05-24 14:08:41,515.0,5526063
2021-05-24 14:08:40,514.95,5526041
2021-05-24 14:08:42,515.0,5526063
2021-05-24 14:08:43,515.0,5526268
2021-05-24 14:08:44,515.0,5526807
2021-05-24 14:08:45,515.0,5526807
2021-05-24 14:08:46,515.0,5526811
2021-05-24 14:08:47,514.95,5526812
2021-05-24 14:08:48,515.0,5526813
2021-05-24 14:08:49,515.0,5526813
2021-05-24 14:08:50,515.0,5526813
2021-05-24 14:08:51,515.0,5526813
2021-05-24 14:08:52,515.0,5526813
2021-05-24 14:08:53,515.0,5526815
2021-05-24 14:08:54,515.0,5527415
2021-05-24 14:08:55,515.0,5527968
2021-05-24 14:08:56,515.0,5528539
2021-05-24 14:08:57,515.05,5528857
2021-05-24 14:08:58,515.1,5528986
2021-05-24 14:08:59,515.1,5528986
2021-05-24 14:09:00,515.1,5528986
2021-05-24 14:09:01,515.1,5528986
2021-05-24 14:09:02,515.1,5528986
2021-05-24 14:09:03,515.1,5528986
2021-05-24 14:09:04,515.2,5529468
2021-05-24 14:09:05,515.2,5529468
2021-05-24 14:09:06,515.2,5529490
2021-05-24 14:09:07,515.2,5529490
2021-05-24 14:09:08,515.2,5529570
2021-05-24 14:09:09,515.2,5529657
2021-05-24 14:09:10,515.15,5529660
2021-05-24 14:09:11,515.15,5529660
2021-05-24 14:09:12,515.15,5529695
2021-05-24 14:09:13,515.25,5529699
2021-05-24 14:09:14,515.15,5529754
2021-05-24 14:09:15,515.15,5529757
2021-05-24 14:09:16,515.15,5529757
2021-05-24 14:09:17,515.15,5530364
2021-05-24 14:09:18,515.15,5530364
2021-05-24 14:09:19,515.25,5530399
2021-05-24 14:09:20,515.25,5530399
2021-05-24 14:09:21,515.25,5530399
2021-05-24 14:09:23,515.25,5530405
2021-05-24 14:09:22,515.25,5530405
2021-05-24 14:09:24,515.25,5530405
2021-05-24 14:09:25,515.25,5530405
2021-05-24 14:09:26,515.2,5530916
2021-05-24 14:09:27,515.15,5532353
2021-05-24 14:09:28,515.05,5532748
2021-05-24 14:09:29,515.05,5532748
2021-05-24 14:09:30,515.05,5532748
2021-05-24 14:09:31,515.2,5532752
2021-05-24 14:09:32,515.05,5533252
2021-05-24 14:09:33,515.2,5533258
2021-05-24 14:09:34,515.2,5533258
2021-05-24 14:09:35,515.2,5533258
2021-05-24 14:09:36,515.2,5533258
2021-05-24 14:09:37,515.2,5533259
2021-05-24 14:09:38,515.2,5533259
2021-05-24 14:09:39,515.2,5533260
2021-05-24 14:09:41,515.2,5533264
2021-05-24 14:09:41,515.2,5533264
2021-05-24 14:09:43,515.2,5533265
2021-05-24 14:09:45,515.15,5533266
2021-05-24 14:09:46,515.15,5533438
2021-05-24 14:09:47,515.15,5533488
2021-05-24 14:09:48,515.15,5533488
2021-05-24 14:09:49,515.15,5533515
2021-05-24 14:09:50,515.2,5533547
2021-05-24 14:09:51,515.2,5534047
2021-05-24 14:09:53,515.2,5534047
2021-05-24 14:09:54,515.2,5534047
2021-05-24 14:09:55,515.15,5534048
2021-05-24 14:09:56,515.15,5534048
2021-05-24 14:09:57,515.2,5534207
2021-05-24 14:09:59,515.2,5534223
2021-05-24 14:10:00,515.15,5535280
2021-05-24 14:10:01,515.05,5535823
2021-05-24 14:10:02,515.05,5535823
2021-05-24 14:10:03,515.05,5535823
2021-05-24 14:10:04,515.2,5535824
2021-05-24 14:10:05,515.2,5535824
2021-05-24 14:10:06,515.2,5535824
2021-05-24 14:10:07,515.2,5535828
2021-05-24 14:10:08,515.05,5535953
2021-05-24 14:10:09,515.2,5535954
2021-05-24 14:10:10,515.15,5536054
2021-05-24 14:10:11,515.15,5536054
2021-05-24 14:10:12,515.15,5537408
2021-05-24 14:10:13,515.15,5537408
2021-05-24 14:10:14,515.15,5537408
2021-05-24 14:10:16,515.25,5537419
2021-05-24 14:10:17,515.25,5537888
2021-05-24 14:10:18,515.25,5537975
2021-05-24 14:10:19,515.25,5537975
2021-05-24 14:10:20,515.25,5537976
2021-05-24 14:10:21,515.25,5537976
2021-05-24 14:10:22,515.25,5538276
2021-05-24 14:10:23,515.15,5538277
2021-05-24 14:10:24,515.15,5539077
2021-05-24 14:10:25,515.2,5539099
2021-05-24 14:10:26,515.15,5539103
2021-05-24 14:10:28,515.15,5539103
2021-05-24 14:10:29,515.2,5539650
2021-05-24 14:10:30,515.2,5539650
2021-05-24 14:10:31,515.2,5539650
2021-05-24 14:10:32,515.2,5539660
2021-05-24 14:10:33,515.2,5539660
2021-05-24 14:10:34,515.2,5539684
2021-05-24 14:10:37,515.2,5539692
2021-05-24 14:10:37,515.15,5539699
2021-05-24 14:10:38,515.15,5539699
2021-05-24 14:10:39,515.25,5540300
2021-05-24 14:10:40,515.25,5540469
2021-05-24 14:10:41,515.25,5540469
2021-05-24 14:10:42,515.2,5541114
2021-05-24 14:10:43,515.25,5541119
2021-05-24 14:10:45,515.25,5541120
2021-05-24 14:10:46,515.2,5541145
2021-05-24 14:10:47,515.2,5541145
2021-05-24 14:10:48,515.25,5541297
2021-05-24 14:10:50,515.25,5541297
2021-05-24 14:10:51,515.25,5541298
2021-05-24 14:10:52,515.25,5541302
2021-05-24 14:10:53,515.2,5541374
2021-05-24 14:10:54,515.2,5541374
2021-05-24 14:10:56,515.2,5541394
2021-05-24 14:10:56,515.2,5541399
2021-05-24 14:10:57,515.2,5541399
2021-05-24 14:10:59,515.25,5541404
2021-05-24 14:11:00,515.25,5541404
2021-05-24 14:11:00,515.2,5541407
2021-05-24 14:11:01,515.2,5541884
2021-05-24 14:11:02,515.25,5541885
2021-05-24 14:11:03,515.25,5541896
2021-05-24 14:11:04,515.25,5541896
2021-05-24 14:11:05,515.25,5541896
2021-05-24 14:11:06,515.25,5541896
2021-05-24 14:11:07,515.25,5542066
2021-05-24 14:11:08,515.2,5542091
2021-05-24 14:11:09,515.25,5542541
2021-05-24 14:11:10,515.25,5542547
2021-05-24 14:11:12,515.25,5542553
2021-05-24 14:11:12,515.2,5542554
2021-05-24 14:11:13,515.25,5542646
2021-05-24 14:11:15,515.25,5542646
2021-05-24 14:11:15,515.25,5542646
2021-05-24 14:11:16,515.25,5542646
2021-05-24 14:11:17,515.25,5542646
2021-05-24 14:11:18,515.25,5542646
2021-05-24 14:11:19,515.25,5542684
2021-05-24 14:11:20,515.25,5543288
2021-05-24 14:11:21,515.25,5543794
2021-05-24 14:11:22,515.25,5543794
2021-05-24 14:11:23,515.2,5543799
2021-05-24 14:11:24,515.2,5543809
2021-05-24 14:11:25,515.25,5543929
2021-05-24 14:11:27,515.25,5543974
2021-05-24 14:11:28,515.3,5544531
2021-05-24 14:11:28,515.3,5544531
2021-05-24 14:11:29,515.3,5544531
2021-05-24 14:11:30,515.15,5546353
2021-05-24 14:11:31,515.15,5547098
2021-05-24 14:11:32,515.15,5547098
2021-05-24 14:11:33,515.1,5551445
2021-05-24 14:11:34,515.1,5553436
2021-05-24 14:11:35,515.1,5553436
2021-05-24 14:11:36,515.1,5553436
2021-05-24 14:11:37,515.15,5553442
2021-05-24 14:11:38,515.15,5553442
2021-05-24 14:11:39,515.15,5553442
2021-05-24 14:11:40,515.15,5553442
2021-05-24 14:11:41,515.15,5553442
2021-05-24 14:11:42,515.1,5553943
2021-05-24 14:11:43,515.1,5554250
2021-05-24 14:11:46,515.15,5555854
2021-05-24 14:11:48,515.15,5556309
2021-05-24 14:11:53,515.1,5556655
2021-05-24 14:11:56,515.1,5556687
2021-05-24 14:11:57,515.1,5556687
2021-05-24 14:11:59,515.15,5557215
2021-05-24 14:12:02,515.15,5557219
2021-05-24 14:12:05,515.15,5557228
2021-05-24 14:12:07,515.15,5557280
2021-05-24 14:12:11,515.15,5557850
2021-05-24 14:12:14,515.15,5557864
2021-05-24 14:12:20,515.15,5558611
2021-05-24 14:12:22,515.15,5562347
2021-05-24 14:12:25,515.2,5562459
2021-05-24 14:12:28,515.4,5571279
2021-05-24 14:12:30,515.5,5571756
2021-05-24 14:12:33,515.5,5574148
2021-05-24 14:12:35,515.4,5575912
2021-05-24 14:12:37,515.4,5575951
2021-05-24 14:12:39,515.4,5576103
2021-05-24 14:12:42,515.35,5576134
2021-05-24 14:12:44,515.35,5576134
2021-05-24 14:12:47,515.4,5576136
2021-05-24 14:12:49,515.4,5582390
2021-05-24 14:12:52,515.45,5583743
2021-05-24 14:12:54,515.45,5584243
2021-05-24 14:12:56,515.45,5584512
2021-05-24 14:12:58,515.45,5584679
2021-05-24 14:13:00,515.5,5586177
2021-05-24 14:13:03,515.45,5586314
2021-05-24 14:13:06,515.45,5586326
2021-05-24 14:13:08,515.5,5586330
2021-05-24 14:13:11,515.5,5586820
2021-05-24 14:13:14,515.5,5587155
2021-05-24 14:13:16,515.5,5587159
2021-05-24 14:13:18,515.5,5587159
2021-05-24 14:13:21,515.45,5587262
2021-05-24 14:13:24,515.5,5587841
2021-05-24 14:13:26,515.45,5588350
2021-05-24 14:13:28,515.45,5588450
2021-05-24 14:13:31,515.45,5588551
2021-05-24 14:13:34,515.5,5588587
2021-05-24 14:13:36,515.45,5589210
2021-05-24 14:13:38,515.45,5589470
2021-05-24 14:13:40,515.5,5589471
2021-05-24 14:13:43,515.4,5592265
2021-05-24 14:13:46,515.4,5592599
2021-05-24 14:13:48,515.35,5593089
2021-05-24 14:13:51,515.35,5593097
2021-05-24 14:13:54,515.35,5597765
2021-05-24 14:13:58,515.35,5597765
2021-05-24 14:14:00,515.3,5599042
2021-05-24 14:14:03,515.3,5599076
2021-05-24 14:14:05,515.2,5599079
2021-05-24 14:14:07,515.3,5599083
2021-05-24 14:14:09,515.2,5599105
2021-05-24 14:14:11,515.3,5599109
2021-05-24 14:14:14,515.3,5599207
2021-05-24 14:14:16,515.25,5599633
2021-05-24 14:14:22,515.25,5599977
2021-05-24 14:14:24,515.25,5600663
2021-05-24 14:14:27,515.3,5601343
2021-05-24 14:14:29,515.3,5601573
2021-05-24 14:14:31,515.3,5601573
2021-05-24 14:14:34,515.3,5601584
2021-05-24 14:14:36,515.25,5601764
2021-05-24 14:14:38,515.3,5601768
2021-05-24 14:14:40,515.25,5601773
2021-05-24 14:14:43,515.3,5602432
2021-05-24 14:14:45,515.3,5602432
2021-05-24 14:14:47,515.3,5602791
2021-05-24 14:14:50,515.3,5602814
2021-05-24 14:14:52,515.3,5602818
2021-05-24 14:14:54,515.3,5603648
2021-05-24 14:14:57,515.3,5603652
2021-05-24 14:14:59,515.3,5603652
2021-05-24 14:15:01,515.25,5603782
2021-05-24 14:15:04,515.3,5603830
2021-05-24 14:15:06,515.3,5604434
2021-05-24 14:15:09,515.3,5604452
2021-05-24 14:15:11,515.25,5604567
2021-05-24 14:15:14,515.3,5604572
2021-05-24 14:15:16,515.3,5604572
2021-05-24 14:15:18,515.3,5604874
2021-05-24 14:15:20,515.35,5605607
2021-05-24 14:15:22,515.25,5605632
2021-05-24 14:15:25,515.35,5605635
2021-05-24 14:15:27,515.35,5605636
2021-05-24 14:15:29,515.35,5605671
2021-05-24 14:15:31,515.35,5606288
2021-05-24 14:15:34,515.35,5606459
2021-05-24 14:15:36,515.35,5606539
2021-05-24 14:15:39,515.3,5606619
2021-05-24 14:15:42,515.35,5606625
2021-05-24 14:15:45,515.35,5607235
2021-05-24 14:15:47,515.35,5607266
2021-05-24 14:15:50,515.35,5607270
2021-05-24 14:15:52,515.35,5607271
2021-05-24 14:15:54,515.3,5608633
2021-05-24 14:15:56,515.2,5608658
2021-05-24 14:15:59,515.3,5608682
2021-05-24 14:16:02,515.25,5608695
2021-05-24 14:16:04,515.3,5609255
2021-05-24 14:16:07,515.3,5609577
2021-05-24 14:16:10,515.3,5609577
2021-05-24 14:16:12,515.2,5612209
2021-05-24 14:16:14,515.15,5612229
2021-05-24 14:16:17,515.2,5615609
2021-05-24 14:16:20,515.2,5616168
2021-05-24 14:16:22,515.15,5616184
2021-05-24 14:16:25,515.2,5616222
2021-05-24 14:16:27,515.2,5616247
2021-05-24 14:16:29,515.15,5616350
2021-05-24 14:16:31,515.2,5616940
2021-05-24 14:16:33,515.15,5616945
2021-05-24 14:16:35,515.2,5617153
2021-05-24 14:16:38,515.2,5617153
2021-05-24 14:16:40,515.2,5617219
2021-05-24 14:16:42,515.2,5617871
2021-05-24 14:16:44,515.2,5617876
2021-05-24 14:16:46,515.2,5617876
2021-05-24 14:16:48,515.2,5617941
2021-05-24 14:16:50,515.2,5617947
2021-05-24 14:16:53,515.2,5618512
2021-05-24 14:16:55,515.2,5618829
2021-05-24 14:16:57,515.2,5618829
2021-05-24 14:16:59,515.15,5618859
2021-05-24 14:17:03,515.2,5619621
2021-05-24 14:17:06,515.2,5619769
2021-05-24 14:17:08,515.2,5620304
2021-05-24 14:17:11,515.25,5620819
2021-05-24 14:17:14,515.25,5621384
2021-05-24 14:17:16,515.25,5622205
2021-05-24 14:17:19,515.25,5622668
2021-05-24 14:17:22,515.4,5626363
2021-05-24 14:17:24,515.35,5626365
2021-05-24 14:17:27,515.35,5627172
2021-05-24 14:17:29,515.35,5627327
2021-05-24 14:17:31,515.45,5627338
2021-05-24 14:17:33,515.45,5627338
2021-05-24 14:17:35,515.45,5627372
2021-05-24 14:17:37,515.45,5627376
2021-05-24 14:17:40,515.4,5627904
2021-05-24 14:17:42,515.35,5628136
2021-05-24 14:17:45,515.35,5628214
2021-05-24 14:17:47,515.35,5629126
2021-05-24 14:17:50,515.25,5629234
2021-05-24 14:17:53,515.25,5629234
2021-05-24 14:17:55,515.3,5629246
2021-05-24 14:17:58,515.25,5629249
2021-05-24 14:18:00,515.3,5629269
2021-05-24 14:18:02,515.25,5631468
2021-05-24 14:18:05,515.3,5632085
2021-05-24 14:18:07,515.3,5632125
2021-05-24 14:18:10,515.3,5632125
2021-05-24 14:18:13,515.3,5632136
2021-05-24 14:18:16,515.3,5632712
2021-05-24 14:18:19,515.3,5632712
2021-05-24 14:18:22,515.45,5632829
2021-05-24 14:18:24,515.4,5632830
2021-05-24 14:18:27,515.45,5632880
2021-05-24 14:18:29,515.45,5633460
2021-05-24 14:18:31,515.45,5633464
2021-05-24 14:18:33,515.45,5633464
2021-05-24 14:18:35,515.45,5633483
2021-05-24 14:18:38,515.45,5633552
2021-05-24 14:18:40,515.4,5634976
2021-05-24 14:18:42,515.4,5635276
2021-05-24 14:18:45,515.4,5635276
2021-05-24 14:18:48,515.5,5635288
2021-05-24 14:18:50,515.4,5635603
2021-05-24 14:18:53,515.25,5635903
2021-05-24 14:18:55,515.5,5636028
2021-05-24 14:18:57,515.5,5636028
2021-05-24 14:19:00,515.5,5636235
2021-05-24 14:19:03,515.5,5636453
2021-05-24 14:19:05,515.5,5636635
2021-05-24 14:19:08,515.5,5636812
2021-05-24 14:19:10,515.5,5636914
2021-05-24 14:19:13,515.5,5637178
2021-05-24 14:19:15,515.5,5637428
2021-05-24 14:19:18,515.5,5637934
2021-05-24 14:19:21,515.5,5638806
2021-05-24 14:19:24,515.4,5638970
2021-05-24 14:19:27,515.45,5639625
2021-05-24 14:19:29,515.6,5639751
2021-05-24 14:19:31,515.6,5639949
2021-05-24 14:19:34,515.6,5640127
2021-05-24 14:19:36,515.6,5640609
2021-05-24 14:19:38,515.6,5640842
2021-05-24 14:19:40,515.55,5640930
2021-05-24 14:19:43,515.6,5641335
2021-05-24 14:19:45,515.55,5641662
2021-05-24 14:19:47,515.45,5643380
2021-05-24 14:19:49,515.55,5643491
2021-05-24 14:19:52,515.55,5643659
2021-05-24 14:19:54,515.5,5643936
2021-05-24 14:19:56,515.6,5644973
2021-05-24 14:19:59,515.55,5645847
2021-05-24 14:20:02,515.5,5651953
2021-05-24 14:20:04,515.45,5653320
2021-05-24 14:20:07,515.45,5653989
2021-05-24 14:20:09,515.45,5653994
2021-05-24 14:20:12,515.4,5654119
2021-05-24 14:20:14,515.5,5654402
2021-05-24 14:20:17,515.5,5654533
2021-05-24 14:20:19,515.4,5656240
2021-05-24 14:20:21,515.4,5656378
2021-05-24 14:20:24,515.5,5657037
2021-05-24 14:20:26,515.5,5657038
2021-05-24 14:20:28,515.55,5657259
2021-05-24 14:20:30,515.55,5657370
2021-05-24 14:20:33,515.5,5657457
2021-05-24 14:20:35,515.55,5657572
2021-05-24 14:20:37,515.5,5657577
2021-05-24 14:20:39,515.5,5657581
2021-05-24 14:20:42,515.5,5657731
2021-05-24 14:20:44,515.5,5658387
2021-05-24 14:20:47,515.5,5658391
2021-05-24 14:20:51,515.5,5658428
2021-05-24 14:20:53,515.5,5658428
2021-05-24 14:20:55,515.45,5658523
2021-05-24 14:20:57,515.45,5659171
2021-05-24 14:20:59,515.5,5659414
2021-05-24 14:21:01,515.45,5659422
2021-05-24 14:21:04,515.5,5659596
2021-05-24 14:21:06,515.5,5660062
2021-05-24 14:21:09,515.5,5660063
2021-05-24 14:21:11,515.45,5660682
2021-05-24 14:21:14,515.5,5660703
2021-05-24 14:21:17,515.45,5661107
2021-05-24 14:21:20,515.5,5661275
2021-05-24 14:21:23,515.5,5661394
2021-05-24 14:21:26,515.45,5662561
2021-05-24 14:21:29,515.45,5663277
2021-05-24 14:21:32,515.45,5664292
2021-05-24 14:21:37,515.4,5664567
2021-05-24 14:21:40,515.45,5664571
2021-05-24 14:21:46,515.4,5665160
2021-05-24 14:21:49,515.45,5665389
2021-05-24 14:21:52,515.45,5665776
2021-05-24 14:21:54,515.45,5666045
2021-05-24 14:21:57,515.45,5666167
2021-05-24 14:21:59,515.45,5669427
2021-05-24 14:22:01,515.45,5670039
2021-05-24 14:22:03,515.4,5670143
2021-05-24 14:22:06,515.45,5671851
2021-05-24 14:22:09,515.45,5672347
2021-05-24 14:22:11,515.4,5672492
2021-05-24 14:22:14,515.4,5672659
2021-05-24 14:22:16,515.45,5672765
2021-05-24 14:22:19,515.45,5673676
2021-05-24 14:22:21,515.45,5673741
2021-05-24 14:22:23,515.45,5673914
2021-05-24 14:22:25,515.45,5674021
2021-05-24 14:22:27,515.45,5674306
2021-05-24 14:22:30,515.45,5674404
2021-05-24 14:22:32,515.4,5674665
2021-05-24 14:22:34,515.4,5674850
2021-05-24 14:22:36,515.4,5675217
2021-05-24 14:22:38,515.5,5675386
2021-05-24 14:22:40,515.4,5675416
2021-05-24 14:22:43,515.5,5675483
2021-05-24 14:22:45,515.5,5675546
2021-05-24 14:22:48,515.5,5675846
2021-05-24 14:22:50,515.45,5676314
2021-05-24 14:22:52,515.5,5676420
2021-05-24 14:22:54,515.5,5676424
2021-05-24 14:22:57,515.35,5679161
2021-05-24 14:23:00,515.35,5680070
2021-05-24 14:23:03,515.35,5680222
2021-05-24 14:23:05,515.3,5681394
2021-05-24 14:23:08,515.25,5682251
2021-05-24 14:23:11,515.4,5682474
2021-05-24 14:23:14,515.25,5682481
2021-05-24 14:23:16,515.25,5682651
2021-05-24 14:23:20,515.35,5682721
2021-05-24 14:23:22,515.35,5682721
2021-05-24 14:23:25,515.25,5682728
2021-05-24 14:23:27,515.25,5682728
2021-05-24 14:23:29,515.25,5682882
2021-05-24 14:23:31,515.35,5682929
2021-05-24 14:23:34,515.35,5682929
2021-05-24 14:23:36,515.35,5682929
2021-05-24 14:23:38,515.25,5683146
2021-05-24 14:23:41,515.3,5683322
2021-05-24 14:23:43,515.3,5683827
2021-05-24 14:23:46,515.3,5684259
2021-05-24 14:23:48,515.3,5684425
2021-05-24 14:23:50,515.3,5684442
2021-05-24 14:23:53,515.3,5684442
2021-05-24 14:23:55,515.3,5685441
2021-05-24 14:23:57,515.3,5686411
2021-05-24 14:24:00,515.3,5687300
2021-05-24 14:24:03,515.25,5688607
2021-05-24 14:24:06,515.25,5689702
2021-05-24 14:24:08,515.25,5691131
2021-05-24 14:24:11,515.35,5691930
2021-05-24 14:24:13,515.35,5692473
2021-05-24 14:24:16,515.25,5692531
2021-05-24 14:24:19,515.25,5692531
2021-05-24 14:24:21,515.3,5692532
2021-05-24 14:24:24,515.3,5692537
2021-05-24 14:24:27,515.2,5692543
2021-05-24 14:24:29,515.2,5692543
2021-05-24 14:24:31,515.2,5692549
2021-05-24 14:24:34,515.3,5692633
2021-05-24 14:24:36,515.3,5693180
2021-05-24 14:24:39,515.25,5693881
2021-05-24 14:24:42,515.25,5694699
2021-05-24 14:24:46,515.3,5695818
2021-05-24 14:24:48,515.3,5696141
2021-05-24 14:24:51,515.25,5696165
2021-05-24 14:24:54,515.3,5696963
2021-05-24 14:24:57,515.3,5696963
2021-05-24 14:25:00,515.3,5697230
2021-05-24 14:25:02,515.2,5697418
2021-05-24 14:25:05,515.3,5697920
2021-05-24 14:25:08,515.3,5698086
2021-05-24 14:25:11,515.3,5698086
2021-05-24 14:25:13,515.15,5698286
2021-05-24 14:25:17,515.25,5702657
2021-05-24 14:25:20,515.25,5703854
2021-05-24 14:25:22,515.3,5704387
2021-05-24 14:25:25,515.3,5705050
2021-05-24 14:25:27,515.25,5705184
2021-05-24 14:25:29,515.25,5705184
2021-05-24 14:25:32,515.15,5705198
2021-05-24 14:25:37,515.25,5705262
2021-05-24 14:25:39,515.2,5705548
2021-05-24 14:25:42,515.2,5706382
2021-05-24 14:25:46,515.2,5706574
2021-05-24 14:25:48,515.2,5706589
2021-05-24 14:25:51,515.2,5707613
2021-05-24 14:25:54,515.25,5707925
2021-05-24 14:25:57,515.25,5707925
2021-05-24 14:26:02,515.25,5708006
2021-05-24 14:26:04,515.25,5708184
2021-05-24 14:26:07,515.25,5708342
2021-05-24 14:26:14,515.2,5709058
2021-05-24 14:26:16,515.2,5709716
2021-05-24 14:26:19,515.2,5711719
2021-05-24 14:26:21,515.2,5712216
2021-05-24 14:26:23,515.2,5712216
2021-05-24 14:26:25,515.1,5712375
2021-05-24 14:26:28,515.2,5712430
2021-05-24 14:26:30,515.15,5712453
2021-05-24 14:26:33,515.15,5712454
2021-05-24 14:26:36,515.15,5712519
2021-05-24 14:26:38,515.2,5712523
2021-05-24 14:26:41,515.2,5712523
2021-05-24 14:26:43,515.15,5712543
2021-05-24 14:26:46,515.2,5712581
2021-05-24 14:26:48,515.05,5714477
2021-05-24 14:26:51,514.95,5717715
2021-05-24 14:26:53,515.2,5718990
2021-05-24 14:26:55,515.15,5719033
2021-05-24 14:27:04,515.05,5719488
2021-05-24 14:27:07,514.95,5719593
2021-05-24 14:27:10,514.9,5720304
2021-05-24 14:27:12,515.0,5720826
2021-05-24 14:27:16,515.0,5720900
2021-05-24 14:27:19,515.0,5720901
2021-05-24 14:27:22,515.0,5720909
2021-05-24 14:27:24,515.0,5720935
2021-05-24 14:27:26,515.0,5723158
2021-05-24 14:27:29,515.0,5723881
2021-05-24 14:27:32,515.05,5724732
2021-05-24 14:27:35,514.95,5725233
2021-05-24 14:27:37,515.05,5725318
2021-05-24 14:27:40,515.0,5725323
2021-05-24 14:27:43,515.0,5725428
2021-05-24 14:27:45,514.95,5725530
2021-05-24 14:27:48,515.0,5725615
2021-05-24 14:27:50,514.95,5726130
2021-05-24 14:27:53,515.0,5726603
2021-05-24 14:27:55,514.95,5726605
2021-05-24 14:27:58,515.0,5726609
2021-05-24 14:28:01,514.95,5726629
2021-05-24 14:28:03,514.95,5726632
2021-05-24 14:28:05,514.95,5726652
2021-05-24 14:28:08,515.0,5726684
2021-05-24 14:28:10,515.0,5726684
2021-05-24 14:28:12,515.0,5726836
2021-05-24 14:28:14,515.0,5726836
2021-05-24 14:28:17,515.0,5726868
2021-05-24 14:28:19,514.95,5726878
2021-05-24 14:28:21,514.95,5726878
2021-05-24 14:28:23,514.95,5727057
2021-05-24 14:28:26,515.0,5727082
2021-05-24 14:28:29,514.95,5727125
2021-05-24 14:28:32,515.0,5727139
2021-05-24 14:28:34,515.0,5727146
2021-05-24 14:28:37,515.0,5727166
2021-05-24 14:28:42,515.0,5727486
2021-05-24 14:28:44,515.0,5727956
2021-05-24 14:28:47,515.0,5728233
2021-05-24 14:28:49,514.95,5728448
2021-05-24 14:28:52,515.0,5728496
2021-05-24 14:28:54,514.95,5728690
2021-05-24 14:28:57,515.0,5728733
2021-05-24 14:29:02,515.0,5728896
2021-05-24 14:29:05,515.0,5728930
2021-05-24 14:29:07,514.95,5728960
2021-05-24 14:29:10,514.95,5729828
2021-05-24 14:29:12,514.9,5730695
2021-05-24 14:29:15,514.9,5730897
2021-05-24 14:29:17,514.9,5731321
2021-05-24 14:29:19,515.0,5731429
2021-05-24 14:29:22,514.9,5732811
2021-05-24 14:29:26,514.95,5733157
2021-05-24 14:29:29,514.9,5733199
2021-05-24 14:29:32,514.9,5733228
2021-05-24 14:29:35,514.9,5733283
2021-05-24 14:29:38,514.95,5734946
2021-05-24 14:29:40,515.0,5735413
2021-05-24 14:29:43,514.9,5735437
2021-05-24 14:29:45,515.0,5737776
2021-05-24 14:29:48,514.9,5738348
2021-05-24 14:29:51,515.0,5738372
2021-05-24 14:29:53,514.9,5739985
2021-05-24 14:29:55,515.0,5740353
2021-05-24 14:29:57,515.0,5740358
2021-05-24 14:30:00,514.9,5740561
2021-05-24 14:30:02,514.9,5740665
2021-05-24 14:30:05,515.0,5740771
2021-05-24 14:30:07,515.0,5740774
2021-05-24 14:30:10,515.0,5740777
2021-05-24 14:30:13,515.0,5741185
2021-05-24 14:30:16,514.95,5741445
2021-05-24 14:30:19,514.9,5741474
2021-05-24 14:30:21,514.95,5741490
2021-05-24 14:30:24,514.9,5741496
2021-05-24 14:30:27,514.9,5741496
2021-05-24 14:30:29,514.95,5741566
2021-05-24 14:30:32,514.95,5741574
2021-05-24 14:30:34,514.95,5741722
2021-05-24 14:30:37,514.9,5741772
2021-05-24 14:30:39,514.9,5741816
2021-05-24 14:30:41,514.95,5741855
2021-05-24 14:30:44,514.95,5742393
2021-05-24 14:30:47,514.95,5742800
2021-05-24 14:30:50,514.95,5742899
2021-05-24 14:30:52,514.95,5742942
2021-05-24 14:30:55,514.95,5743057
2021-05-24 14:30:58,515.0,5745155
2021-05-24 14:31:01,514.95,5745255
2021-05-24 14:31:04,515.25,5751592
2021-05-24 14:31:07,515.25,5751716
2021-05-24 14:31:09,515.1,5751870
2021-05-24 14:31:12,515.15,5751938
2021-05-24 14:31:14,515.1,5751978
2021-05-24 14:31:16,515.15,5752052
2021-05-24 14:31:18,515.15,5752084
2021-05-24 14:31:21,515.1,5752094
2021-05-24 14:31:23,515.15,5752234
2021-05-24 14:31:25,515.15,5752638
2021-05-24 14:31:28,515.1,5752798
2021-05-24 14:31:30,515.15,5752834
2021-05-24 14:31:32,515.1,5752894
2021-05-24 14:31:34,515.1,5753014
2021-05-24 14:31:37,515.15,5753523
2021-05-24 14:31:39,515.15,5753525
2021-05-24 14:31:42,515.1,5753751
2021-05-24 14:31:44,515.15,5753755
2021-05-24 14:31:47,515.1,5753907
2021-05-24 14:31:49,515.15,5753908
2021-05-24 14:31:51,515.15,5753908
2021-05-24 14:31:53,515.15,5753914
2021-05-24 14:31:54,515.15,5754019
2021-05-24 14:31:56,515.1,5754096
2021-05-24 14:31:58,515.15,5754098
2021-05-24 14:32:00,515.15,5754099
2021-05-24 14:32:02,515.1,5754232
2021-05-24 14:32:04,515.1,5754232
2021-05-24 14:32:06,515.1,5754232
2021-05-24 14:32:08,515.0,5754569
2021-05-24 14:32:10,515.1,5754681
2021-05-24 14:32:12,515.0,5754682
2021-05-24 14:32:14,515.15,5754955
2021-05-24 14:32:17,515.15,5754955
2021-05-24 14:32:19,515.1,5755062
2021-05-24 14:32:21,515.0,5755079
2021-05-24 14:32:23,515.0,5755079
2021-05-24 14:32:26,515.0,5755934
2021-05-24 14:32:29,515.1,5756014
2021-05-24 14:32:32,515.1,5756031
2021-05-24 14:32:34,515.1,5756087
2021-05-24 14:32:37,515.1,5756091
2021-05-24 14:32:39,515.1,5756221
2021-05-24 14:32:41,515.1,5756254
2021-05-24 14:32:46,515.1,5756425
2021-05-24 14:32:48,515.1,5756459
2021-05-24 14:32:50,515.0,5756499
2021-05-24 14:32:54,515.05,5765597
2021-05-24 14:32:57,514.95,5770685
2021-05-24 14:32:59,515.0,5770740
2021-05-24 14:33:02,515.0,5770911
2021-05-24 14:33:04,515.1,5771016
2021-05-24 14:33:06,515.1,5771016
2021-05-24 14:33:08,515.0,5771159
2021-05-24 14:33:10,514.95,5771602
2021-05-24 14:33:13,515.0,5771734
2021-05-24 14:33:15,514.95,5773389
2021-05-24 14:33:18,514.95,5773439
2021-05-24 14:33:20,515.0,5773449
2021-05-24 14:33:22,515.0,5773460
2021-05-24 14:33:25,515.0,5773722
2021-05-24 14:33:27,515.0,5773722
2021-05-24 14:33:29,514.95,5773723
2021-05-24 14:33:31,515.0,5774473
2021-05-24 14:33:33,514.95,5775952
2021-05-24 14:33:35,514.95,5777330
2021-05-24 14:33:38,514.95,5778603
2021-05-24 14:33:40,515.0,5778786
2021-05-24 14:33:42,514.95,5778787
2021-05-24 14:33:44,514.9,5778804
2021-05-24 14:33:46,515.0,5778822
2021-05-24 14:33:50,515.0,5779334
2021-05-24 14:33:52,514.95,5779650
2021-05-24 14:33:54,515.0,5779660
2021-05-24 14:33:57,515.0,5779960
2021-05-24 14:33:59,514.9,5780235
2021-05-24 14:34:01,515.0,5782540
2021-05-24 14:34:03,515.0,5782590
2021-05-24 14:34:05,515.0,5782590
2021-05-24 14:34:07,514.9,5782796
2021-05-24 14:34:10,514.9,5782796
2021-05-24 14:34:12,514.9,5782846
2021-05-24 14:34:14,514.9,5783462
2021-05-24 14:34:17,515.0,5783498
2021-05-24 14:34:19,514.9,5783529
2021-05-24 14:34:20,514.9,5783593
2021-05-24 14:34:22,514.9,5784440
2021-05-24 14:34:24,515.0,5784526
2021-05-24 14:34:26,515.0,5784529
2021-05-24 14:34:28,515.0,5785664
2021-05-24 14:34:30,515.0,5785801
2021-05-24 14:34:32,514.9,5785902
2021-05-24 14:34:35,515.0,5785945
2021-05-24 14:34:37,514.95,5786105
2021-05-24 14:34:39,515.0,5786557
2021-05-24 14:34:42,515.0,5786589
2021-05-24 14:34:43,514.9,5787145
2021-05-24 14:34:45,514.9,5787145
2021-05-24 14:34:47,515.0,5787345
2021-05-24 14:34:49,515.0,5787345
2021-05-24 14:34:52,515.0,5787840
2021-05-24 14:34:54,515.0,5787840
2021-05-24 14:34:56,514.95,5787842
2021-05-24 14:34:58,514.9,5787942
2021-05-24 14:35:00,515.0,5787952
2021-05-24 14:35:02,515.0,5788039
2021-05-24 14:35:05,514.95,5788099
2021-05-24 14:35:07,515.0,5788661
2021-05-24 14:35:09,515.0,5788667
2021-05-24 14:35:11,515.0,5788707
2021-05-24 14:35:12,515.0,5788707
2021-05-24 14:35:14,515.0,5788709
2021-05-24 14:35:16,515.0,5788743
2021-05-24 14:35:18,515.0,5788753
2021-05-24 14:35:20,515.0,5788905
2021-05-24 14:35:22,514.9,5789010
2021-05-24 14:35:24,514.9,5789010
2021-05-24 14:35:26,515.0,5789648
2021-05-24 14:35:29,515.0,5789654
2021-05-24 14:35:32,515.0,5789697
2021-05-24 14:35:34,515.0,5789697
2021-05-24 14:35:36,515.0,5789844
2021-05-24 14:35:37,515.0,5789849
2021-05-24 14:35:39,515.0,5789887
2021-05-24 14:35:41,515.0,5789887
2021-05-24 14:35:43,514.95,5790337
2021-05-24 14:35:45,514.9,5790466
2021-05-24 14:35:48,515.0,5790471
2021-05-24 14:35:51,515.1,5794409
2021-05-24 14:35:53,515.0,5795438
2021-05-24 14:35:55,515.1,5795624
2021-05-24 14:35:57,515.0,5795824
2021-05-24 14:35:59,515.0,5796036
2021-05-24 14:36:01,514.95,5796499
2021-05-24 14:36:03,514.95,5797030
2021-05-24 14:36:05,515.0,5797036
2021-05-24 14:36:07,515.0,5797315
2021-05-24 14:36:10,515.0,5797321
2021-05-24 14:36:12,515.0,5797966
2021-05-24 14:36:14,515.1,5797970
2021-05-24 14:36:16,515.0,5797980
2021-05-24 14:36:18,515.0,5798082
2021-05-24 14:36:20,515.0,5798082
2021-05-24 14:36:22,515.0,5798562
2021-05-24 14:36:24,515.0,5798562
2021-05-24 14:36:26,514.95,5798995
2021-05-24 14:36:28,515.0,5800042
2021-05-24 14:36:30,515.0,5800043
2021-05-24 14:36:32,514.95,5800718
2021-05-24 14:36:35,514.95,5802267
2021-05-24 14:36:38,514.95,5802479
2021-05-24 14:36:40,515.0,5802906
2021-05-24 14:36:43,514.95,5803020
2021-05-24 14:36:46,515.0,5803021
2021-05-24 14:36:50,514.95,5807429
2021-05-24 14:36:54,515.0,5807762
2021-05-24 14:36:58,515.0,5807859
2021-05-24 14:37:01,515.0,5807859
2021-05-24 14:37:04,514.95,5808236
2021-05-24 14:37:07,515.0,5808240
2021-05-24 14:37:10,514.95,5808746
2021-05-24 14:37:13,514.95,5809071
2021-05-24 14:37:16,515.0,5809073
2021-05-24 14:37:19,515.0,5809239
2021-05-24 14:37:22,515.0,5809578
2021-05-24 14:37:26,514.95,5810582
2021-05-24 14:37:29,514.95,5810638
2021-05-24 14:37:32,514.95,5810638
2021-05-24 14:37:36,515.0,5811117
2021-05-24 14:37:39,515.0,5811117
2021-05-24 14:37:42,515.0,5811137
2021-05-24 14:37:45,515.0,5811469
2021-05-24 14:37:47,514.95,5812165
2021-05-24 14:37:50,514.95,5812165
2021-05-24 14:37:53,515.0,5812315
2021-05-24 14:37:55,515.0,5812326
2021-05-24 14:37:59,515.0,5812900
2021-05-24 14:38:02,515.0,5812914
2021-05-24 14:38:04,514.95,5813029
2021-05-24 14:38:07,515.0,5813307
2021-05-24 14:38:10,515.0,5813313
2021-05-24 14:38:13,514.95,5814800
2021-05-24 14:38:15,514.95,5814811
2021-05-24 14:38:18,514.95,5814923
2021-05-24 14:38:21,515.0,5814927
2021-05-24 14:38:24,515.0,5814962
2021-05-24 14:38:27,515.0,5815200
2021-05-24 14:38:30,515.0,5815686
2021-05-24 14:38:33,514.95,5816001
2021-05-24 14:38:36,515.0,5816169
2021-05-24 14:38:39,515.0,5816398
2021-05-24 14:38:42,514.95,5816467
2021-05-24 14:38:44,514.95,5816467
2021-05-24 14:38:47,514.95,5816962
2021-05-24 14:38:50,514.9,5826741
2021-05-24 14:38:52,514.9,5826787
2021-05-24 14:38:54,514.9,5840777
2021-05-24 14:38:57,514.95,5841579
2021-05-24 14:38:59,514.9,5841801
2021-05-24 14:39:02,514.9,5841959
2021-05-24 14:39:05,514.95,5842058
2021-05-24 14:39:08,514.9,5844413
2021-05-24 14:39:11,514.9,5844419
2021-05-24 14:39:14,514.85,5849402
2021-05-24 14:39:17,514.9,5850127
2021-05-24 14:39:19,514.9,5850159
2021-05-24 14:39:22,514.85,5851852
2021-05-24 14:39:24,514.85,5851862
2021-05-24 14:39:27,514.85,5853267
2021-05-24 14:39:30,514.85,5856051
2021-05-24 14:39:32,514.85,5859216
2021-05-24 14:39:35,514.7,5862047
2021-05-24 14:39:37,514.7,5862851
2021-05-24 14:39:41,514.7,5866244
2021-05-24 14:39:44,514.65,5867276
2021-05-24 14:39:48,514.55,5868297
2021-05-24 14:39:51,514.5,5870118
2021-05-24 14:39:54,514.5,5877754
2021-05-24 14:39:57,514.5,5878354
2021-05-24 14:40:00,514.5,5878442
2021-05-24 14:40:02,514.55,5878940
2021-05-24 14:40:05,514.55,5878971
2021-05-24 14:40:09,514.5,5879441
2021-05-24 14:40:12,514.45,5879540
2021-05-24 14:40:15,514.45,5882697
2021-05-24 14:40:18,514.4,5884994
2021-05-24 14:40:21,514.4,5885504
2021-05-24 14:40:24,514.45,5885604
2021-05-24 14:40:26,514.45,5885790
2021-05-24 14:40:29,514.45,5885822
2021-05-24 14:40:32,514.4,5887384
2021-05-24 14:40:35,514.4,5889414
2021-05-24 14:40:38,514.4,5889914
2021-05-24 14:40:41,514.4,5890484
2021-05-24 14:40:44,514.4,5895514
2021-05-24 14:40:47,514.35,5895814
2021-05-24 14:40:50,514.35,5900822
2021-05-24 14:40:53,514.5,5900828
2021-05-24 14:40:56,514.45,5900893
2021-05-24 14:40:59,514.35,5900904
2021-05-24 14:41:02,514.4,5900928
2021-05-24 14:41:05,514.45,5901002
2021-05-24 14:41:08,514.45,5901055
2021-05-24 14:41:11,514.45,5901154
2021-05-24 14:41:13,514.45,5901184
2021-05-24 14:41:16,514.45,5901218
2021-05-24 14:41:19,514.45,5901428
2021-05-24 14:41:21,514.4,5901479
2021-05-24 14:41:25,514.4,5901650
2021-05-24 14:41:27,514.45,5901744
2021-05-24 14:41:30,514.4,5902835
2021-05-24 14:41:32,514.45,5903169
2021-05-24 14:41:35,514.4,5903281
2021-05-24 14:41:38,514.4,5903320
2021-05-24 14:41:41,514.45,5905280
2021-05-24 14:41:43,514.45,5905280
2021-05-24 14:41:44,514.45,5905280
2021-05-24 14:41:45,514.4,5905480
2021-05-24 14:41:46,514.45,5905487
2021-05-24 14:41:48,514.45,5905517
2021-05-24 14:41:49,514.45,5905517
2021-05-24 14:41:50,514.4,5905547
2021-05-24 14:41:50,514.4,5905567
2021-05-24 14:41:51,514.45,5905582
2021-05-24 14:41:52,514.4,5905637
2021-05-24 14:41:53,514.4,5905894
2021-05-24 14:41:54,514.4,5905900
2021-05-24 14:41:55,514.45,5905904
2021-05-24 14:41:56,514.45,5905904
2021-05-24 14:41:57,514.4,5906461
2021-05-24 14:41:58,514.35,5906463
2021-05-24 14:41:59,514.35,5906463
2021-05-24 14:42:00,514.35,5906473
2021-05-24 14:42:01,514.35,5906473
2021-05-24 14:42:02,514.4,5906493
2021-05-24 14:42:03,514.4,5906493
2021-05-24 14:42:04,514.35,5907439
2021-05-24 14:42:05,514.35,5907439
2021-05-24 14:42:06,514.35,5907439
2021-05-24 14:42:07,514.35,5907539
2021-05-24 14:42:08,514.35,5907689
2021-05-24 14:42:09,514.35,5907739
2021-05-24 14:42:10,514.3,5907898
2021-05-24 14:42:11,514.3,5907898
2021-05-24 14:42:12,514.35,5907923
2021-05-24 14:42:13,514.35,5907968
2021-05-24 14:42:14,514.35,5908268
2021-05-24 14:42:15,514.35,5908268
2021-05-24 14:42:16,514.35,5908268
2021-05-24 14:42:17,514.35,5908268
2021-05-24 14:42:18,514.3,5908568
2021-05-24 14:42:19,514.3,5908625
2021-05-24 14:42:20,514.35,5908794
2021-05-24 14:42:22,514.35,5908799
2021-05-24 14:42:23,514.35,5908799
2021-05-24 14:42:23,514.35,5908799
2021-05-24 14:42:24,514.35,5908914
2021-05-24 14:42:25,514.35,5908991
2021-05-24 14:42:26,514.3,5909045
2021-05-24 14:42:27,514.3,5909057
2021-05-24 14:42:28,514.3,5909057
2021-05-24 14:42:29,514.35,5909171
2021-05-24 14:42:31,514.35,5909780
2021-05-24 14:42:32,514.3,5909880
2021-05-24 14:42:33,514.35,5909885
2021-05-24 14:42:34,514.35,5909941
2021-05-24 14:42:35,514.35,5910438
2021-05-24 14:42:36,514.35,5910480
2021-05-24 14:42:37,514.35,5910480
2021-05-24 14:42:38,514.3,5911515
2021-05-24 14:42:40,514.35,5911641
2021-05-24 14:42:40,514.35,5911621
2021-05-24 14:42:41,514.35,5911641
2021-05-24 14:42:42,514.3,5911841
2021-05-24 14:42:43,514.3,5912303
2021-05-24 14:42:45,514.3,5912453
2021-05-24 14:42:45,514.3,5912453
2021-05-24 14:42:46,514.2,5918965
2021-05-24 14:42:47,514.2,5918995
2021-05-24 14:42:49,514.25,5920409
2021-05-24 14:42:49,514.2,5920729
2021-05-24 14:42:50,514.2,5920736
2021-05-24 14:42:51,514.2,5921211
2021-05-24 14:42:52,514.0,5931540
2021-05-24 14:42:53,514.1,5932817
2021-05-24 14:42:54,514.0,5933590
2021-05-24 14:42:55,514.0,5933591
2021-05-24 14:42:56,514.0,5933592
2021-05-24 14:42:57,514.0,5933792
2021-05-24 14:42:58,513.9,5937193
2021-05-24 14:42:59,513.95,5937695
2021-05-24 14:43:00,513.85,5937700
2021-05-24 14:43:01,513.8,5937940
2021-05-24 14:43:02,513.85,5938240
2021-05-24 14:43:03,513.9,5938247
2021-05-24 14:43:04,514.0,5947419
2021-05-24 14:43:05,514.05,5948180
2021-05-24 14:43:07,514.0,5948370
2021-05-24 14:43:08,514.0,5948390
2021-05-24 14:43:09,514.0,5948403
2021-05-24 14:43:10,514.0,5948464
2021-05-24 14:43:11,514.0,5948464
2021-05-24 14:43:12,514.0,5948619
2021-05-24 14:43:13,514.0,5948639
2021-05-24 14:43:14,514.0,5948639
2021-05-24 14:43:16,514.1,5948663
2021-05-24 14:43:16,514.1,5948663
2021-05-24 14:43:17,514.1,5948663
2021-05-24 14:43:18,514.0,5948768
2021-05-24 14:43:19,514.0,5948768
2021-05-24 14:43:20,514.1,5948868
2021-05-24 14:43:22,514.0,5948964
2021-05-24 14:43:22,514.1,5948965
2021-05-24 14:43:23,514.0,5949215
2021-05-24 14:43:24,513.95,5949568
2021-05-24 14:43:25,513.95,5949572
2021-05-24 14:43:26,514.0,5951172
2021-05-24 14:43:27,514.0,5951182
2021-05-24 14:43:28,514.0,5951182
2021-05-24 14:43:29,514.0,5951244
2021-05-24 14:43:30,514.0,5951244
2021-05-24 14:43:31,513.9,5951249
2021-05-24 14:43:32,513.9,5951249
2021-05-24 14:43:33,513.9,5951300
2021-05-24 14:43:34,513.9,5951907
2021-05-24 14:43:35,514.0,5952407
2021-05-24 14:43:36,514.0,5952412
2021-05-24 14:43:37,513.9,5952432
2021-05-24 14:43:38,514.0,5952448
2021-05-24 14:43:39,514.0,5952448
2021-05-24 14:43:40,514.1,5956382
2021-05-24 14:43:41,513.95,5956635
2021-05-24 14:43:42,513.95,5956635
2021-05-24 14:43:43,514.05,5956767
2021-05-24 14:43:44,514.05,5956767
2021-05-24 14:43:45,514.05,5956767
2021-05-24 14:43:46,513.95,5956867
2021-05-24 14:43:47,513.95,5956868
2021-05-24 14:43:48,514.05,5956872
2021-05-24 14:43:49,514.0,5957032
2021-05-24 14:43:51,513.95,5957037
2021-05-24 14:43:52,514.0,5957050
2021-05-24 14:43:53,514.0,5957050
2021-05-24 14:43:54,514.0,5957050
2021-05-24 14:43:55,514.0,5957068
2021-05-24 14:43:55,514.0,5957068
2021-05-24 14:43:56,514.0,5957068
2021-05-24 14:43:57,514.0,5957068
2021-05-24 14:43:58,514.0,5957168
2021-05-24 14:43:59,514.0,5957476
2021-05-24 14:44:00,514.0,5957511
2021-05-24 14:44:01,514.0,5957719
2021-05-24 14:44:02,514.0,5957826
2021-05-24 14:44:03,513.95,5958011
2021-05-24 14:44:04,514.0,5958311
2021-05-24 14:44:06,513.95,5958328
2021-05-24 14:44:07,513.95,5958332
2021-05-24 14:44:08,513.95,5958332
2021-05-24 14:44:10,514.0,5958486
2021-05-24 14:44:12,514.0,5959080
2021-05-24 14:44:14,514.0,5959125
2021-05-24 14:44:15,514.0,5959125
2021-05-24 14:44:16,513.95,5959327
2021-05-24 14:44:16,513.95,5959127
2021-05-24 14:44:17,513.95,5959328
2021-05-24 14:44:18,513.95,5959328
2021-05-24 14:44:19,514.0,5959359
2021-05-24 14:44:20,514.0,5960000
2021-05-24 14:44:21,514.0,5960079
2021-05-24 14:44:22,513.9,5961779
2021-05-24 14:44:23,513.9,5961811
2021-05-24 14:44:24,513.9,5961811
2021-05-24 14:44:25,513.95,5961846
2021-05-24 14:44:26,513.9,5963078
2021-05-24 14:44:27,513.9,5963078
2021-05-24 14:44:28,514.0,5963086
2021-05-24 14:44:29,514.0,5963111
2021-05-24 14:44:30,513.9,5963211
2021-05-24 14:44:31,513.9,5963213
2021-05-24 14:44:33,513.9,5963233
2021-05-24 14:44:34,513.9,5963263
2021-05-24 14:44:35,514.0,5963555
2021-05-24 14:44:36,514.0,5969037
2021-05-24 14:44:36,514.0,5969146
2021-05-24 14:44:37,514.0,5969150
2021-05-24 14:44:38,513.95,5969240
2021-05-24 14:44:40,513.95,5969250
2021-05-24 14:44:41,514.0,5969275
2021-05-24 14:44:41,513.95,5969280
2021-05-24 14:44:43,513.95,5969496
2021-05-24 14:44:44,513.9,5969589
2021-05-24 14:44:45,513.95,5969792
2021-05-24 14:44:45,513.95,5969812
2021-05-24 14:44:46,513.95,5969815
2021-05-24 14:44:48,513.95,5969815
2021-05-24 14:44:49,513.9,5969835
2021-05-24 14:44:50,513.9,5969844
2021-05-24 14:44:51,513.9,5969844
2021-05-24 14:44:53,513.9,5969844
2021-05-24 14:44:54,513.95,5970096
2021-05-24 14:44:55,513.95,5970101
2021-05-24 14:44:56,513.95,5970101
2021-05-24 14:44:57,513.95,5970101
2021-05-24 14:44:58,514.0,5970750
2021-05-24 14:44:59,513.9,5970805
2021-05-24 14:45:00,513.95,5970833
2021-05-24 14:45:01,514.0,5971121
2021-05-24 14:45:03,514.2,5984100
2021-05-24 14:45:04,514.1,5984113
2021-05-24 14:45:05,514.3,5984227
2021-05-24 14:45:06,514.3,5984644
2021-05-24 14:45:08,514.3,5984658
2021-05-24 14:45:09,514.3,5984659
2021-05-24 14:45:10,514.3,5984659
2021-05-24 14:45:11,514.3,5984709
2021-05-24 14:45:12,514.15,5985672
2021-05-24 14:45:12,514.15,5985672
2021-05-24 14:45:13,514.1,5985680
2021-05-24 14:45:14,514.35,5985681
2021-05-24 14:45:15,514.45,5986886
2021-05-24 14:45:17,514.3,5986888
2021-05-24 14:45:18,514.45,5986943
2021-05-24 14:45:18,514.3,5986949
2021-05-24 14:45:19,514.25,5987119
2021-05-24 14:45:20,514.25,5987119
2021-05-24 14:45:22,514.4,5987129
2021-05-24 14:45:23,514.25,5987130
2021-05-24 14:45:24,514.4,5987148
2021-05-24 14:45:24,514.4,5987148
2021-05-24 14:45:25,514.25,5987367
2021-05-24 14:45:26,514.25,5987367
2021-05-24 14:45:27,514.25,5987377
2021-05-24 14:45:28,514.25,5987385
2021-05-24 14:45:29,514.25,5987485
2021-05-24 14:45:30,514.25,5987496
2021-05-24 14:45:32,514.25,5987500
2021-05-24 14:45:33,514.25,5987500
2021-05-24 14:45:33,514.25,5988647
2021-05-24 14:45:34,514.3,5988697
2021-05-24 14:45:35,514.3,5988699
2021-05-24 14:45:36,514.25,5988719
2021-05-24 14:45:37,514.25,5988719
2021-05-24 14:45:38,514.25,5988887
2021-05-24 14:45:39,514.4,5989457
2021-05-24 14:45:40,514.4,5989505
2021-05-24 14:45:41,514.4,5989505
2021-05-24 14:45:42,514.15,5991055
2021-05-24 14:45:43,514.15,5991055
2021-05-24 14:45:44,514.35,5991056
2021-05-24 14:45:45,514.2,5991105
2021-05-24 14:45:46,514.35,5991205
2021-05-24 14:45:47,514.2,5991245
2021-05-24 14:45:48,514.2,5991245
2021-05-24 14:45:49,514.2,5991262
2021-05-24 14:45:50,514.2,5991262
2021-05-24 14:45:51,514.2,5991262
2021-05-24 14:45:52,514.2,5991362
2021-05-24 14:45:53,514.2,5991364
2021-05-24 14:45:54,514.2,5991890
2021-05-24 14:45:55,514.2,5991890
2021-05-24 14:45:56,514.35,5991908
2021-05-24 14:45:57,514.35,5991908
2021-05-24 14:45:58,514.35,5991912
2021-05-24 14:45:59,514.35,5991913
2021-05-24 14:46:01,514.35,5991913
2021-05-24 14:46:02,514.35,5991951
2021-05-24 14:46:03,514.2,5991990
2021-05-24 14:46:04,514.2,5992090
2021-05-24 14:46:05,514.2,5992090
2021-05-24 14:46:06,514.2,5992090
2021-05-24 14:46:07,514.35,5992121
2021-05-24 14:46:08,514.2,5992125
2021-05-24 14:46:10,514.35,5992177
2021-05-24 14:46:11,514.35,5992177
2021-05-24 14:46:11,514.25,5992727
2021-05-24 14:46:12,514.35,5992728
2021-05-24 14:46:13,514.35,5992728
2021-05-24 14:46:14,514.35,5992728
2021-05-24 14:46:16,514.4,5992753
2021-05-24 14:46:17,514.3,5992839
2021-05-24 14:46:18,514.3,5992841
2021-05-24 14:46:19,514.3,5992841
2021-05-24 14:46:20,514.3,5992841
2021-05-24 14:46:20,514.3,5992841
2021-05-24 14:46:21,514.35,5992878
2021-05-24 14:46:22,514.35,5992878
2021-05-24 14:46:23,514.35,5992878
2021-05-24 14:46:24,514.35,5992878
2021-05-24 14:46:25,514.2,5994282
2021-05-24 14:46:26,514.35,5994342
2021-05-24 14:46:27,514.35,5994349
2021-05-24 14:46:28,514.35,5994360
2021-05-24 14:46:30,514.35,5994360
2021-05-24 14:46:31,514.35,5994360
2021-05-24 14:46:32,514.35,5994360
2021-05-24 14:46:33,514.35,5994360
2021-05-24 14:46:34,514.35,5994373
2021-05-24 14:46:35,514.35,5994373
2021-05-24 14:46:35,514.35,5994375
2021-05-24 14:46:37,514.3,5994478
2021-05-24 14:46:38,514.3,5994478
2021-05-24 14:46:40,514.35,5994488
2021-05-24 14:46:41,514.35,5994488
2021-05-24 14:46:42,514.35,5994493
2021-05-24 14:46:43,514.35,5994498
2021-05-24 14:46:43,514.3,5994499
2021-05-24 14:46:45,514.35,5994534
2021-05-24 14:46:46,514.35,5994536
2021-05-24 14:46:48,514.35,5994536
2021-05-24 14:46:49,514.35,5994646
2021-05-24 14:46:50,514.35,5994646
2021-05-24 14:46:51,514.35,5994690
2021-05-24 14:46:52,514.35,5994716
2021-05-24 14:46:52,514.35,5994716
2021-05-24 14:46:53,514.35,5994719
2021-05-24 14:46:55,514.35,5995140
2021-05-24 14:46:56,514.35,5996088
2021-05-24 14:46:57,514.35,5996474
2021-05-24 14:46:58,514.4,5999633
2021-05-24 14:46:59,514.4,5999633
2021-05-24 14:47:00,514.35,5999733
2021-05-24 14:47:01,514.4,5999788
2021-05-24 14:47:02,514.4,5999788
2021-05-24 14:47:03,514.4,5999788
2021-05-24 14:47:04,514.4,5999788
2021-05-24 14:47:05,514.4,5999788
2021-05-24 14:47:05,514.4,5999788
2021-05-24 14:47:07,514.4,6002341
2021-05-24 14:47:08,514.3,6003941
2021-05-24 14:47:08,514.4,6002341
2021-05-24 14:47:09,514.4,6003981
2021-05-24 14:47:10,514.4,6003988
2021-05-24 14:47:12,514.4,6003988
2021-05-24 14:47:13,514.4,6003988
2021-05-24 14:47:14,514.4,6003988
2021-05-24 14:47:15,514.4,6004068
2021-05-24 14:47:16,514.3,6004071
2021-05-24 14:47:17,514.3,6004414
2021-05-24 14:47:19,514.3,6005296
2021-05-24 14:47:21,514.3,6005931
2021-05-24 14:47:21,514.3,6005931
2021-05-24 14:47:22,514.3,6006131
2021-05-24 14:47:24,514.3,6006137
2021-05-24 14:47:24,514.25,6006139
2021-05-24 14:47:25,514.25,6006393
2021-05-24 14:47:26,514.25,6006414
2021-05-24 14:47:27,514.25,6006414
2021-05-24 14:47:28,514.25,6006622
2021-05-24 14:47:29,514.3,6006635
2021-05-24 14:47:31,514.3,6006655
2021-05-24 14:47:32,514.3,6006655
2021-05-24 14:47:33,514.3,6006655
2021-05-24 14:47:34,514.25,6006724
2021-05-24 14:47:35,514.3,6006789
2021-05-24 14:47:36,514.3,6006789
2021-05-24 14:47:37,514.25,6007949
2021-05-24 14:47:38,514.25,6007949
2021-05-24 14:47:38,514.25,6007954
2021-05-24 14:47:39,514.25,6007965
2021-05-24 14:47:41,514.25,6008202
2021-05-24 14:47:42,514.2,6015967
2021-05-24 14:47:43,514.25,6016344
2021-05-24 14:47:44,514.25,6016344
2021-05-24 14:47:45,514.25,6016344
2021-05-24 14:47:46,514.2,6018422
2021-05-24 14:47:47,514.2,6018422
2021-05-24 14:47:48,514.2,6018422
2021-05-24 14:47:49,514.2,6018422
2021-05-24 14:47:50,514.25,6018423
2021-05-24 14:47:51,514.25,6018424
2021-05-24 14:47:52,514.25,6018424
2021-05-24 14:47:52,514.25,6018424
2021-05-24 14:47:54,514.2,6018596
2021-05-24 14:47:55,514.25,6018606
2021-05-24 14:47:56,514.25,6020161
2021-05-24 14:47:56,514.25,6020161
2021-05-24 14:47:57,514.25,6020161
2021-05-24 14:47:58,514.25,6020215
2021-05-24 14:48:00,514.2,6020285
2021-05-24 14:48:01,514.2,6020285
2021-05-24 14:48:02,514.2,6020285
2021-05-24 14:48:03,514.2,6020377
2021-05-24 14:48:04,514.25,6020411
2021-05-24 14:48:04,514.3,6020415
2021-05-24 14:48:06,514.3,6020418
2021-05-24 14:48:07,514.3,6020418
2021-05-24 14:48:08,514.35,6022218
2021-05-24 14:48:08,514.2,6024018
2021-05-24 14:48:10,514.2,6024018
2021-05-24 14:48:11,514.2,6024018
2021-05-24 14:48:12,514.25,6025653
2021-05-24 14:48:13,514.25,6025837
2021-05-24 14:48:14,514.25,6025857
2021-05-24 14:48:15,514.2,6025892
2021-05-24 14:48:16,514.2,6025892
2021-05-24 14:48:17,514.15,6031179
2021-05-24 14:48:18,514.15,6032953
2021-05-24 14:48:19,514.2,6033053
2021-05-24 14:48:20,514.2,6033057
2021-05-24 14:48:21,514.15,6033969
2021-05-24 14:48:22,514.15,6033973
2021-05-24 14:48:23,514.15,6033973
2021-05-24 14:48:24,514.15,6034023
2021-05-24 14:48:25,514.15,6034023
2021-05-24 14:48:26,514.15,6034068
2021-05-24 14:48:27,514.1,6034083
2021-05-24 14:48:28,514.1,6034083
2021-05-24 14:48:29,514.15,6034113
2021-05-24 14:48:30,514.15,6034113
2021-05-24 14:48:31,514.15,6034119
2021-05-24 14:48:32,514.15,6034119
2021-05-24 14:48:33,514.1,6034219
2021-05-24 14:48:34,514.1,6034260
2021-05-24 14:48:35,514.1,6034260
2021-05-24 14:48:36,514.1,6034260
2021-05-24 14:48:37,514.1,6034358
2021-05-24 14:48:39,514.1,6034558
2021-05-24 14:48:40,514.15,6034568
2021-05-24 14:48:41,514.15,6034568
2021-05-24 14:48:41,514.1,6034573
2021-05-24 14:48:42,514.1,6034573
2021-05-24 14:48:43,514.1,6034623
2021-05-24 14:48:45,514.15,6034624
2021-05-24 14:48:46,514.15,6034650
2021-05-24 14:48:47,514.1,6034701
2021-05-24 14:48:48,514.15,6034801
2021-05-24 14:48:49,514.15,6034805
2021-05-24 14:48:50,514.15,6034805
2021-05-24 14:48:51,514.1,6034825
2021-05-24 14:48:52,514.15,6036983
2021-05-24 14:48:53,514.15,6038922
2021-05-24 14:48:54,514.1,6039362
2021-05-24 14:48:55,514.15,6039363
2021-05-24 14:48:56,514.15,6039363
2021-05-24 14:48:57,514.15,6040896
2021-05-24 14:48:58,514.15,6040902
2021-05-24 14:48:59,514.1,6040904
2021-05-24 14:49:00,514.1,6040904
2021-05-24 14:49:01,514.1,6041688
2021-05-24 14:49:02,514.1,6041688
2021-05-24 14:49:02,514.15,6042919
2021-05-24 14:49:03,514.15,6043660
2021-05-24 14:49:04,514.1,6045529
2021-05-24 14:49:05,514.1,6045531
2021-05-24 14:49:06,514.15,6046423
2021-05-24 14:49:08,514.1,6046898
2021-05-24 14:49:09,514.1,6047090
2021-05-24 14:49:10,514.1,6047490
2021-05-24 14:49:11,514.1,6047491
2021-05-24 14:49:12,514.1,6047991
2021-05-24 14:49:13,514.1,6047991
2021-05-24 14:49:14,514.1,6048008
2021-05-24 14:49:15,514.1,6048008
2021-05-24 14:49:16,514.15,6048012
2021-05-24 14:49:17,514.1,6048329
2021-05-24 14:49:17,514.1,6048329
2021-05-24 14:49:19,514.1,6048339
2021-05-24 14:49:20,514.15,6048439
2021-05-24 14:49:20,514.1,6048489
2021-05-24 14:49:22,514.15,6048491
2021-05-24 14:49:23,514.15,6048491
2021-05-24 14:49:24,514.1,6048505
2021-05-24 14:49:25,514.15,6048540
2021-05-24 14:49:26,514.15,6048540
2021-05-24 14:49:27,514.1,6049264
2021-05-24 14:49:27,514.1,6049675
2021-05-24 14:49:29,514.15,6049802
2021-05-24 14:49:30,514.15,6050332
2021-05-24 14:49:30,514.15,6050332
2021-05-24 14:49:32,514.1,6051832
2021-05-24 14:49:33,514.1,6053213
2021-05-24 14:49:33,514.1,6053214
2021-05-24 14:49:35,514.0,6057665
2021-05-24 14:49:36,514.05,6057780
2021-05-24 14:49:36,514.05,6057780
2021-05-24 14:49:37,514.0,6059139
2021-05-24 14:49:38,514.0,6063009
2021-05-24 14:49:40,514.05,6063819
2021-05-24 14:49:41,514.05,6063819
2021-05-24 14:49:42,513.95,6064629
2021-05-24 14:49:43,514.0,6065476
2021-05-24 14:49:44,514.05,6065501
2021-05-24 14:49:45,514.05,6065501
2021-05-24 14:49:45,514.05,6065501
2021-05-24 14:49:47,514.0,6065553
2021-05-24 14:49:48,514.05,6065634
2021-05-24 14:49:49,514.05,6065634
2021-05-24 14:49:50,514.05,6065684
2021-05-24 14:49:51,514.05,6065684
2021-05-24 14:49:51,514.05,6065686
2021-05-24 14:49:53,514.0,6065697
2021-05-24 14:49:54,514.0,6065697
2021-05-24 14:49:54,514.0,6065697
2021-05-24 14:49:55,514.0,6065697
2021-05-24 14:49:57,514.0,6065697
2021-05-24 14:49:57,514.0,6065717
2021-05-24 14:49:58,514.05,6065790
2021-05-24 14:50:00,514.05,6065790
2021-05-24 14:50:01,514.05,6070793
2021-05-24 14:50:02,514.05,6070898
2021-05-24 14:50:04,514.0,6070930
2021-05-24 14:50:06,514.15,6071137
2021-05-24 14:50:07,514.0,6071139
2021-05-24 14:50:08,514.0,6071139
2021-05-24 14:50:09,514.05,6071148
2021-05-24 14:50:09,514.05,6071149
2021-05-24 14:50:10,514.05,6071152
2021-05-24 14:50:12,514.0,6072454
2021-05-24 14:50:13,514.05,6073526
2021-05-24 14:50:13,514.05,6073696
2021-05-24 14:50:14,514.0,6074487
2021-05-24 14:50:15,514.05,6075992
2021-05-24 14:50:17,514.0,6075996
2021-05-24 14:50:18,514.0,6076006
2021-05-24 14:50:19,514.0,6076258
2021-05-24 14:50:20,514.0,6076278
2021-05-24 14:50:21,514.0,6076279
2021-05-24 14:50:22,514.05,6076289
2021-05-24 14:50:23,514.05,6076289
2021-05-24 14:50:24,514.05,6076289
2021-05-24 14:50:25,514.05,6076487
2021-05-24 14:50:26,514.05,6076487
2021-05-24 14:50:27,514.05,6076510
2021-05-24 14:50:28,514.05,6076625
2021-05-24 14:50:29,514.05,6076625
2021-05-24 14:50:30,514.0,6076709
2021-05-24 14:50:31,514.0,6076750
2021-05-24 14:50:32,514.0,6076750
2021-05-24 14:50:33,514.0,6076750
2021-05-24 14:50:34,514.0,6076855
2021-05-24 14:50:35,514.05,6076933
2021-05-24 14:50:36,514.05,6076945
2021-05-24 14:50:37,514.05,6077053
2021-05-24 14:50:38,514.05,6077626
2021-05-24 14:50:40,514.05,6077626
2021-05-24 14:50:42,514.0,6077804
2021-05-24 14:50:43,514.0,6077804
2021-05-24 14:50:44,514.05,6077904
2021-05-24 14:50:45,514.05,6077904
2021-05-24 14:50:46,514.0,6078111
2021-05-24 14:50:47,514.05,6078112
2021-05-24 14:50:48,514.0,6078263
2021-05-24 14:50:49,514.05,6078489
2021-05-24 14:50:50,514.05,6078489
2021-05-24 14:50:51,514.05,6078489
2021-05-24 14:50:52,514.05,6079259
2021-05-24 14:50:53,514.05,6079311
2021-05-24 14:50:54,514.05,6079311
2021-05-24 14:50:55,514.05,6079443
2021-05-24 14:50:56,514.05,6079446
2021-05-24 14:50:57,514.0,6079556
2021-05-24 14:50:58,514.0,6079556
2021-05-24 14:50:59,514.0,6079566
2021-05-24 14:51:00,514.0,6079566
2021-05-24 14:51:01,514.0,6079566
2021-05-24 14:51:02,514.05,6079572
2021-05-24 14:51:03,514.05,6079752
2021-05-24 14:51:05,514.05,6079906
2021-05-24 14:51:06,514.05,6079906
2021-05-24 14:51:07,514.05,6079906
2021-05-24 14:51:08,514.05,6079906
2021-05-24 14:51:09,514.05,6080075
2021-05-24 14:51:10,514.05,6080081
2021-05-24 14:51:11,514.1,6080153
2021-05-24 14:51:12,514.1,6080157
2021-05-24 14:51:13,514.1,6080162
2021-05-24 14:51:14,514.05,6080163
2021-05-24 14:51:15,514.05,6080163
2021-05-24 14:51:17,514.05,6081274
2021-05-24 14:51:16,514.05,6081274
2021-05-24 14:51:18,514.15,6081394
2021-05-24 14:51:19,514.15,6081394
2021-05-24 14:51:20,514.15,6081394
2021-05-24 14:51:21,514.05,6081402
2021-05-24 14:51:22,514.15,6081426
2021-05-24 14:51:23,514.05,6084351
2021-05-24 14:51:24,514.05,6084351
2021-05-24 14:51:25,514.15,6084379
2021-05-24 14:51:26,514.15,6084393
2021-05-24 14:51:27,514.15,6084393
2021-05-24 14:51:28,514.1,6084424
2021-05-24 14:51:29,514.1,6084453
2021-05-24 14:51:31,514.15,6084457
2021-05-24 14:51:30,514.15,6084454
2021-05-24 14:51:32,514.15,6084544
2021-05-24 14:51:33,514.15,6084544
2021-05-24 14:51:34,514.15,6084545
2021-05-24 14:51:35,514.15,6084545
2021-05-24 14:51:36,514.15,6084546
2021-05-24 14:51:37,514.35,6092688
2021-05-24 14:51:38,514.4,6092703
2021-05-24 14:51:39,514.35,6092706
2021-05-24 14:51:40,514.4,6092712
2021-05-24 14:51:41,514.35,6092796
2021-05-24 14:51:42,514.4,6093626
2021-05-24 14:51:43,514.4,6093626
2021-05-24 14:51:45,514.4,6093656
2021-05-24 14:51:48,514.7,6095053
2021-05-24 14:51:51,514.6,6095402
2021-05-24 14:51:54,514.75,6095538
2021-05-24 14:51:57,514.6,6097065
2021-05-24 14:52:00,514.6,6098347
2021-05-24 14:52:04,514.6,6103295
2021-05-24 14:52:07,514.65,6104535
2021-05-24 14:52:10,514.6,6104610
2021-05-24 14:52:13,514.6,6105201
2021-05-24 14:52:16,514.6,6105660
2021-05-24 14:52:20,514.6,6106664
2021-05-24 14:52:23,514.65,6106771
2021-05-24 14:52:26,514.5,6109834
2021-05-24 14:52:29,514.5,6113099
2021-05-24 14:52:33,514.6,6120363
2021-05-24 14:52:37,514.5,6124379
2021-05-24 14:52:40,514.6,6124649
2021-05-24 14:52:43,514.5,6128114
2021-05-24 14:52:47,514.65,6129119
2021-05-24 14:52:51,514.75,6129388
2021-05-24 14:52:54,514.7,6129924
2021-05-24 14:52:57,514.75,6130970
2021-05-24 14:53:00,514.8,6131048
2021-05-24 14:53:04,514.8,6131068
2021-05-24 14:53:07,514.75,6131212
2021-05-24 14:53:10,514.8,6131304
2021-05-24 14:53:16,514.8,6134506
2021-05-24 14:53:19,514.85,6136688
2021-05-24 14:53:22,514.9,6141036
2021-05-24 14:53:29,514.9,6141062
2021-05-24 14:53:32,514.8,6141124
2021-05-24 14:53:35,514.9,6143075
2021-05-24 14:53:38,514.8,6143479
2021-05-24 14:53:42,514.9,6144046
2021-05-24 14:53:45,514.85,6144746
2021-05-24 14:53:48,514.85,6144766
2021-05-24 14:53:51,514.85,6144817
2021-05-24 14:53:54,514.9,6145258
2021-05-24 14:53:57,514.9,6146390
2021-05-24 14:54:01,514.9,6147456
2021-05-24 14:54:06,514.9,6147624
2021-05-24 14:54:10,514.85,6147725
2021-05-24 14:54:13,514.9,6147858
2021-05-24 14:54:16,514.85,6148810
2021-05-24 14:54:19,514.85,6148810
2021-05-24 14:54:22,514.9,6148866
2021-05-24 14:54:26,514.9,6148993
2021-05-24 14:54:29,514.85,6148995
2021-05-24 14:54:33,514.9,6149275
2021-05-24 14:54:36,514.9,6149335
2021-05-24 14:54:39,514.9,6149755
2021-05-24 14:54:45,514.9,6150099
2021-05-24 14:54:48,514.85,6151566
2021-05-24 14:54:51,514.95,6155552
2021-05-24 14:54:54,514.9,6155838
2021-05-24 14:55:00,514.9,6161669
2021-05-24 14:55:03,514.9,6161689
2021-05-24 14:55:05,514.9,6161692
2021-05-24 14:55:08,514.9,6161692
2021-05-24 14:55:11,514.8,6161738
2021-05-24 14:55:15,514.9,6162010
2021-05-24 14:55:19,514.9,6162395
2021-05-24 14:55:23,514.9,6164095
2021-05-24 14:55:27,514.9,6164233
2021-05-24 14:55:30,514.9,6164343
2021-05-24 14:55:34,514.85,6164349
2021-05-24 14:55:37,514.85,6164350
2021-05-24 14:55:40,514.85,6164350
2021-05-24 14:55:43,514.85,6164547
2021-05-24 14:55:45,514.95,6165953
2021-05-24 14:55:48,514.95,6165988
2021-05-24 14:55:51,514.9,6167012
2021-05-24 14:55:53,514.9,6167032
2021-05-24 14:55:56,514.95,6167052
2021-05-24 14:55:59,514.95,6167153
2021-05-24 14:56:02,514.95,6169284
2021-05-24 14:56:05,514.95,6169840
2021-05-24 14:56:08,514.95,6169998
2021-05-24 14:56:11,514.9,6170003
2021-05-24 14:56:14,514.95,6171077
2021-05-24 14:56:17,514.9,6171185
2021-05-24 14:56:20,514.95,6171675
2021-05-24 14:56:23,514.9,6172023
2021-05-24 14:56:26,514.9,6172142
2021-05-24 14:56:29,514.9,6172507
2021-05-24 14:56:32,514.9,6172623
2021-05-24 14:56:35,514.9,6172670
2021-05-24 14:56:38,514.9,6172735
2021-05-24 14:56:45,514.95,6173394
2021-05-24 14:56:48,514.95,6173434
2021-05-24 14:56:51,514.9,6173844
2021-05-24 14:56:54,514.9,6174121
2021-05-24 14:56:56,514.9,6174836
2021-05-24 14:56:59,514.9,6174959
2021-05-24 14:57:03,514.95,6175287
2021-05-24 14:57:07,514.95,6175387
2021-05-24 14:57:10,514.95,6175797
2021-05-24 14:57:13,514.9,6175951
2021-05-24 14:57:16,514.9,6177781
2021-05-24 14:57:19,514.9,6179386
2021-05-24 14:57:22,514.95,6179394
2021-05-24 14:57:25,514.9,6179652
2021-05-24 14:57:28,514.9,6179891
2021-05-24 14:57:31,514.9,6180188
2021-05-24 14:57:34,514.9,6180788
2021-05-24 14:57:37,514.8,6182622
2021-05-24 14:57:39,514.9,6183108
2021-05-24 14:57:42,514.8,6187453
2021-05-24 14:57:44,514.8,6187485
2021-05-24 14:57:47,514.85,6188106
2021-05-24 14:57:50,514.8,6188128
2021-05-24 14:57:53,514.85,6188133
2021-05-24 14:57:55,514.85,6188145
2021-05-24 14:57:58,514.8,6188165
2021-05-24 14:58:02,514.8,6188440
2021-05-24 14:58:05,514.85,6188486
2021-05-24 14:58:08,514.8,6188586
2021-05-24 14:58:15,514.75,6201993
2021-05-24 14:58:18,514.75,6203850
2021-05-24 14:58:21,514.75,6206205
2021-05-24 14:58:24,514.75,6211987
2021-05-24 14:58:27,514.65,6213713
2021-05-24 14:58:30,514.65,6213715
2021-05-24 14:58:34,514.45,6218785
2021-05-24 14:58:37,514.45,6220590
2021-05-24 14:58:39,514.45,6220920
2021-05-24 14:58:43,514.45,6221000
2021-05-24 14:58:46,514.55,6221502
2021-05-24 14:58:48,514.45,6221612
2021-05-24 14:58:52,514.45,6221722
2021-05-24 14:58:55,514.6,6222033
2021-05-24 14:58:58,514.55,6222044
2021-05-24 14:59:01,514.5,6223759
2021-05-24 14:59:04,514.55,6224271
2021-05-24 14:59:07,514.55,6225709
2021-05-24 14:59:10,514.55,6225821
2021-05-24 14:59:13,514.6,6227165
2021-05-24 14:59:16,514.7,6227169
2021-05-24 14:59:19,514.6,6227444
2021-05-24 14:59:22,514.65,6230361
2021-05-24 14:59:25,514.7,6231670
2021-05-24 14:59:28,514.9,6236018
2021-05-24 14:59:31,514.9,6236328
2021-05-24 14:59:34,514.9,6236431
2021-05-24 14:59:37,514.75,6238464
2021-05-24 14:59:39,514.9,6238493
2021-05-24 14:59:42,514.9,6238503
2021-05-24 14:59:44,514.9,6240333
2021-05-24 14:59:48,514.9,6240348
2021-05-24 14:59:51,514.85,6240551
2021-05-24 14:59:54,514.85,6240556
2021-05-24 14:59:57,514.85,6240556
2021-05-24 15:00:00,515.05,6253487
2021-05-24 15:00:04,515.15,6256612
2021-05-24 15:00:07,515.2,6257039
2021-05-24 15:00:10,515.25,6257272
2021-05-24 15:00:13,515.25,6257463
2021-05-24 15:00:17,515.2,6258859
2021-05-24 15:00:20,515.2,6259513
2021-05-24 15:00:22,515.25,6269681
2021-05-24 15:00:25,515.2,6274466
2021-05-24 15:00:27,515.25,6275638
2021-05-24 15:00:30,515.2,6275940
2021-05-24 15:00:33,515.25,6276228
2021-05-24 15:00:37,515.25,6280686
2021-05-24 15:00:40,514.65,6297307
2021-05-24 15:00:44,514.75,6297628
2021-05-24 15:00:48,514.9,6297983
2021-05-24 15:00:52,514.9,6298190
2021-05-24 15:00:55,514.9,6298820
2021-05-24 15:00:58,514.75,6299039
2021-05-24 15:01:05,514.8,6299211
2021-05-24 15:01:09,514.8,6302374
2021-05-24 15:01:12,514.95,6302491
2021-05-24 15:01:15,514.8,6306193
2021-05-24 15:01:18,514.9,6306425
2021-05-24 15:01:22,514.8,6306437
2021-05-24 15:01:25,514.8,6306439
2021-05-24 15:01:29,514.8,6306631
2021-05-24 15:01:33,514.8,6310597
2021-05-24 15:01:40,514.65,6315474
2021-05-24 15:01:43,514.65,6317395
2021-05-24 15:01:44,514.75,6317415
2021-05-24 15:01:45,514.75,6317415
2021-05-24 15:01:46,514.65,6317434
2021-05-24 15:01:47,514.65,6317483
2021-05-24 15:01:48,514.55,6318782
2021-05-24 15:01:49,514.6,6318934
2021-05-24 15:01:50,514.6,6318934
2021-05-24 15:01:51,514.55,6318936
2021-05-24 15:01:52,514.6,6318987
2021-05-24 15:01:53,514.55,6319361
2021-05-24 15:01:54,514.55,6320961
2021-05-24 15:01:55,514.6,6320990
2021-05-24 15:01:56,514.55,6325793
2021-05-24 15:01:57,514.55,6325793
2021-05-24 15:01:58,514.55,6326038
2021-05-24 15:01:59,514.6,6326099
2021-05-24 15:02:00,514.6,6326099
2021-05-24 15:02:01,514.55,6326118
2021-05-24 15:02:02,514.6,6326374
2021-05-24 15:02:03,514.55,6326377
2021-05-24 15:02:04,514.6,6326545
2021-05-24 15:02:05,514.55,6326833
2021-05-24 15:02:06,514.55,6326855
2021-05-24 15:02:07,514.55,6326875
2021-05-24 15:02:08,514.55,6326875
2021-05-24 15:02:10,514.55,6326924
2021-05-24 15:02:11,514.55,6327253
2021-05-24 15:02:13,514.5,6330027
2021-05-24 15:02:15,514.45,6330043
2021-05-24 15:02:16,514.45,6330133
2021-05-24 15:02:17,514.5,6330166
2021-05-24 15:02:18,514.45,6330271
2021-05-24 15:02:19,514.45,6331921
2021-05-24 15:02:20,514.45,6332052
2021-05-24 15:02:21,514.4,6340257
2021-05-24 15:02:22,514.4,6340257
2021-05-24 15:02:23,514.45,6340358
2021-05-24 15:02:24,514.45,6340358
2021-05-24 15:02:25,514.45,6340358
2021-05-24 15:02:26,514.4,6344163
2021-05-24 15:02:27,514.35,6344188
2021-05-24 15:02:28,514.25,6344193
2021-05-24 15:02:29,514.25,6344210
2021-05-24 15:02:30,514.35,6344211
2021-05-24 15:02:31,514.25,6345890
2021-05-24 15:02:32,514.25,6345891
2021-05-24 15:02:33,514.25,6345891
2021-05-24 15:02:35,514.2,6347379
2021-05-24 15:02:36,514.2,6351142
2021-05-24 15:02:37,514.2,6351142
2021-05-24 15:02:38,514.15,6351214
2021-05-24 15:02:39,514.1,6351235
2021-05-24 15:02:40,514.15,6351535
2021-05-24 15:02:41,514.0,6353231
2021-05-24 15:02:42,514.15,6353332
2021-05-24 15:02:43,514.15,6353832
2021-05-24 15:02:44,514.2,6353873
2021-05-24 15:02:45,514.05,6354329
2021-05-24 15:02:46,514.05,6354348
2021-05-24 15:02:47,514.15,6354374
2021-05-24 15:02:48,514.15,6354400
2021-05-24 15:02:49,514.15,6354420
2021-05-24 15:02:50,514.1,6354529
2021-05-24 15:02:51,514.1,6354681
2021-05-24 15:02:52,514.1,6354682
2021-05-24 15:02:53,514.15,6355188
2021-05-24 15:02:54,514.1,6355242
2021-05-24 15:02:55,514.0,6356842
2021-05-24 15:02:56,514.05,6356845
2021-05-24 15:02:57,514.1,6356852
2021-05-24 15:02:58,514.05,6356854
2021-05-24 15:02:59,514.1,6357193
2021-05-24 15:03:00,514.1,6358341
2021-05-24 15:03:01,514.15,6358365
2021-05-24 15:03:02,514.2,6358885
2021-05-24 15:03:03,514.15,6359069
2021-05-24 15:03:04,514.2,6359094
2021-05-24 15:03:05,514.2,6359140
2021-05-24 15:03:06,514.2,6359283
2021-05-24 15:03:07,514.15,6359284
2021-05-24 15:03:08,514.2,6360957
2021-05-24 15:03:09,514.15,6361370
2021-05-24 15:03:10,514.2,6361395
2021-05-24 15:03:11,514.15,6362169
2021-05-24 15:03:12,514.15,6363520
2021-05-24 15:03:13,514.15,6363754
2021-05-24 15:03:14,514.15,6363754
2021-05-24 15:03:15,514.1,6363774
2021-05-24 15:03:16,514.15,6363823
2021-05-24 15:03:17,514.15,6363846
2021-05-24 15:03:18,514.15,6363846
2021-05-24 15:03:19,514.15,6363881
2021-05-24 15:03:20,514.15,6363881
2021-05-24 15:03:21,514.1,6363984
2021-05-24 15:03:22,514.0,6365849
2021-05-24 15:03:23,514.0,6366849
2021-05-24 15:03:24,514.15,6366949
2021-05-24 15:03:25,514.1,6367056
2021-05-24 15:03:27,514.15,6367321
2021-05-24 15:03:28,514.15,6367321
2021-05-24 15:03:29,514.1,6368676
2021-05-24 15:03:30,514.05,6369383
2021-05-24 15:03:32,514.0,6369742
2021-05-24 15:03:32,514.0,6369742
2021-05-24 15:03:33,514.0,6369856
2021-05-24 15:03:34,514.0,6369859
2021-05-24 15:03:35,514.05,6369861
2021-05-24 15:03:36,514.0,6370064
2021-05-24 15:03:37,514.0,6370174
2021-05-24 15:03:38,514.0,6370174
2021-05-24 15:03:39,514.05,6370214
2021-05-24 15:03:40,514.0,6372118
2021-05-24 15:03:41,514.05,6372181
2021-05-24 15:03:42,514.0,6372783
2021-05-24 15:03:43,514.0,6372798
2021-05-24 15:03:44,514.05,6373099
2021-05-24 15:03:45,514.05,6373107
2021-05-24 15:03:46,514.0,6374163
2021-05-24 15:03:47,514.0,6374250
2021-05-24 15:03:48,513.95,6374255
2021-05-24 15:03:49,514.0,6374273
2021-05-24 15:03:50,514.0,6374273
2021-05-24 15:03:51,513.95,6378963
2021-05-24 15:03:52,513.95,6379064
2021-05-24 15:03:53,513.95,6379174
2021-05-24 15:03:54,514.0,6379489
2021-05-24 15:03:55,513.95,6379510
2021-05-24 15:03:56,513.95,6379525
2021-05-24 15:03:57,514.0,6380027
2021-05-24 15:03:58,514.0,6380062
2021-05-24 15:03:59,513.95,6380112
2021-05-24 15:04:01,514.0,6383352
2021-05-24 15:04:01,514.0,6383384
2021-05-24 15:04:02,514.0,6383999
2021-05-24 15:04:03,514.15,6384045
2021-05-24 15:04:04,514.05,6384075
2021-05-24 15:04:05,514.05,6384077
2021-05-24 15:04:06,514.15,6384140
2021-05-24 15:04:07,514.15,6384150
2021-05-24 15:04:08,514.15,6384159
2021-05-24 15:04:09,514.15,6384181
2021-05-24 15:04:10,514.15,6384221
2021-05-24 15:04:11,514.05,6384305
2021-05-24 15:04:12,514.05,6384310
2021-05-24 15:04:13,514.05,6384455
2021-05-24 15:04:14,514.15,6384606
2021-05-24 15:04:16,514.15,6384661
2021-05-24 15:04:17,514.15,6384661
2021-05-24 15:04:18,514.15,6384759
2021-05-24 15:04:19,514.1,6384763
2021-05-24 15:04:20,514.15,6384800
2021-05-24 15:04:21,514.1,6384802
2021-05-24 15:04:22,514.1,6384803
2021-05-24 15:04:23,514.3,6387620
2021-05-24 15:04:24,514.3,6387655
2021-05-24 15:04:25,514.3,6387955
2021-05-24 15:04:26,514.15,6388057
2021-05-24 15:04:27,514.15,6388057
2021-05-24 15:04:28,514.15,6388072
2021-05-24 15:04:29,514.3,6388178
2021-05-24 15:04:30,514.15,6388368
2021-05-24 15:04:31,514.15,6388387
2021-05-24 15:04:32,514.15,6388387
2021-05-24 15:04:33,514.15,6388397
2021-05-24 15:04:34,514.15,6388397
2021-05-24 15:04:35,514.3,6388414
2021-05-24 15:04:36,514.15,6388427
2021-05-24 15:04:37,514.15,6388529
2021-05-24 15:04:38,514.3,6388581
2021-05-24 15:04:39,514.3,6388581
2021-05-24 15:04:40,514.3,6388581
2021-05-24 15:04:41,514.15,6388583
2021-05-24 15:04:42,514.3,6388774
2021-05-24 15:04:43,514.3,6388810
2021-05-24 15:04:44,514.3,6388810
2021-05-24 15:04:45,514.3,6388987
2021-05-24 15:04:46,514.3,6389005
2021-05-24 15:04:47,514.3,6389277
2021-05-24 15:04:48,514.3,6389282
2021-05-24 15:04:49,514.35,6390160
2021-05-24 15:04:50,514.4,6397143
2021-05-24 15:04:51,514.4,6399969
2021-05-24 15:04:53,514.45,6400018
2021-05-24 15:04:55,514.4,6401668
2021-05-24 15:04:56,514.4,6401681
2021-05-24 15:04:57,514.5,6401719
2021-05-24 15:04:58,514.5,6401719
2021-05-24 15:04:59,514.55,6402806
2021-05-24 15:05:00,514.55,6402806
2021-05-24 15:05:01,514.45,6402861
2021-05-24 15:05:02,514.45,6402866
2021-05-24 15:05:03,514.5,6402886
2021-05-24 15:05:04,514.5,6402981
2021-05-24 15:05:05,514.45,6403105
2021-05-24 15:05:06,514.45,6403143
2021-05-24 15:05:07,514.45,6403143
2021-05-24 15:05:08,514.55,6403203
2021-05-24 15:05:09,514.55,6403771
2021-05-24 15:05:10,514.5,6403788
2021-05-24 15:05:11,514.5,6403790
2021-05-24 15:05:12,514.55,6403831
2021-05-24 15:05:13,514.55,6404325
2021-05-24 15:05:15,514.5,6404411
2021-05-24 15:05:16,514.5,6404505
2021-05-24 15:05:17,514.5,6404558
2021-05-24 15:05:19,514.55,6404626
2021-05-24 15:05:20,514.5,6409805
2021-05-24 15:05:21,514.5,6412074
2021-05-24 15:05:22,514.55,6412518
2021-05-24 15:05:23,514.55,6412622
2021-05-24 15:05:25,514.5,6413138
2021-05-24 15:05:26,514.5,6413552
2021-05-24 15:05:27,514.5,6413573
2021-05-24 15:05:28,514.55,6413585
2021-05-24 15:05:29,514.55,6413668
2021-05-24 15:05:30,514.55,6413697
2021-05-24 15:05:31,514.5,6413877
2021-05-24 15:05:31,514.5,6413877
2021-05-24 15:05:32,514.55,6414150
2021-05-24 15:05:33,514.5,6414436
2021-05-24 15:05:34,514.55,6414566
2021-05-24 15:05:35,514.5,6414867
2021-05-24 15:05:36,514.5,6414871
2021-05-24 15:05:37,514.5,6414876
2021-05-24 15:05:38,514.5,6416546
2021-05-24 15:05:40,514.5,6418226
2021-05-24 15:05:42,514.45,6418474
2021-05-24 15:05:44,514.4,6419124
2021-05-24 15:05:45,514.45,6419154
2021-05-24 15:05:46,514.5,6419167
2021-05-24 15:05:47,514.45,6419534
2021-05-24 15:05:47,514.45,6419534
2021-05-24 15:05:48,514.45,6419647
2021-05-24 15:05:49,514.45,6419944
2021-05-24 15:05:50,514.45,6420257
2021-05-24 15:05:52,514.45,6421864
2021-05-24 15:05:53,514.55,6423445
2021-05-24 15:05:54,514.4,6423477
2021-05-24 15:05:55,514.55,6423502
2021-05-24 15:05:56,514.5,6423552
2021-05-24 15:05:57,514.5,6424387
2021-05-24 15:05:58,514.5,6424437
2021-05-24 15:05:59,514.45,6424545
2021-05-24 15:06:00,514.45,6424547
2021-05-24 15:06:01,514.45,6424584
2021-05-24 15:06:03,514.45,6424684
2021-05-24 15:06:04,514.45,6424687
2021-05-24 15:06:05,514.45,6424690
2021-05-24 15:06:07,514.5,6424818
2021-05-24 15:06:08,514.45,6424820
2021-05-24 15:06:08,514.45,6424820
2021-05-24 15:06:09,514.45,6424820
2021-05-24 15:06:10,514.5,6424825
2021-05-24 15:06:11,514.45,6425077
2021-05-24 15:06:12,514.5,6425177
2021-05-24 15:06:13,514.45,6425299
2021-05-24 15:06:14,514.45,6425829
2021-05-24 15:06:15,514.5,6425881
2021-05-24 15:06:16,514.4,6425922
2021-05-24 15:06:17,514.4,6425922
2021-05-24 15:06:19,514.5,6426426
2021-05-24 15:06:20,514.5,6426529
2021-05-24 15:06:21,514.4,6426531
2021-05-24 15:06:22,514.4,6426531
2021-05-24 15:06:22,514.4,6426531
2021-05-24 15:06:23,514.75,6438128
2021-05-24 15:06:24,514.6,6438138
2021-05-24 15:06:25,514.65,6438689
2021-05-24 15:06:26,514.65,6438691
2021-05-24 15:06:28,514.8,6438800
2021-05-24 15:06:29,514.85,6439001
2021-05-24 15:06:30,514.85,6439001
2021-05-24 15:06:31,514.9,6439059
2021-05-24 15:06:32,514.9,6439124
2021-05-24 15:06:33,514.8,6439738
2021-05-24 15:06:34,514.8,6440339
2021-05-24 15:06:35,514.8,6440343
2021-05-24 15:06:38,514.8,6440837
2021-05-24 15:06:39,514.8,6440837
2021-05-24 15:06:40,514.8,6440837
2021-05-24 15:06:41,514.8,6440849
2021-05-24 15:06:41,514.8,6440849
2021-05-24 15:06:42,514.9,6441401
2021-05-24 15:06:44,514.95,6441416
2021-05-24 15:06:45,514.95,6441416
2021-05-24 15:06:46,514.8,6441444
2021-05-24 15:06:47,514.8,6441744
2021-05-24 15:06:48,514.8,6441744
2021-05-24 15:06:49,514.95,6443288
2021-05-24 15:06:50,514.95,6443288
2021-05-24 15:06:51,514.95,6443682
2021-05-24 15:06:52,514.95,6443682
2021-05-24 15:06:53,515.0,6443683
2021-05-24 15:06:54,515.0,6443683
2021-05-24 15:06:55,514.95,6443743
2021-05-24 15:06:56,514.95,6443746
2021-05-24 15:06:57,515.0,6444396
2021-05-24 15:06:58,514.95,6444397
2021-05-24 15:06:59,514.95,6444566
2021-05-24 15:07:00,514.95,6444566
2021-05-24 15:07:01,514.95,6444585
2021-05-24 15:07:02,514.95,6444619
2021-05-24 15:07:03,514.95,6444622
2021-05-24 15:07:04,514.95,6445122
2021-05-24 15:07:05,514.95,6445615
2021-05-24 15:07:06,515.0,6445685
2021-05-24 15:07:08,515.0,6445685
2021-05-24 15:07:09,515.0,6445695
2021-05-24 15:07:10,514.95,6445731
2021-05-24 15:07:12,514.95,6446210
2021-05-24 15:07:12,514.95,6446210
2021-05-24 15:07:13,515.0,6446211
2021-05-24 15:07:14,515.0,6446214
2021-05-24 15:07:15,515.0,6446236
2021-05-24 15:07:16,514.95,6451582
2021-05-24 15:07:17,514.95,6451582
2021-05-24 15:07:18,514.95,6451737
2021-05-24 15:07:20,514.95,6452715
2021-05-24 15:07:20,514.95,6452767
2021-05-24 15:07:21,514.95,6452767
2021-05-24 15:07:22,514.95,6453321
2021-05-24 15:07:23,515.0,6453421
2021-05-24 15:07:24,515.0,6453421
2021-05-24 15:07:25,515.0,6453421
2021-05-24 15:07:26,514.95,6453423
2021-05-24 15:07:27,514.95,6453423
2021-05-24 15:07:28,514.95,6453623
2021-05-24 15:07:29,514.95,6455429
2021-05-24 15:07:30,514.95,6455992
2021-05-24 15:07:32,514.9,6456719
2021-05-24 15:07:33,514.9,6456748
2021-05-24 15:07:34,514.95,6459041
2021-05-24 15:07:34,514.95,6459041
2021-05-24 15:07:35,515.0,6459044
2021-05-24 15:07:36,515.05,6471618
2021-05-24 15:07:37,515.0,6471794
2021-05-24 15:07:39,515.1,6475020
2021-05-24 15:07:40,515.1,6476118
2021-05-24 15:07:41,515.1,6476118
2021-05-24 15:07:43,515.1,6476184
2021-05-24 15:07:44,515.2,6476409
2021-05-24 15:07:45,515.05,6476410
2021-05-24 15:07:46,515.05,6476422
2021-05-24 15:07:47,515.05,6476439
2021-05-24 15:07:48,515.2,6476939
2021-05-24 15:07:49,515.2,6477194
2021-05-24 15:07:50,515.05,6477219
2021-05-24 15:07:51,515.2,6477311
2021-05-24 15:07:52,515.2,6477352
2021-05-24 15:07:53,515.2,6477355
2021-05-24 15:07:54,515.2,6477493
2021-05-24 15:07:54,515.1,6477698
2021-05-24 15:07:56,515.25,6478992
2021-05-24 15:07:57,515.2,6479689
2021-05-24 15:07:58,515.2,6480335
2021-05-24 15:07:59,515.1,6481157
2021-05-24 15:08:00,515.1,6481896
2021-05-24 15:08:01,515.2,6482663
2021-05-24 15:08:03,515.1,6483446
2021-05-24 15:08:03,515.1,6483451
2021-05-24 15:08:04,515.1,6483501
2021-05-24 15:08:05,515.1,6485288
2021-05-24 15:08:06,515.2,6485388
2021-05-24 15:08:08,515.1,6486418
2021-05-24 15:08:10,515.2,6486423
2021-05-24 15:08:11,515.1,6486457
2021-05-24 15:08:12,515.1,6486458
2021-05-24 15:08:13,515.1,6486572
2021-05-24 15:08:14,515.1,6486593
2021-05-24 15:08:15,515.1,6486690
2021-05-24 15:08:16,515.1,6488343
2021-05-24 15:08:17,515.15,6488380
2021-05-24 15:08:18,515.15,6488380
2021-05-24 15:08:19,515.1,6488385
2021-05-24 15:08:20,515.1,6488385
2021-05-24 15:08:21,515.1,6488387
2021-05-24 15:08:21,515.15,6488800
2021-05-24 15:08:22,515.15,6488871
2021-05-24 15:08:24,515.15,6488996
2021-05-24 15:08:24,515.1,6491237
2021-05-24 15:08:25,515.05,6494267
2021-05-24 15:08:27,515.15,6494693
2021-05-24 15:08:28,515.15,6494719
2021-05-24 15:08:29,515.05,6495524
2021-05-24 15:08:30,515.05,6495524
2021-05-24 15:08:31,515.2,6495674
2021-05-24 15:08:31,515.1,6495693
2021-05-24 15:08:33,515.1,6495803
2021-05-24 15:08:34,515.05,6497406
2021-05-24 15:08:34,515.1,6499076
2021-05-24 15:08:36,515.1,6499079
2021-05-24 15:08:37,515.15,6499467
2021-05-24 15:08:38,515.1,6499969
2021-05-24 15:08:38,515.15,6500122
2021-05-24 15:08:39,515.15,6500122
2021-05-24 15:08:40,515.1,6500129
2021-05-24 15:08:42,515.15,6500214
2021-05-24 15:08:43,515.1,6500764
2021-05-24 15:08:44,515.15,6500765
2021-05-24 15:08:44,515.1,6500791
2021-05-24 15:08:46,515.15,6500979
2021-05-24 15:08:47,515.1,6501706
2021-05-24 15:08:48,515.1,6501706
2021-05-24 15:08:49,515.1,6502086
2021-05-24 15:08:49,515.1,6502086
2021-05-24 15:08:50,515.1,6502288
2021-05-24 15:08:51,515.1,6502288
2021-05-24 15:08:53,515.1,6502438
2021-05-24 15:08:54,515.1,6502438
2021-05-24 15:08:55,515.1,6503168
2021-05-24 15:08:57,515.1,6503171
2021-05-24 15:08:56,515.1,6503171
2021-05-24 15:08:57,515.1,6503189
2021-05-24 15:08:59,515.1,6504071
2021-05-24 15:09:00,515.1,6504182
2021-05-24 15:09:01,515.15,6504221
2021-05-24 15:09:02,515.15,6504232
2021-05-24 15:09:03,515.1,6504250
2021-05-24 15:09:03,515.1,6504794
2021-05-24 15:09:04,515.1,6504980
2021-05-24 15:09:05,515.15,6505229
2021-05-24 15:09:06,515.1,6505757
2021-05-24 15:09:07,515.1,6505757
2021-05-24 15:09:09,515.25,6521321
2021-05-24 15:09:10,515.25,6522564
2021-05-24 15:09:10,515.25,6523015
2021-05-24 15:09:11,515.25,6523478
2021-05-24 15:09:12,515.4,6524931
2021-05-24 15:09:13,515.25,6525980
2021-05-24 15:09:14,515.4,6526883
2021-05-24 15:09:15,515.4,6526903
2021-05-24 15:09:16,515.3,6526955
2021-05-24 15:09:17,515.4,6529615
2021-05-24 15:09:18,515.3,6529990
2021-05-24 15:09:20,515.3,6529990
2021-05-24 15:09:21,515.35,6530033
2021-05-24 15:09:22,515.35,6530092
2021-05-24 15:09:23,515.35,6530119
2021-05-24 15:09:24,515.35,6530126
2021-05-24 15:09:25,515.45,6530247
2021-05-24 15:09:26,515.35,6530369
2021-05-24 15:09:26,515.5,6530339
2021-05-24 15:09:27,515.35,6530369
2021-05-24 15:09:28,515.35,6530669
2021-05-24 15:09:29,515.5,6530933
2021-05-24 15:09:30,515.35,6530971
2021-05-24 15:09:31,515.35,6531289
2021-05-24 15:09:33,515.35,6532228
2021-05-24 15:09:34,515.35,6536185
2021-05-24 15:09:35,515.5,6542472
2021-05-24 15:09:36,515.35,6543843
2021-05-24 15:09:37,515.35,6544130
2021-05-24 15:09:38,515.45,6544879
2021-05-24 15:09:39,515.45,6544879
2021-05-24 15:09:40,515.35,6545518
2021-05-24 15:09:41,515.3,6546150
2021-05-24 15:09:42,515.3,6546150
2021-05-24 15:09:43,515.45,6546779
2021-05-24 15:09:44,515.6,6546879
2021-05-24 15:09:45,515.45,6546887
2021-05-24 15:09:46,515.45,6547518
2021-05-24 15:09:47,515.45,6547535
2021-05-24 15:09:48,515.45,6547535
2021-05-24 15:09:49,515.6,6548200
2021-05-24 15:09:50,514.95,6597881
2021-05-24 15:09:51,515.0,6600494
2021-05-24 15:09:52,515.0,6600930
2021-05-24 15:09:53,515.0,6600934
2021-05-24 15:09:54,515.0,6601745
2021-05-24 15:09:55,515.0,6601851
2021-05-24 15:09:56,515.0,6602080
2021-05-24 15:09:57,515.0,6602080
2021-05-24 15:09:58,515.0,6602080
2021-05-24 15:10:00,514.95,6602999
2021-05-24 15:10:01,514.95,6603043
2021-05-24 15:10:02,515.0,6603760
2021-05-24 15:10:03,514.95,6603864
2021-05-24 15:10:04,515.0,6603887
2021-05-24 15:10:05,515.0,6604457
2021-05-24 15:10:06,515.0,6604588
2021-05-24 15:10:07,514.95,6604836
2021-05-24 15:10:08,514.95,6604836
2021-05-24 15:10:09,514.95,6604836
2021-05-24 15:10:10,515.0,6604941
2021-05-24 15:10:11,515.0,6605065
2021-05-24 15:10:12,515.0,6605065
2021-05-24 15:10:13,515.0,6605112
2021-05-24 15:10:14,515.0,6605962
2021-05-24 15:10:15,514.95,6606611
2021-05-24 15:10:16,514.95,6606682
2021-05-24 15:10:17,515.0,6606790
2021-05-24 15:10:18,514.95,6607802
2021-05-24 15:10:19,514.95,6607806
2021-05-24 15:10:20,515.0,6607908
2021-05-24 15:10:21,514.95,6608929
2021-05-24 15:10:22,515.0,6609134
2021-05-24 15:10:23,514.95,6609763
2021-05-24 15:10:24,514.95,6609763
2021-05-24 15:10:24,515.0,6609963
2021-05-24 15:10:25,514.95,6609965
2021-05-24 15:10:26,515.0,6610015
2021-05-24 15:10:27,515.0,6610017
2021-05-24 15:10:29,515.0,6610037
2021-05-24 15:10:30,515.0,6610082
2021-05-24 15:10:31,514.95,6610910
2021-05-24 15:10:32,514.95,6612548
2021-05-24 15:10:32,514.9,6612553
2021-05-24 15:10:34,514.9,6612656
2021-05-24 15:10:35,515.0,6612695
2021-05-24 15:10:35,514.9,6612699
2021-05-24 15:10:37,515.0,6612701
2021-05-24 15:10:38,515.0,6612701
2021-05-24 15:10:39,515.0,6612701
2021-05-24 15:10:40,514.9,6613203
2021-05-24 15:10:40,515.0,6613201
2021-05-24 15:10:41,515.0,6613227
2021-05-24 15:10:42,514.9,6613298
2021-05-24 15:10:43,514.9,6613298
2021-05-24 15:10:44,515.0,6613317
2021-05-24 15:10:45,515.0,6613491
2021-05-24 15:10:47,514.9,6613543
2021-05-24 15:10:48,514.9,6613767
2021-05-24 15:10:49,515.0,6614016
2021-05-24 15:10:49,515.0,6614116
2021-05-24 15:10:51,514.9,6614423
2021-05-24 15:10:52,515.0,6614460
2021-05-24 15:10:53,515.0,6614463
2021-05-24 15:10:54,515.0,6614521
2021-05-24 15:10:55,514.9,6614773
2021-05-24 15:10:56,515.0,6614796
2021-05-24 15:10:57,514.9,6614922
2021-05-24 15:10:58,515.0,6615469
2021-05-24 15:10:59,515.0,6615469
2021-05-24 15:11:00,514.95,6615510
2021-05-24 15:11:01,514.95,6615532
2021-05-24 15:11:02,514.95,6615949
2021-05-24 15:11:03,515.0,6615980
2021-05-24 15:11:04,515.0,6616454
2021-05-24 15:11:05,514.95,6616559
2021-05-24 15:11:06,514.95,6616909
2021-05-24 15:11:07,514.95,6616909
2021-05-24 15:11:08,514.95,6616963
2021-05-24 15:11:09,515.0,6617148
2021-05-24 15:11:10,514.95,6617673
2021-05-24 15:11:11,515.0,6618516
2021-05-24 15:11:13,514.95,6620728
2021-05-24 15:11:14,514.95,6620733
2021-05-24 15:11:15,514.95,6620856
2021-05-24 15:11:16,515.0,6623086
2021-05-24 15:11:17,514.95,6623113
2021-05-24 15:11:18,515.2,6625376
2021-05-24 15:11:19,514.95,6625520
2021-05-24 15:11:20,515.0,6625557
2021-05-24 15:11:21,514.95,6625561
2021-05-24 15:11:22,515.0,6625563
2021-05-24 15:11:23,515.0,6625581
2021-05-24 15:11:24,515.0,6625619
2021-05-24 15:11:25,515.0,6625852
2021-05-24 15:11:26,514.95,6625854
2021-05-24 15:11:27,514.95,6625923
2021-05-24 15:11:28,514.95,6625973
2021-05-24 15:11:29,514.95,6626091
2021-05-24 15:11:30,515.0,6626127
2021-05-24 15:11:31,514.95,6626219
2021-05-24 15:11:32,515.0,6627626
2021-05-24 15:11:33,514.95,6627809
2021-05-24 15:11:34,515.0,6628029
2021-05-24 15:11:36,514.95,6628149
2021-05-24 15:11:37,514.95,6628149
2021-05-24 15:11:38,514.95,6628218
2021-05-24 15:11:39,514.95,6628218
2021-05-24 15:11:40,515.0,6628219
2021-05-24 15:11:41,514.95,6628257
2021-05-24 15:11:41,514.95,6628257
2021-05-24 15:11:42,514.95,6628257
2021-05-24 15:11:44,515.0,6628404
2021-05-24 15:11:45,515.0,6628404
2021-05-24 15:11:46,514.95,6629023
2021-05-24 15:11:47,515.0,6629062
2021-05-24 15:11:48,514.95,6629567
2021-05-24 15:11:49,514.95,6629572
2021-05-24 15:11:50,515.0,6629653
2021-05-24 15:11:51,514.95,6629665
2021-05-24 15:11:52,515.0,6629966
2021-05-24 15:11:54,515.0,6630360
2021-05-24 15:11:55,515.0,6630360
2021-05-24 15:11:56,514.95,6630764
2021-05-24 15:11:57,515.0,6630857
2021-05-24 15:11:58,515.0,6630908
2021-05-24 15:11:59,515.0,6630908
2021-05-24 15:12:00,515.0,6630914
2021-05-24 15:12:01,514.95,6631006
2021-05-24 15:12:02,514.95,6631216
2021-05-24 15:12:03,514.95,6631271
2021-05-24 15:12:04,514.95,6631271
2021-05-24 15:12:05,514.95,6631318
2021-05-24 15:12:06,514.95,6631318
2021-05-24 15:12:07,515.0,6631369
2021-05-24 15:12:08,514.95,6631424
2021-05-24 15:12:09,515.0,6631469
2021-05-24 15:12:10,514.95,6631626
2021-05-24 15:12:11,514.95,6631628
2021-05-24 15:12:12,514.95,6632187
2021-05-24 15:12:14,514.95,6632354
2021-05-24 15:12:13,514.95,6632335
2021-05-24 15:12:15,514.95,6632714
2021-05-24 15:12:16,514.95,6632742
2021-05-24 15:12:17,515.0,6632752
2021-05-24 15:12:18,514.95,6632757
2021-05-24 15:12:19,514.95,6632757
2021-05-24 15:12:21,515.0,6632817
2021-05-24 15:12:20,514.95,6632760
2021-05-24 15:12:22,515.0,6633015
2021-05-24 15:12:23,515.0,6633035
2021-05-24 15:12:24,515.0,6633070
2021-05-24 15:12:25,514.95,6634272
2021-05-24 15:12:26,515.0,6634280
2021-05-24 15:12:27,514.95,6634282
2021-05-24 15:12:28,514.95,6634282
2021-05-24 15:12:29,515.0,6634561
2021-05-24 15:12:30,514.95,6634622
2021-05-24 15:12:31,514.95,6634654
2021-05-24 15:12:32,515.0,6634703
2021-05-24 15:12:33,515.0,6634780
2021-05-24 15:12:34,515.0,6634821
2021-05-24 15:12:35,515.0,6634854
2021-05-24 15:12:36,514.95,6634857
2021-05-24 15:12:37,514.95,6635567
2021-05-24 15:12:38,514.95,6635608
2021-05-24 15:12:39,514.95,6635881
2021-05-24 15:12:40,514.95,6636077
2021-05-24 15:12:41,515.0,6636087
2021-05-24 15:12:42,515.0,6636239
2021-05-24 15:12:43,514.95,6636352
2021-05-24 15:12:44,514.95,6637703
2021-05-24 15:12:45,514.95,6638096
2021-05-24 15:12:46,515.0,6638129
2021-05-24 15:12:47,514.95,6638394
2021-05-24 15:12:48,514.95,6640093
2021-05-24 15:12:49,514.95,6640193
2021-05-24 15:12:50,514.95,6640206
2021-05-24 15:12:51,514.95,6640206
2021-05-24 15:12:52,515.0,6640254
2021-05-24 15:12:53,515.0,6640254
2021-05-24 15:12:54,515.0,6640254
2021-05-24 15:12:55,514.95,6640454
2021-05-24 15:12:56,514.95,6640494
2021-05-24 15:12:57,514.95,6640494
2021-05-24 15:12:58,515.0,6640505
2021-05-24 15:12:59,515.0,6640525
2021-05-24 15:13:00,514.95,6640529
2021-05-24 15:13:01,515.0,6640573
2021-05-24 15:13:02,515.0,6640573
2021-05-24 15:13:03,514.95,6641530
2021-05-24 15:13:04,515.0,6641986
2021-05-24 15:13:05,515.0,6642037
2021-05-24 15:13:06,514.95,6642039
2021-05-24 15:13:07,515.0,6642275
2021-05-24 15:13:08,515.0,6642275
2021-05-24 15:13:09,514.95,6642325
2021-05-24 15:13:10,514.95,6642326
2021-05-24 15:13:11,514.95,6642609
2021-05-24 15:13:13,515.0,6642689
2021-05-24 15:13:14,515.0,6653656
2021-05-24 15:13:15,515.1,6654850
2021-05-24 15:13:16,515.0,6654875
2021-05-24 15:13:17,515.0,6654875
2021-05-24 15:13:18,514.95,6660799
2021-05-24 15:13:19,515.0,6662908
2021-05-24 15:13:20,514.95,6666682
2021-05-24 15:13:21,515.0,6666713
2021-05-24 15:13:22,515.0,6666713
2021-05-24 15:13:23,515.0,6666713
2021-05-24 15:13:24,515.0,6671236
2021-05-24 15:13:25,515.0,6671488
2021-05-24 15:13:27,515.0,6676205
2021-05-24 15:13:26,515.0,6676205
2021-05-24 15:13:28,515.0,6680677
2021-05-24 15:13:29,515.0,6680677
2021-05-24 15:13:30,515.0,6680748
2021-05-24 15:13:31,514.95,6688879
2021-05-24 15:13:32,515.0,6689362
2021-05-24 15:13:33,515.0,6689511
2021-05-24 15:13:34,515.0,6695375
2021-05-24 15:13:35,515.0,6697659
2021-05-24 15:13:36,515.0,6699053
2021-05-24 15:13:37,515.0,6699527
2021-05-24 15:13:38,515.0,6700102
2021-05-24 15:13:39,515.0,6701083
2021-05-24 15:13:40,515.0,6701249
2021-05-24 15:13:41,515.0,6701649
2021-05-24 15:13:42,515.0,6701759
2021-05-24 15:13:43,515.0,6701759
2021-05-24 15:13:44,515.0,6701764
2021-05-24 15:13:45,515.0,6702298
2021-05-24 15:13:47,514.95,6702607
2021-05-24 15:13:46,515.0,6702387
2021-05-24 15:13:48,514.95,6702607
2021-05-24 15:13:49,514.95,6702612
2021-05-24 15:13:50,515.0,6702795
2021-05-24 15:13:51,514.95,6703017
2021-05-24 15:13:52,514.95,6703017
2021-05-24 15:13:53,515.0,6703075
2021-05-24 15:13:54,515.0,6703196
2021-05-24 15:13:55,514.95,6703211
2021-05-24 15:13:56,515.0,6704544
2021-05-24 15:13:57,515.0,6704733
2021-05-24 15:13:58,515.0,6704784
2021-05-24 15:13:59,515.0,6704837
2021-05-24 15:14:00,514.95,6704984
2021-05-24 15:14:02,515.0,6707266
2021-05-24 15:14:03,514.95,6707559
2021-05-24 15:14:04,515.0,6707938
2021-05-24 15:14:06,514.95,6709668
2021-05-24 15:14:06,515.0,6710627
2021-05-24 15:14:08,514.95,6711106
2021-05-24 15:14:09,514.95,6711800
2021-05-24 15:14:10,515.0,6713255
2021-05-24 15:14:10,515.0,6712274
2021-05-24 15:14:11,514.95,6713963
2021-05-24 15:14:12,515.0,6715346
2021-05-24 15:14:13,515.0,6716014
2021-05-24 15:14:14,515.0,6716490
2021-05-24 15:14:15,515.0,6716836
2021-05-24 15:14:16,515.0,6718133
2021-05-24 15:14:17,515.0,6719339
2021-05-24 15:14:18,514.95,6721230
2021-05-24 15:14:19,515.0,6722962
2021-05-24 15:14:21,514.95,6722996
2021-05-24 15:14:21,514.95,6722996
2021-05-24 15:14:22,515.0,6723035
2021-05-24 15:14:24,514.95,6723675
2021-05-24 15:14:25,515.0,6723713
2021-05-24 15:14:26,514.95,6723721
2021-05-24 15:14:26,514.95,6723741
2021-05-24 15:14:28,514.95,6723788
2021-05-24 15:14:29,515.0,6724359
2021-05-24 15:14:29,515.0,6724359
2021-05-24 15:14:30,515.0,6724413
2021-05-24 15:14:31,514.95,6724867
2021-05-24 15:14:32,515.0,6731263
2021-05-24 15:14:34,515.0,6736810
2021-05-24 15:14:34,514.95,6736818
2021-05-24 15:14:36,514.95,6739678
2021-05-24 15:14:36,515.1,6742096
2021-05-24 15:14:37,515.0,6752383
2021-05-24 15:14:38,514.95,6753957
2021-05-24 15:14:39,515.0,6759315
2021-05-24 15:14:40,515.0,6763617
2021-05-24 15:14:41,515.0,6765248
2021-05-24 15:14:42,515.0,6765547
2021-05-24 15:14:44,515.0,6766070
2021-05-24 15:14:44,515.0,6767941
2021-05-24 15:14:45,515.0,6769591
2021-05-24 15:14:46,514.95,6772135
2021-05-24 15:14:47,515.0,6772205
2021-05-24 15:14:49,514.95,6774416
2021-05-24 15:14:49,515.0,6774656
2021-05-24 15:14:50,515.0,6776495
2021-05-24 15:14:51,515.0,6779076
2021-05-24 15:14:52,515.0,6780511
2021-05-24 15:14:55,515.15,6785610
2021-05-24 15:14:56,515.15,6785767
2021-05-24 15:14:57,515.15,6786007
2021-05-24 15:14:58,515.0,6793857
2021-05-24 15:15:00,515.0,6818418
2021-05-24 15:15:00,514.95,6850459
2021-05-24 15:15:01,515.0,6851554
2021-05-24 15:15:03,515.0,6851595
2021-05-24 15:15:03,514.95,6851898
2021-05-24 15:15:04,515.0,6854574
2021-05-24 15:15:05,514.95,6854703
2021-05-24 15:15:06,514.95,6854858
2021-05-24 15:15:07,515.0,6854965
2021-05-24 15:15:08,515.0,6856704
2021-05-24 15:15:09,515.1,6857712
2021-05-24 15:15:11,515.0,6858187
2021-05-24 15:15:11,515.0,6858376
2021-05-24 15:15:12,514.95,6859967
2021-05-24 15:15:13,514.95,6860026
2021-05-24 15:15:14,514.95,6860576
2021-05-24 15:15:15,515.0,6860655
2021-05-24 15:15:16,514.95,6861101
2021-05-24 15:15:17,514.95,6861103
2021-05-24 15:15:18,514.95,6861285
2021-05-24 15:15:19,514.95,6861285
2021-05-24 15:15:20,515.0,6861333
2021-05-24 15:15:21,515.0,6861681
2021-05-24 15:15:22,514.95,6862079
2021-05-24 15:15:23,514.95,6862782
2021-05-24 15:15:25,515.0,6865775
2021-05-24 15:15:26,515.0,6865817
2021-05-24 15:15:27,515.0,6865817
2021-05-24 15:15:27,515.0,6865817
2021-05-24 15:15:28,514.95,6865887
2021-05-24 15:15:30,515.0,6865936
2021-05-24 15:15:30,514.95,6865964
2021-05-24 15:15:31,514.95,6866001
2021-05-24 15:15:33,515.0,6866039
2021-05-24 15:15:33,515.0,6868300
2021-05-24 15:15:34,514.95,6868303
2021-05-24 15:15:36,515.0,6868592
2021-05-24 15:15:37,515.0,6869201
2021-05-24 15:15:38,514.95,6869234
2021-05-24 15:15:39,515.0,6870166
2021-05-24 15:15:39,515.0,6870166
2021-05-24 15:15:40,514.95,6879542
2021-05-24 15:15:41,515.0,6879582
2021-05-24 15:15:43,515.0,6879692
2021-05-24 15:15:43,515.0,6879692
2021-05-24 15:15:45,515.0,6879950
2021-05-24 15:15:46,514.95,6883053
2021-05-24 15:15:46,514.95,6883070
2021-05-24 15:15:48,515.0,6887345
2021-05-24 15:15:49,514.95,6887450
2021-05-24 15:15:50,514.95,6887470
2021-05-24 15:15:50,515.0,6887516
2021-05-24 15:15:52,514.95,6888405
2021-05-24 15:15:53,515.0,6888584
2021-05-24 15:15:54,515.0,6888965
2021-05-24 15:15:55,514.95,6889035
2021-05-24 15:15:55,515.0,6889132
2021-05-24 15:15:56,515.0,6892633
2021-05-24 15:15:58,515.05,6897259
2021-05-24 15:15:58,515.0,6898940
2021-05-24 15:16:00,515.0,6899046
2021-05-24 15:16:01,514.95,6899320
2021-05-24 15:16:01,515.0,6899437
2021-05-24 15:16:04,514.95,6901961
2021-05-24 15:16:04,514.95,6902161
2021-05-24 15:16:05,515.0,6902192
2021-05-24 15:16:06,514.95,6902274
2021-05-24 15:16:07,514.95,6903480
2021-05-24 15:16:08,515.0,6903482
2021-05-24 15:16:10,515.15,6903918
2021-05-24 15:16:10,515.0,6904023
2021-05-24 15:16:11,514.95,6904052
2021-05-24 15:16:12,515.0,6904501
2021-05-24 15:16:13,515.0,6906109
2021-05-24 15:16:14,515.0,6906264
2021-05-24 15:16:15,514.95,6907178
2021-05-24 15:16:17,514.95,6907497
2021-05-24 15:16:17,515.0,6907547
2021-05-24 15:16:18,515.15,6909010
2021-05-24 15:16:19,515.0,6909073
2021-05-24 15:16:20,515.0,6909150
2021-05-24 15:16:22,515.0,6909347
2021-05-24 15:16:23,515.0,6909594
2021-05-24 15:16:23,515.0,6909730
2021-05-24 15:16:24,515.0,6909735
2021-05-24 15:16:25,515.05,6912253
2021-05-24 15:16:26,515.0,6912849
2021-05-24 15:16:27,515.0,6912854
2021-05-24 15:16:29,515.0,6913266
2021-05-24 15:16:31,514.95,6913593
2021-05-24 15:16:32,514.95,6913740
2021-05-24 15:16:33,514.95,6913919
2021-05-24 15:16:34,514.95,6914030
2021-05-24 15:16:35,515.0,6914769
2021-05-24 15:16:35,515.0,6914769
2021-05-24 15:16:37,515.0,6914982
2021-05-24 15:16:37,514.95,6915164
2021-05-24 15:16:38,515.0,6915304
2021-05-24 15:16:39,514.95,6915740
2021-05-24 15:16:40,515.0,6915841
2021-05-24 15:16:41,515.0,6915901
2021-05-24 15:16:42,515.0,6915987
2021-05-24 15:16:44,515.0,6916328
2021-05-24 15:16:44,515.0,6916329
2021-05-24 15:16:45,514.95,6916539
2021-05-24 15:16:47,515.0,6917456
2021-05-24 15:16:47,514.95,6917471
2021-05-24 15:16:48,514.95,6917826
2021-05-24 15:16:50,515.0,6917869
2021-05-24 15:16:51,514.95,6917962
2021-05-24 15:16:51,515.0,6918028
2021-05-24 15:16:53,515.0,6918258
2021-05-24 15:16:53,515.0,6918258
2021-05-24 15:16:54,515.0,6918268
2021-05-24 15:16:56,515.0,6919734
2021-05-24 15:16:57,514.95,6920575
2021-05-24 15:16:57,514.95,6920585
2021-05-24 15:16:58,514.95,6920585
2021-05-24 15:16:59,514.95,6920585
2021-05-24 15:17:01,515.0,6921840
2021-05-24 15:17:02,514.95,6922962
2021-05-24 15:17:02,515.0,6923432
2021-05-24 15:17:03,514.95,6923609
2021-05-24 15:17:04,514.95,6925629
2021-05-24 15:17:05,515.0,6925763
2021-05-24 15:17:06,514.95,6925765
2021-05-24 15:17:07,514.95,6925836
2021-05-24 15:17:08,514.95,6925836
2021-05-24 15:17:09,515.0,6926716
2021-05-24 15:17:10,515.0,6926724
2021-05-24 15:17:11,514.95,6929946
2021-05-24 15:17:13,514.95,6941871
2021-05-24 15:17:14,514.95,6943613
2021-05-24 15:17:15,515.0,6943813
2021-05-24 15:17:15,514.95,6944167
2021-05-24 15:17:16,515.0,6944268
2021-05-24 15:17:17,515.0,6945273
2021-05-24 15:17:18,514.95,6945378
2021-05-24 15:17:19,515.0,6945992
2021-05-24 15:17:21,514.95,6946796
2021-05-24 15:17:22,514.95,6946829
2021-05-24 15:17:23,515.0,6946963
2021-05-24 15:17:24,515.0,6947254
2021-05-24 15:17:24,515.0,6947355
2021-05-24 15:17:25,514.95,6947357
2021-05-24 15:17:26,514.95,6947682
2021-05-24 15:17:27,515.0,6947743
2021-05-24 15:17:28,514.95,6948745
2021-05-24 15:17:29,515.0,6949208
2021-05-24 15:17:30,514.95,6950551
2021-05-24 15:17:32,515.0,6950785
2021-05-24 15:17:33,515.0,6950923
2021-05-24 15:17:35,515.0,6951515
2021-05-24 15:17:36,515.0,6951579
2021-05-24 15:17:38,514.95,6951851
2021-05-24 15:17:39,514.95,6969045
2021-05-24 15:17:40,514.95,6969073
2021-05-24 15:17:41,515.0,6969075
2021-05-24 15:17:42,515.0,6969076
2021-05-24 15:17:43,514.95,6969328
2021-05-24 15:17:44,515.0,6969942
2021-05-24 15:17:45,515.0,6971093
2021-05-24 15:17:46,515.0,6971174
2021-05-24 15:17:47,514.95,6971372
2021-05-24 15:17:48,514.95,6971429
2021-05-24 15:17:50,515.0,6971975
2021-05-24 15:17:51,514.95,6973678
2021-05-24 15:17:51,515.0,6973793
2021-05-24 15:17:52,514.95,6973919
2021-05-24 15:17:53,514.95,6974028
2021-05-24 15:17:54,515.0,6974419
2021-05-24 15:17:55,514.95,6974434
2021-05-24 15:17:56,515.0,6974541
2021-05-24 15:17:57,514.95,6974650
2021-05-24 15:17:58,515.0,6975055
2021-05-24 15:17:59,515.0,6975593
2021-05-24 15:18:00,515.0,6976737
2021-05-24 15:18:01,514.95,6977146
2021-05-24 15:18:02,515.0,6987424
2021-05-24 15:18:04,515.0,6987754
2021-05-24 15:18:04,515.0,6987883
2021-05-24 15:18:06,515.0,6988533
2021-05-24 15:18:07,515.0,6988755
2021-05-24 15:18:08,515.0,6988760
2021-05-24 15:18:09,514.95,6989251
2021-05-24 15:18:10,515.0,6989378
2021-05-24 15:18:10,515.0,6989378
2021-05-24 15:18:12,514.95,6990156
2021-05-24 15:18:13,514.95,6990267
2021-05-24 15:18:14,515.0,6991182
2021-05-24 15:18:15,515.0,6991182
2021-05-24 15:18:16,514.95,6991203
2021-05-24 15:18:16,514.95,6991203
2021-05-24 15:18:17,515.0,7011475
2021-05-24 15:18:18,514.95,7012190
2021-05-24 15:18:19,514.95,7012835
