timestamp,ltp,volume
2021-06-10 09:16:12,27707.45,0
2021-06-10 09:16:14,27707.25,0
2021-06-10 09:16:16,27706.35,0
2021-06-10 09:16:19,27712.9,0
2021-06-10 09:16:20,27694.85,0
2021-06-10 09:16:22,27681.1,0
2021-06-10 09:16:21,27684.55,0
2021-06-10 09:16:23,27677.0,0
2021-06-10 09:16:24,27683.8,0
2021-06-10 09:16:26,27702.85,0
2021-06-10 09:16:27,27707.7,0
2021-06-10 09:16:29,27705.3,0
2021-06-10 09:16:31,27715.75,0
2021-06-10 09:16:32,27713.9,0
2021-06-10 09:16:33,27720.75,0
2021-06-10 09:16:34,27714.0,0
2021-06-10 09:16:35,27714.75,0
2021-06-10 09:16:36,27712.25,0
2021-06-10 09:16:37,27714.15,0
2021-06-10 09:16:38,27719.9,0
2021-06-10 09:16:39,27719.4,0
2021-06-10 09:16:40,27723.75,0
2021-06-10 09:16:41,27718.55,0
2021-06-10 09:16:42,27720.4,0
2021-06-10 09:16:43,27717.2,0
2021-06-10 09:16:44,27714.85,0
2021-06-10 09:16:45,27717.0,0
2021-06-10 09:16:46,27716.8,0
2021-06-10 09:16:47,27717.6,0
2021-06-10 09:16:48,27715.95,0
2021-06-10 09:16:49,27720.65,0
2021-06-10 09:16:50,27725.3,0
2021-06-10 09:16:51,27731.25,0
2021-06-10 09:16:52,27747.5,0
2021-06-10 09:16:53,27749.65,0
2021-06-10 09:16:54,27740.85,0
2021-06-10 09:16:55,27742.2,0
2021-06-10 09:16:56,27741.6,0
2021-06-10 09:16:57,27742.5,0
2021-06-10 09:16:59,27740.9,0
2021-06-10 09:17:01,27746.0,0
2021-06-10 09:17:02,27750.3,0
2021-06-10 09:17:03,27747.95,0
2021-06-10 09:17:04,27746.65,0
2021-06-10 09:17:05,27746.45,0
2021-06-10 09:17:06,27746.3,0
2021-06-10 09:17:08,27746.6,0
2021-06-10 09:17:09,27747.6,0
2021-06-10 09:17:10,27746.65,0
2021-06-10 09:17:11,27748.3,0
2021-06-10 09:17:12,27748.65,0
2021-06-10 09:17:13,27754.25,0
2021-06-10 09:17:14,27753.4,0
2021-06-10 09:17:15,27752.35,0
2021-06-10 09:17:16,27755.7,0
2021-06-10 09:17:17,27752.1,0
2021-06-10 09:17:18,27759.2,0
2021-06-10 09:17:19,27758.6,0
2021-06-10 09:17:20,27762.45,0
2021-06-10 09:17:21,27761.0,0
2021-06-10 09:17:22,27763.05,0
2021-06-10 09:17:23,27758.8,0
2021-06-10 09:17:24,27760.7,0
2021-06-10 09:17:25,27762.55,0
2021-06-10 09:17:26,27760.5,0
2021-06-10 09:17:27,27761.65,0
2021-06-10 09:17:28,27758.15,0
2021-06-10 09:17:29,27764.4,0
2021-06-10 09:17:30,27762.55,0
2021-06-10 09:17:31,27764.8,0
2021-06-10 09:17:32,27760.8,0
2021-06-10 09:17:33,27762.8,0
2021-06-10 09:17:34,27764.3,0
2021-06-10 09:17:35,27767.0,0
2021-06-10 09:17:36,27766.1,0
2021-06-10 09:17:37,27767.15,0
2021-06-10 09:17:38,27766.15,0
2021-06-10 09:17:39,27768.4,0
2021-06-10 09:17:40,27768.8,0
2021-06-10 09:17:41,27772.9,0
2021-06-10 09:17:42,27769.6,0
2021-06-10 09:17:43,27769.15,0
2021-06-10 09:17:44,27767.4,0
2021-06-10 09:17:45,27767.65,0
2021-06-10 09:17:46,27768.05,0
2021-06-10 09:17:47,27767.8,0
2021-06-10 09:17:48,27769.7,0
2021-06-10 09:17:50,27769.1,0
2021-06-10 09:17:51,27768.25,0
2021-06-10 09:17:52,27771.25,0
2021-06-10 09:17:54,27772.9,0
2021-06-10 09:17:55,27770.95,0
2021-06-10 09:17:56,27773.05,0
2021-06-10 09:17:57,27771.2,0
2021-06-10 09:17:58,27772.0,0
2021-06-10 09:17:59,27777.05,0
2021-06-10 09:18:00,27777.35,0
2021-06-10 09:18:01,27780.25,0
2021-06-10 09:18:02,27779.05,0
2021-06-10 09:18:03,27781.5,0
2021-06-10 09:18:04,27783.0,0
2021-06-10 09:18:05,27780.4,0
2021-06-10 09:18:06,27782.65,0
2021-06-10 09:18:07,27783.1,0
2021-06-10 09:18:08,27784.8,0
2021-06-10 09:18:09,27785.2,0
2021-06-10 09:18:14,27786.6,0
2021-06-10 09:18:16,27791.0,0
2021-06-10 09:18:18,27794.55,0
2021-06-10 09:18:21,27790.4,0
2021-06-10 09:18:23,27791.85,0
2021-06-10 09:18:26,27789.15,0
2021-06-10 09:18:28,27795.1,0
2021-06-10 09:18:30,27796.5,0
2021-06-10 09:18:32,27798.85,0
2021-06-10 09:18:34,27795.35,0
2021-06-10 09:18:36,27797.35,0
2021-06-10 09:18:37,27795.1,0
2021-06-10 09:18:38,27794.0,0
2021-06-10 09:18:39,27794.2,0
2021-06-10 09:18:40,27793.75,0
2021-06-10 09:18:41,27795.05,0
2021-06-10 09:18:42,27794.8,0
2021-06-10 09:18:43,27791.8,0
2021-06-10 09:18:44,27790.7,0
2021-06-10 09:18:45,27786.05,0
2021-06-10 09:18:46,27781.65,0
2021-06-10 09:18:47,27786.0,0
2021-06-10 09:18:48,27784.65,0
2021-06-10 09:18:49,27789.45,0
2021-06-10 09:18:50,27788.35,0
2021-06-10 09:18:51,27790.6,0
2021-06-10 09:18:52,27792.0,0
2021-06-10 09:18:53,27788.9,0
2021-06-10 09:18:54,27789.05,0
2021-06-10 09:18:55,27785.6,0
2021-06-10 09:18:56,27786.65,0
2021-06-10 09:18:57,27788.9,0
2021-06-10 09:18:58,27789.85,0
2021-06-10 09:18:59,27782.25,0
2021-06-10 09:19:00,27784.75,0
2021-06-10 09:19:01,27786.75,0
2021-06-10 09:19:02,27786.75,0
2021-06-10 09:19:03,27791.65,0
2021-06-10 09:19:04,27790.3,0
2021-06-10 09:19:05,27789.4,0
2021-06-10 09:19:06,27787.95,0
2021-06-10 09:19:07,27783.6,0
2021-06-10 09:19:08,27783.6,0
2021-06-10 09:19:09,27784.55,0
2021-06-10 09:19:10,27786.35,0
2021-06-10 09:19:11,27786.5,0
2021-06-10 09:19:12,27787.0,0
2021-06-10 09:19:13,27789.25,0
2021-06-10 09:19:14,27785.5,0
2021-06-10 09:19:15,27784.3,0
2021-06-10 09:19:16,27785.15,0
2021-06-10 09:19:17,27784.15,0
2021-06-10 09:19:18,27784.15,0
2021-06-10 09:19:19,27782.9,0
2021-06-10 09:19:20,27786.2,0
2021-06-10 09:19:21,27788.7,0
2021-06-10 09:19:22,27788.65,0
2021-06-10 09:19:23,27781.0,0
2021-06-10 09:19:24,27784.65,0
2021-06-10 09:19:25,27782.3,0
2021-06-10 09:19:26,27780.15,0
2021-06-10 09:19:27,27779.35,0
2021-06-10 09:19:28,27781.8,0
2021-06-10 09:19:29,27780.7,0
2021-06-10 09:19:30,27780.2,0
2021-06-10 09:19:31,27782.55,0
2021-06-10 09:19:32,27780.45,0
2021-06-10 09:19:33,27780.35,0
2021-06-10 09:19:34,27781.7,0
2021-06-10 09:19:35,27782.4,0
2021-06-10 09:19:36,27780.85,0
2021-06-10 09:19:37,27780.75,0
2021-06-10 09:19:38,27780.8,0
2021-06-10 09:19:39,27783.55,0
2021-06-10 09:19:40,27781.4,0
2021-06-10 09:19:41,27781.95,0
2021-06-10 09:19:42,27782.45,0
2021-06-10 09:19:44,27787.0,0
2021-06-10 09:19:45,27784.0,0
2021-06-10 09:19:46,27785.9,0
2021-06-10 09:19:47,27784.05,0
2021-06-10 09:19:48,27783.05,0
2021-06-10 09:19:49,27780.25,0
2021-06-10 09:19:50,27779.4,0
2021-06-10 09:19:51,27777.35,0
2021-06-10 09:19:52,27780.0,0
2021-06-10 09:19:53,27779.7,0
2021-06-10 09:19:54,27779.2,0
2021-06-10 09:19:55,27780.15,0
2021-06-10 09:19:56,27779.8,0
2021-06-10 09:19:57,27778.1,0
2021-06-10 09:19:58,27778.85,0
2021-06-10 09:19:59,27776.05,0
2021-06-10 09:20:02,27764.6,0
2021-06-10 09:20:03,27762.45,0
2021-06-10 09:20:04,27764.05,0
2021-06-10 09:20:05,27766.1,0
2021-06-10 09:20:06,27767.65,0
2021-06-10 09:20:07,27767.3,0
2021-06-10 09:20:08,27768.85,0
2021-06-10 09:20:09,27768.05,0
2021-06-10 09:20:10,27763.5,0
2021-06-10 09:20:11,27756.7,0
2021-06-10 09:20:12,27767.8,0
2021-06-10 09:20:13,27771.05,0
2021-06-10 09:20:14,27768.25,0
2021-06-10 09:20:15,27771.35,0
2021-06-10 09:20:16,27771.0,0
2021-06-10 09:20:17,27767.2,0
2021-06-10 09:20:18,27765.85,0
2021-06-10 09:20:19,27768.3,0
2021-06-10 09:20:21,27762.7,0
2021-06-10 09:20:22,27763.0,0
2021-06-10 09:20:23,27759.45,0
2021-06-10 09:20:24,27763.4,0
2021-06-10 09:20:26,27760.35,0
2021-06-10 09:20:28,27759.05,0
2021-06-10 09:20:29,27762.05,0
2021-06-10 09:20:30,27765.8,0
2021-06-10 09:20:31,27762.05,0
2021-06-10 09:20:32,27763.55,0
2021-06-10 09:20:33,27760.1,0
2021-06-10 09:20:34,27764.0,0
2021-06-10 09:20:35,27764.0,0
2021-06-10 09:20:36,27765.55,0
2021-06-10 09:20:38,27763.7,0
2021-06-10 09:20:39,27765.65,0
2021-06-10 09:20:41,27766.35,0
2021-06-10 09:20:42,27764.35,0
2021-06-10 09:20:44,27758.4,0
2021-06-10 09:20:45,27758.9,0
2021-06-10 09:20:46,27755.35,0
2021-06-10 09:20:47,27754.25,0
2021-06-10 09:20:48,27754.05,0
2021-06-10 09:20:49,27753.65,0
2021-06-10 09:20:50,27750.25,0
2021-06-10 09:20:52,27747.7,0
2021-06-10 09:20:53,27750.85,0
2021-06-10 09:20:54,27751.4,0
2021-06-10 09:20:55,27744.05,0
2021-06-10 09:20:56,27752.4,0
2021-06-10 09:20:57,27743.65,0
2021-06-10 09:20:58,27747.35,0
2021-06-10 09:21:00,27745.7,0
2021-06-10 09:21:01,27743.0,0
2021-06-10 09:21:03,27740.0,0
2021-06-10 09:21:04,27741.15,0
2021-06-10 09:21:05,27742.5,0
2021-06-10 09:21:06,27737.8,0
2021-06-10 09:21:07,27741.8,0
2021-06-10 09:21:08,27742.25,0
2021-06-10 09:21:09,27744.0,0
2021-06-10 09:21:10,27744.6,0
2021-06-10 09:21:11,27746.4,0
2021-06-10 09:21:12,27747.45,0
2021-06-10 09:21:13,27745.7,0
2021-06-10 09:21:14,27748.8,0
2021-06-10 09:21:15,27748.25,0
2021-06-10 09:21:16,27746.0,0
2021-06-10 09:21:17,27744.65,0
2021-06-10 09:21:18,27743.6,0
2021-06-10 09:21:19,27743.0,0
2021-06-10 09:21:20,27743.6,0
2021-06-10 09:21:21,27743.45,0
2021-06-10 09:21:22,27749.35,0
2021-06-10 09:21:23,27745.7,0
2021-06-10 09:21:24,27745.65,0
2021-06-10 09:21:25,27746.35,0
2021-06-10 09:21:26,27743.2,0
2021-06-10 09:21:27,27743.8,0
2021-06-10 09:21:28,27744.1,0
2021-06-10 09:21:30,27747.5,0
2021-06-10 09:21:31,27748.3,0
2021-06-10 09:21:32,27749.1,0
2021-06-10 09:21:33,27746.6,0
2021-06-10 09:21:35,27745.85,0
2021-06-10 09:21:36,27746.7,0
2021-06-10 09:21:37,27744.25,0
2021-06-10 09:21:38,27742.15,0
2021-06-10 09:21:39,27744.2,0
2021-06-10 09:21:40,27744.15,0
2021-06-10 09:21:41,27745.5,0
2021-06-10 09:21:42,27745.4,0
2021-06-10 09:21:43,27744.35,0
2021-06-10 09:21:44,27741.5,0
2021-06-10 09:21:45,27743.5,0
2021-06-10 09:21:46,27744.95,0
2021-06-10 09:21:47,27736.4,0
2021-06-10 09:21:48,27740.45,0
2021-06-10 09:21:49,27738.95,0
2021-06-10 09:21:50,27744.15,0
2021-06-10 09:21:51,27744.2,0
2021-06-10 09:21:52,27743.65,0
2021-06-10 09:21:53,27742.2,0
2021-06-10 09:21:55,27742.4,0
2021-06-10 09:21:56,27740.25,0
2021-06-10 09:21:57,27737.2,0
2021-06-10 09:21:58,27737.75,0
2021-06-10 09:21:59,27735.65,0
2021-06-10 09:22:00,27736.65,0
2021-06-10 09:22:01,27735.7,0
2021-06-10 09:22:03,27733.55,0
2021-06-10 09:22:04,27735.55,0
2021-06-10 09:22:05,27739.25,0
2021-06-10 09:22:06,27736.2,0
2021-06-10 09:22:07,27734.85,0
2021-06-10 09:22:08,27735.85,0
2021-06-10 09:22:09,27736.05,0
2021-06-10 09:22:10,27735.45,0
2021-06-10 09:22:11,27736.7,0
2021-06-10 09:22:12,27737.3,0
2021-06-10 09:22:13,27735.35,0
2021-06-10 09:22:14,27736.2,0
2021-06-10 09:22:15,27737.3,0
2021-06-10 09:22:16,27737.05,0
2021-06-10 09:22:17,27738.6,0
2021-06-10 09:22:18,27737.1,0
2021-06-10 09:22:19,27729.65,0
2021-06-10 09:22:20,27733.4,0
2021-06-10 09:22:21,27728.1,0
2021-06-10 09:22:22,27727.45,0
2021-06-10 09:22:23,27730.2,0
2021-06-10 09:22:24,27729.8,0
2021-06-10 09:22:25,27730.15,0
2021-06-10 09:22:26,27727.25,0
2021-06-10 09:22:27,27727.15,0
2021-06-10 09:22:28,27726.6,0
2021-06-10 09:22:29,27726.8,0
2021-06-10 09:22:31,27722.8,0
2021-06-10 09:22:32,27722.25,0
2021-06-10 09:22:33,27724.85,0
2021-06-10 09:22:34,27728.7,0
2021-06-10 09:22:37,27731.4,0
2021-06-10 09:22:38,27736.35,0
2021-06-10 09:22:39,27733.4,0
2021-06-10 09:22:41,27733.95,0
2021-06-10 09:22:42,27732.9,0
2021-06-10 09:22:43,27734.85,0
2021-06-10 09:22:44,27736.2,0
2021-06-10 09:22:45,27736.95,0
2021-06-10 09:22:46,27735.95,0
2021-06-10 09:22:47,27733.4,0
2021-06-10 09:22:48,27732.05,0
2021-06-10 09:22:49,27735.3,0
2021-06-10 09:22:50,27734.1,0
2021-06-10 09:22:51,27737.95,0
2021-06-10 09:22:52,27737.9,0
2021-06-10 09:22:53,27734.8,0
2021-06-10 09:22:54,27733.35,0
2021-06-10 09:22:56,27732.5,0
2021-06-10 09:22:58,27732.6,0
2021-06-10 09:22:59,27734.65,0
2021-06-10 09:23:00,27731.35,0
2021-06-10 09:23:01,27732.1,0
2021-06-10 09:23:02,27732.45,0
2021-06-10 09:23:03,27733.35,0
2021-06-10 09:23:04,27733.95,0
2021-06-10 09:23:05,27733.65,0
2021-06-10 09:23:06,27737.9,0
2021-06-10 09:23:07,27742.4,0
2021-06-10 09:23:08,27737.7,0
2021-06-10 09:23:09,27737.0,0
2021-06-10 09:23:10,27742.4,0
2021-06-10 09:23:11,27739.25,0
2021-06-10 09:23:12,27738.8,0
2021-06-10 09:23:13,27739.6,0
2021-06-10 09:23:15,27741.95,0
2021-06-10 09:23:16,27741.0,0
2021-06-10 09:23:17,27740.1,0
2021-06-10 09:23:18,27740.15,0
2021-06-10 09:23:19,27740.9,0
2021-06-10 09:23:20,27741.9,0
2021-06-10 09:23:22,27745.65,0
2021-06-10 09:23:23,27742.45,0
2021-06-10 09:23:24,27741.5,0
2021-06-10 09:23:25,27742.55,0
2021-06-10 09:23:26,27742.2,0
2021-06-10 09:23:27,27744.35,0
2021-06-10 09:23:29,27745.2,0
2021-06-10 09:23:30,27743.45,0
2021-06-10 09:23:31,27743.7,0
2021-06-10 09:23:32,27744.4,0
2021-06-10 09:23:33,27744.35,0
2021-06-10 09:23:34,27746.05,0
2021-06-10 09:23:36,27738.8,0
2021-06-10 09:23:37,27738.85,0
2021-06-10 09:23:38,27738.05,0
2021-06-10 09:23:40,27738.3,0
2021-06-10 09:23:41,27738.4,0
2021-06-10 09:23:42,27742.05,0
2021-06-10 09:23:44,27742.65,0
2021-06-10 09:23:45,27741.3,0
2021-06-10 09:23:46,27740.5,0
2021-06-10 09:23:47,27739.45,0
2021-06-10 09:23:48,27739.05,0
2021-06-10 09:23:49,27738.8,0
2021-06-10 09:23:51,27739.45,0
2021-06-10 09:23:52,27740.4,0
2021-06-10 09:23:53,27740.55,0
2021-06-10 09:23:54,27740.15,0
2021-06-10 09:23:56,27740.8,0
2021-06-10 09:23:57,27738.9,0
2021-06-10 09:23:58,27738.8,0
2021-06-10 09:23:59,27740.75,0
2021-06-10 09:24:01,27737.0,0
2021-06-10 09:24:02,27739.7,0
2021-06-10 09:24:03,27739.1,0
2021-06-10 09:24:06,27738.35,0
2021-06-10 09:24:07,27738.35,0
2021-06-10 09:24:08,27739.15,0
2021-06-10 09:24:10,27741.25,0
2021-06-10 09:24:11,27741.45,0
2021-06-10 09:24:12,27744.5,0
2021-06-10 09:24:13,27746.2,0
2021-06-10 09:24:14,27747.1,0
2021-06-10 09:24:15,27750.7,0
2021-06-10 09:24:16,27750.75,0
2021-06-10 09:24:17,27754.15,0
2021-06-10 09:24:19,27756.0,0
2021-06-10 09:24:21,27757.45,0
2021-06-10 09:24:22,27755.9,0
2021-06-10 09:24:25,27757.05,0
2021-06-10 09:24:26,27758.8,0
2021-06-10 09:24:27,27758.7,0
2021-06-10 09:24:28,27755.35,0
2021-06-10 09:24:30,27758.7,0
2021-06-10 09:24:31,27756.75,0
2021-06-10 09:24:32,27754.65,0
2021-06-10 09:24:33,27755.35,0
2021-06-10 09:24:34,27756.1,0
2021-06-10 09:24:35,27755.3,0
2021-06-10 09:24:36,27759.05,0
2021-06-10 09:24:38,27756.6,0
2021-06-10 09:24:39,27760.85,0
2021-06-10 09:24:40,27759.15,0
2021-06-10 09:24:41,27758.1,0
2021-06-10 09:24:42,27759.65,0
2021-06-10 09:24:44,27759.6,0
2021-06-10 09:24:46,27761.4,0
2021-06-10 09:24:48,27760.85,0
2021-06-10 09:24:49,27763.35,0
2021-06-10 09:24:50,27760.1,0
2021-06-10 09:24:51,27759.6,0
2021-06-10 09:24:53,27757.85,0
2021-06-10 09:24:54,27760.4,0
2021-06-10 09:24:55,27753.4,0
2021-06-10 09:24:56,27755.55,0
2021-06-10 09:24:57,27757.3,0
2021-06-10 09:24:58,27757.25,0
2021-06-10 09:24:59,27749.15,0
2021-06-10 09:25:00,27752.15,0
2021-06-10 09:25:01,27750.8,0
2021-06-10 09:25:02,27746.85,0
2021-06-10 09:25:03,27752.9,0
2021-06-10 09:25:04,27753.15,0
2021-06-10 09:25:05,27752.7,0
2021-06-10 09:25:06,27750.8,0
2021-06-10 09:25:07,27753.25,0
2021-06-10 09:25:08,27754.6,0
2021-06-10 09:25:09,27751.85,0
2021-06-10 09:25:10,27752.5,0
2021-06-10 09:25:11,27755.1,0
2021-06-10 09:25:12,27755.25,0
2021-06-10 09:25:14,27759.05,0
2021-06-10 09:25:16,27756.65,0
2021-06-10 09:25:17,27759.65,0
2021-06-10 09:25:18,27758.15,0
2021-06-10 09:25:19,27759.25,0
2021-06-10 09:25:20,27756.95,0
2021-06-10 09:25:21,27757.75,0
2021-06-10 09:25:22,27758.15,0
2021-06-10 09:25:23,27759.5,0
2021-06-10 09:25:24,27757.55,0
2021-06-10 09:25:25,27754.65,0
2021-06-10 09:25:26,27754.65,0
2021-06-10 09:25:27,27757.35,0
2021-06-10 09:25:28,27758.55,0
2021-06-10 09:25:29,27757.25,0
2021-06-10 09:25:30,27758.05,0
2021-06-10 09:25:31,27754.15,0
2021-06-10 09:25:33,27755.5,0
2021-06-10 09:25:34,27754.75,0
2021-06-10 09:25:35,27754.2,0
2021-06-10 09:25:36,27750.7,0
2021-06-10 09:25:37,27754.6,0
2021-06-10 09:25:39,27755.3,0
2021-06-10 09:25:40,27752.85,0
2021-06-10 09:25:41,27754.35,0
2021-06-10 09:25:42,27752.5,0
2021-06-10 09:25:43,27753.9,0
2021-06-10 09:25:44,27754.15,0
2021-06-10 09:25:45,27756.15,0
2021-06-10 09:25:46,27750.15,0
2021-06-10 09:25:47,27745.65,0
2021-06-10 09:25:48,27745.8,0
2021-06-10 09:25:49,27741.2,0
2021-06-10 09:25:50,27745.5,0
2021-06-10 09:25:51,27741.9,0
2021-06-10 09:25:52,27740.5,0
2021-06-10 09:25:53,27744.5,0
2021-06-10 09:25:54,27745.05,0
2021-06-10 09:25:55,27742.85,0
2021-06-10 09:25:57,27742.15,0
2021-06-10 09:25:58,27742.95,0
2021-06-10 09:25:59,27741.95,0
2021-06-10 09:26:00,27737.85,0
2021-06-10 09:26:01,27740.05,0
2021-06-10 09:26:02,27733.35,0
2021-06-10 09:26:03,27736.25,0
2021-06-10 09:26:04,27734.45,0
2021-06-10 09:26:05,27733.0,0
2021-06-10 09:26:06,27730.45,0
2021-06-10 09:26:07,27733.75,0
2021-06-10 09:26:08,27733.15,0
2021-06-10 09:26:09,27732.0,0
2021-06-10 09:26:10,27730.9,0
2021-06-10 09:26:11,27732.05,0
2021-06-10 09:26:12,27731.55,0
2021-06-10 09:26:13,27732.3,0
2021-06-10 09:26:14,27734.15,0
2021-06-10 09:26:15,27733.05,0
2021-06-10 09:26:16,27734.5,0
2021-06-10 09:26:17,27736.25,0
2021-06-10 09:26:18,27735.95,0
2021-06-10 09:26:19,27735.6,0
2021-06-10 09:26:20,27733.75,0
2021-06-10 09:26:21,27734.2,0
2021-06-10 09:26:22,27734.35,0
2021-06-10 09:26:23,27734.7,0
2021-06-10 09:26:24,27733.85,0
2021-06-10 09:26:26,27733.3,0
2021-06-10 09:26:27,27732.25,0
2021-06-10 09:26:28,27730.35,0
2021-06-10 09:26:29,27732.05,0
2021-06-10 09:26:30,27730.7,0
2021-06-10 09:26:31,27732.15,0
2021-06-10 09:26:32,27729.4,0
2021-06-10 09:26:33,27731.85,0
2021-06-10 09:26:34,27729.2,0
2021-06-10 09:26:35,27729.35,0
2021-06-10 09:26:36,27730.55,0
2021-06-10 09:26:37,27731.65,0
2021-06-10 09:26:38,27731.5,0
2021-06-10 09:26:39,27732.55,0
2021-06-10 09:26:40,27732.25,0
2021-06-10 09:26:44,27732.95,0
2021-06-10 09:26:45,27732.25,0
2021-06-10 09:26:47,27732.7,0
2021-06-10 09:26:48,27730.4,0
2021-06-10 09:26:49,27728.0,0
2021-06-10 09:26:52,27712.25,0
2021-06-10 09:26:53,27712.25,0
2021-06-10 09:26:54,27705.15,0
2021-06-10 09:26:55,27704.15,0
2021-06-10 09:26:56,27700.0,0
2021-06-10 09:26:57,27704.8,0
2021-06-10 09:26:58,27701.85,0
2021-06-10 09:26:59,27701.25,0
2021-06-10 09:27:00,27704.2,0
2021-06-10 09:27:01,27703.05,0
2021-06-10 09:27:02,27697.65,0
2021-06-10 09:27:03,27699.5,0
2021-06-10 09:27:04,27695.75,0
2021-06-10 09:27:05,27696.0,0
2021-06-10 09:27:06,27692.4,0
2021-06-10 09:27:07,27692.7,0
2021-06-10 09:27:08,27696.7,0
2021-06-10 09:27:09,27697.8,0
2021-06-10 09:27:10,27698.2,0
2021-06-10 09:27:11,27699.85,0
2021-06-10 09:27:12,27697.75,0
2021-06-10 09:27:13,27695.85,0
2021-06-10 09:27:14,27698.95,0
2021-06-10 09:27:16,27698.05,0
2021-06-10 09:27:17,27697.1,0
2021-06-10 09:27:19,27696.2,0
2021-06-10 09:27:20,27697.35,0
2021-06-10 09:27:21,27694.35,0
2021-06-10 09:27:22,27694.35,0
2021-06-10 09:27:23,27693.45,0
2021-06-10 09:27:24,27695.6,0
2021-06-10 09:27:25,27693.6,0
2021-06-10 09:27:26,27691.85,0
2021-06-10 09:27:27,27695.6,0
2021-06-10 09:27:28,27695.55,0
2021-06-10 09:27:30,27689.25,0
2021-06-10 09:27:32,27690.5,0
2021-06-10 09:27:33,27691.8,0
2021-06-10 09:27:34,27692.75,0
2021-06-10 09:27:35,27692.85,0
2021-06-10 09:27:36,27691.3,0
2021-06-10 09:27:37,27691.25,0
2021-06-10 09:27:39,27695.8,0
2021-06-10 09:27:40,27696.95,0
2021-06-10 09:27:41,27693.45,0
2021-06-10 09:27:42,27694.2,0
2021-06-10 09:27:43,27691.95,0
2021-06-10 09:27:44,27693.0,0
2021-06-10 09:27:45,27694.15,0
2021-06-10 09:27:46,27694.25,0
2021-06-10 09:27:47,27693.4,0
2021-06-10 09:27:48,27692.45,0
2021-06-10 09:27:49,27694.4,0
2021-06-10 09:27:50,27694.5,0
2021-06-10 09:27:51,27689.4,0
2021-06-10 09:27:52,27692.65,0
2021-06-10 09:27:53,27694.15,0
2021-06-10 09:27:54,27691.2,0
2021-06-10 09:27:56,27689.4,0
2021-06-10 09:27:57,27689.5,0
2021-06-10 09:27:58,27691.75,0
2021-06-10 09:27:59,27692.65,0
2021-06-10 09:28:00,27688.65,0
2021-06-10 09:28:02,27690.15,0
2021-06-10 09:28:03,27689.8,0
2021-06-10 09:28:04,27690.0,0
2021-06-10 09:28:05,27689.2,0
2021-06-10 09:28:06,27686.0,0
2021-06-10 09:28:07,27685.85,0
2021-06-10 09:28:08,27684.1,0
2021-06-10 09:28:09,27685.05,0
2021-06-10 09:28:10,27686.15,0
2021-06-10 09:28:11,27687.15,0
2021-06-10 09:28:12,27687.15,0
2021-06-10 09:28:14,27686.95,0
2021-06-10 09:28:16,27688.25,0
2021-06-10 09:28:17,27688.55,0
2021-06-10 09:28:19,27687.75,0
2021-06-10 09:28:20,27689.7,0
2021-06-10 09:28:21,27687.6,0
2021-06-10 09:28:22,27689.45,0
2021-06-10 09:28:23,27690.6,0
2021-06-10 09:28:24,27691.1,0
2021-06-10 09:28:25,27694.0,0
2021-06-10 09:28:26,27690.95,0
2021-06-10 09:28:27,27691.3,0
2021-06-10 09:28:29,27691.2,0
2021-06-10 09:28:31,27691.25,0
2021-06-10 09:28:32,27691.85,0
2021-06-10 09:28:33,27691.55,0
2021-06-10 09:28:35,27689.2,0
2021-06-10 09:28:36,27690.6,0
2021-06-10 09:28:37,27690.2,0
2021-06-10 09:28:38,27690.2,0
2021-06-10 09:28:39,27690.15,0
2021-06-10 09:28:40,27691.1,0
2021-06-10 09:28:41,27692.0,0
2021-06-10 09:28:42,27693.3,0
2021-06-10 09:28:43,27691.65,0
2021-06-10 09:28:44,27692.85,0
2021-06-10 09:28:45,27692.05,0
2021-06-10 09:28:46,27694.05,0
2021-06-10 09:28:47,27694.5,0
2021-06-10 09:28:48,27695.35,0
2021-06-10 09:28:49,27693.75,0
2021-06-10 09:28:50,27694.5,0
2021-06-10 09:28:51,27697.3,0
2021-06-10 09:28:52,27697.35,0
2021-06-10 09:28:53,27698.15,0
2021-06-10 09:28:54,27697.55,0
2021-06-10 09:28:56,27699.15,0
2021-06-10 09:28:57,27697.3,0
2021-06-10 09:28:58,27697.95,0
2021-06-10 09:28:59,27698.05,0
2021-06-10 09:29:00,27698.95,0
2021-06-10 09:29:01,27699.75,0
2021-06-10 09:29:02,27701.5,0
2021-06-10 09:29:03,27700.6,0
2021-06-10 09:29:05,27703.0,0
2021-06-10 09:29:06,27705.45,0
2021-06-10 09:29:07,27707.05,0
2021-06-10 09:29:08,27706.65,0
2021-06-10 09:29:09,27706.55,0
2021-06-10 09:29:10,27706.1,0
2021-06-10 09:29:11,27707.85,0
2021-06-10 09:29:12,27707.45,0
2021-06-10 09:29:13,27707.45,0
2021-06-10 09:29:14,27708.95,0
2021-06-10 09:29:15,27708.9,0
2021-06-10 09:29:16,27710.65,0
2021-06-10 09:29:17,27714.0,0
2021-06-10 09:29:18,27716.1,0
2021-06-10 09:29:19,27715.35,0
2021-06-10 09:29:20,27714.4,0
2021-06-10 09:29:21,27714.4,0
2021-06-10 09:29:22,27712.55,0
2021-06-10 09:29:23,27714.2,0
2021-06-10 09:29:24,27713.05,0
2021-06-10 09:29:25,27711.65,0
2021-06-10 09:29:26,27713.65,0
2021-06-10 09:29:27,27711.95,0
2021-06-10 09:29:28,27713.55,0
2021-06-10 09:29:29,27714.15,0
2021-06-10 09:29:30,27713.8,0
2021-06-10 09:29:31,27711.6,0
2021-06-10 09:29:32,27712.45,0
2021-06-10 09:29:33,27712.85,0
2021-06-10 09:29:34,27714.25,0
2021-06-10 09:29:35,27716.4,0
2021-06-10 09:29:36,27714.05,0
2021-06-10 09:29:37,27715.95,0
2021-06-10 09:29:38,27717.4,0
2021-06-10 09:29:39,27717.35,0
2021-06-10 09:29:40,27716.0,0
2021-06-10 09:29:41,27717.1,0
2021-06-10 09:29:42,27718.35,0
2021-06-10 09:29:43,27718.3,0
2021-06-10 09:29:44,27717.4,0
2021-06-10 09:29:45,27718.1,0
2021-06-10 09:29:46,27717.35,0
2021-06-10 09:29:47,27717.85,0
2021-06-10 09:29:48,27718.3,0
2021-06-10 09:29:49,27717.45,0
2021-06-10 09:29:50,27718.25,0
2021-06-10 09:29:51,27716.9,0
2021-06-10 09:29:52,27717.25,0
2021-06-10 09:29:55,27718.05,0
2021-06-10 09:29:56,27719.25,0
2021-06-10 09:29:57,27717.15,0
2021-06-10 09:29:58,27711.3,0
2021-06-10 09:29:59,27709.7,0
2021-06-10 09:30:01,27706.85,0
2021-06-10 09:30:02,27710.2,0
2021-06-10 09:30:03,27710.4,0
2021-06-10 09:30:04,27706.45,0
2021-06-10 09:30:06,27712.05,0
2021-06-10 09:30:08,27710.1,0
2021-06-10 09:30:09,27712.1,0
2021-06-10 09:30:10,27710.05,0
2021-06-10 09:30:11,27709.8,0
2021-06-10 09:30:12,27707.35,0
2021-06-10 09:30:13,27708.85,0
2021-06-10 09:30:14,27706.25,0
2021-06-10 09:30:15,27707.65,0
2021-06-10 09:30:16,27705.5,0
2021-06-10 09:30:17,27705.95,0
2021-06-10 09:30:19,27706.45,0
2021-06-10 09:30:21,27708.7,0
2021-06-10 09:30:22,27710.05,0
2021-06-10 09:30:24,27709.5,0
2021-06-10 09:30:25,27709.4,0
2021-06-10 09:30:26,27710.15,0
2021-06-10 09:30:27,27709.85,0
2021-06-10 09:30:28,27710.15,0
2021-06-10 09:30:29,27708.45,0
2021-06-10 09:30:30,27708.05,0
2021-06-10 09:30:31,27709.35,0
2021-06-10 09:30:32,27708.7,0
2021-06-10 09:30:33,27708.65,0
2021-06-10 09:30:34,27707.5,0
2021-06-10 09:30:35,27709.15,0
2021-06-10 09:30:36,27707.7,0
2021-06-10 09:30:37,27706.05,0
2021-06-10 09:30:38,27698.75,0
2021-06-10 09:30:39,27703.75,0
2021-06-10 09:30:40,27700.6,0
2021-06-10 09:30:42,27702.85,0
2021-06-10 09:30:43,27699.75,0
2021-06-10 09:30:44,27702.75,0
2021-06-10 09:30:45,27701.5,0
2021-06-10 09:30:47,27701.55,0
2021-06-10 09:30:48,27699.95,0
2021-06-10 09:30:49,27698.05,0
2021-06-10 09:30:50,27698.45,0
2021-06-10 09:30:51,27697.85,0
2021-06-10 09:30:53,27693.55,0
2021-06-10 09:30:54,27693.8,0
2021-06-10 09:30:55,27690.95,0
2021-06-10 09:30:56,27691.2,0
2021-06-10 09:30:58,27693.05,0
2021-06-10 09:30:59,27696.45,0
2021-06-10 09:31:01,27693.75,0
2021-06-10 09:31:02,27691.8,0
2021-06-10 09:31:04,27696.25,0
2021-06-10 09:31:05,27694.25,0
2021-06-10 09:31:06,27695.0,0
2021-06-10 09:31:07,27691.15,0
2021-06-10 09:31:08,27692.8,0
2021-06-10 09:31:10,27692.4,0
2021-06-10 09:31:11,27692.4,0
2021-06-10 09:31:12,27691.95,0
2021-06-10 09:31:13,27693.9,0
2021-06-10 09:31:16,27693.35,0
2021-06-10 09:31:17,27693.55,0
2021-06-10 09:31:18,27695.6,0
2021-06-10 09:31:19,27695.6,0
2021-06-10 09:31:20,27696.75,0
2021-06-10 09:31:21,27696.75,0
2021-06-10 09:31:22,27698.4,0
2021-06-10 09:31:23,27697.25,0
2021-06-10 09:31:24,27697.25,0
2021-06-10 09:31:25,27696.3,0
2021-06-10 09:31:27,27696.3,0
2021-06-10 09:31:28,27694.65,0
2021-06-10 09:31:29,27694.65,0
2021-06-10 09:31:30,27696.6,0
2021-06-10 09:31:31,27692.3,0
2021-06-10 09:31:32,27694.0,0
2021-06-10 09:31:34,27693.25,0
2021-06-10 09:31:35,27693.7,0
2021-06-10 09:31:36,27692.75,0
2021-06-10 09:31:37,27691.85,0
2021-06-10 09:31:38,27693.9,0
2021-06-10 09:31:39,27692.4,0
2021-06-10 09:31:40,27691.2,0
2021-06-10 09:31:41,27690.55,0
2021-06-10 09:31:42,27691.5,0
2021-06-10 09:31:43,27690.0,0
2021-06-10 09:31:44,27689.9,0
2021-06-10 09:31:45,27692.15,0
2021-06-10 09:31:46,27691.95,0
2021-06-10 09:31:47,27691.7,0
2021-06-10 09:31:48,27692.3,0
2021-06-10 09:31:49,27693.55,0
2021-06-10 09:31:50,27694.75,0
2021-06-10 09:31:51,27694.25,0
2021-06-10 09:31:52,27692.5,0
2021-06-10 09:31:53,27692.45,0
2021-06-10 09:31:55,27692.85,0
2021-06-10 09:31:56,27693.1,0
2021-06-10 09:31:57,27689.65,0
2021-06-10 09:31:58,27688.15,0
2021-06-10 09:31:59,27686.05,0
2021-06-10 09:32:00,27687.65,0
2021-06-10 09:32:01,27687.3,0
2021-06-10 09:32:02,27684.4,0
2021-06-10 09:32:03,27682.7,0
2021-06-10 09:32:05,27682.95,0
2021-06-10 09:32:07,27684.15,0
2021-06-10 09:32:08,27685.2,0
2021-06-10 09:32:09,27685.5,0
2021-06-10 09:32:10,27684.55,0
2021-06-10 09:32:11,27686.2,0
2021-06-10 09:32:14,27684.45,0
2021-06-10 09:32:15,27685.25,0
2021-06-10 09:32:16,27684.55,0
2021-06-10 09:32:17,27685.7,0
2021-06-10 09:32:18,27685.6,0
2021-06-10 09:32:19,27686.05,0
2021-06-10 09:32:20,27684.0,0
2021-06-10 09:32:21,27683.45,0
2021-06-10 09:32:22,27684.1,0
2021-06-10 09:32:23,27685.05,0
2021-06-10 09:32:24,27680.85,0
2021-06-10 09:32:25,27677.0,0
2021-06-10 09:32:26,27676.75,0
2021-06-10 09:32:27,27675.15,0
2021-06-10 09:32:28,27676.75,0
2021-06-10 09:32:29,27676.95,0
2021-06-10 09:32:30,27678.3,0
2021-06-10 09:32:31,27673.35,0
2021-06-10 09:32:32,27678.2,0
2021-06-10 09:32:33,27675.8,0
2021-06-10 09:32:34,27677.5,0
2021-06-10 09:32:35,27679.4,0
2021-06-10 09:32:36,27676.6,0
2021-06-10 09:32:37,27677.15,0
2021-06-10 09:32:38,27674.1,0
2021-06-10 09:32:39,27677.3,0
2021-06-10 09:32:40,27676.05,0
2021-06-10 09:32:41,27675.8,0
2021-06-10 09:32:42,27677.05,0
2021-06-10 09:32:43,27677.2,0
2021-06-10 09:32:44,27677.95,0
2021-06-10 09:32:45,27676.9,0
2021-06-10 09:32:47,27675.35,0
2021-06-10 09:32:48,27677.65,0
2021-06-10 09:32:49,27675.1,0
2021-06-10 09:32:50,27674.55,0
2021-06-10 09:32:51,27675.05,0
2021-06-10 09:32:52,27676.1,0
2021-06-10 09:32:53,27677.25,0
2021-06-10 09:32:54,27674.45,0
2021-06-10 09:32:55,27674.0,0
2021-06-10 09:32:56,27675.6,0
2021-06-10 09:32:57,27676.4,0
2021-06-10 09:32:58,27675.9,0
2021-06-10 09:33:00,27678.75,0
2021-06-10 09:33:01,27679.1,0
2021-06-10 09:33:03,27676.2,0
2021-06-10 09:33:04,27675.65,0
2021-06-10 09:33:05,27675.45,0
2021-06-10 09:33:06,27681.0,0
2021-06-10 09:33:07,27682.35,0
2021-06-10 09:33:08,27685.9,0
2021-06-10 09:33:11,27689.75,0
2021-06-10 09:33:13,27688.45,0
2021-06-10 09:33:14,27691.55,0
2021-06-10 09:33:15,27688.35,0
2021-06-10 09:33:16,27690.8,0
2021-06-10 09:33:17,27688.15,0
2021-06-10 09:33:18,27690.15,0
2021-06-10 09:33:19,27692.75,0
2021-06-10 09:33:20,27693.85,0
2021-06-10 09:33:22,27690.45,0
2021-06-10 09:33:24,27693.6,0
2021-06-10 09:33:25,27694.95,0
2021-06-10 09:33:26,27695.65,0
2021-06-10 09:33:28,27697.05,0
2021-06-10 09:33:29,27697.3,0
2021-06-10 09:33:30,27696.85,0
2021-06-10 09:33:31,27696.0,0
2021-06-10 09:33:32,27695.6,0
2021-06-10 09:33:33,27695.4,0
2021-06-10 09:33:34,27696.55,0
2021-06-10 09:33:35,27697.0,0
2021-06-10 09:33:36,27696.45,0
2021-06-10 09:33:38,27698.7,0
2021-06-10 09:33:39,27699.3,0
2021-06-10 09:33:40,27699.95,0
2021-06-10 09:33:41,27697.5,0
2021-06-10 09:33:43,27696.5,0
2021-06-10 09:33:42,27695.65,0
2021-06-10 09:33:44,27697.5,0
2021-06-10 09:33:45,27697.0,0
2021-06-10 09:33:46,27698.2,0
2021-06-10 09:33:48,27698.45,0
2021-06-10 09:33:49,27698.65,0
2021-06-10 09:33:50,27699.1,0
2021-06-10 09:33:51,27699.7,0
2021-06-10 09:33:53,27701.25,0
2021-06-10 09:33:55,27701.6,0
2021-06-10 09:33:56,27701.35,0
2021-06-10 09:33:58,27700.8,0
2021-06-10 09:34:00,27702.2,0
2021-06-10 09:34:01,27702.75,0
2021-06-10 09:34:02,27703.3,0
2021-06-10 09:34:03,27701.2,0
2021-06-10 09:34:04,27702.65,0
2021-06-10 09:34:05,27704.2,0
2021-06-10 09:34:06,27707.05,0
2021-06-10 09:34:07,27706.95,0
2021-06-10 09:34:08,27706.85,0
2021-06-10 09:34:09,27709.95,0
2021-06-10 09:34:10,27712.85,0
2021-06-10 09:34:11,27711.05,0
2021-06-10 09:34:12,27712.05,0
2021-06-10 09:34:13,27712.3,0
2021-06-10 09:34:14,27711.4,0
2021-06-10 09:34:16,27712.7,0
2021-06-10 09:34:17,27714.7,0
2021-06-10 09:34:18,27714.25,0
2021-06-10 09:34:19,27713.25,0
2021-06-10 09:34:21,27714.7,0
2021-06-10 09:34:23,27717.5,0
2021-06-10 09:34:24,27716.1,0
2021-06-10 09:34:25,27718.5,0
2021-06-10 09:34:26,27719.4,0
2021-06-10 09:34:27,27717.8,0
2021-06-10 09:34:28,27716.2,0
2021-06-10 09:34:29,27718.35,0
2021-06-10 09:34:30,27718.15,0
2021-06-10 09:34:31,27718.3,0
2021-06-10 09:34:32,27718.1,0
2021-06-10 09:34:33,27719.1,0
2021-06-10 09:34:34,27719.35,0
2021-06-10 09:34:35,27720.85,0
2021-06-10 09:34:36,27718.95,0
2021-06-10 09:34:37,27720.75,0
2021-06-10 09:34:38,27719.35,0
2021-06-10 09:34:39,27722.1,0
2021-06-10 09:34:40,27720.55,0
2021-06-10 09:34:41,27720.9,0
2021-06-10 09:34:42,27722.7,0
2021-06-10 09:34:43,27723.9,0
2021-06-10 09:34:45,27723.7,0
2021-06-10 09:34:46,27722.4,0
2021-06-10 09:34:47,27723.6,0
2021-06-10 09:34:48,27724.45,0
2021-06-10 09:34:50,27723.1,0
2021-06-10 09:34:51,27721.8,0
2021-06-10 09:34:52,27723.6,0
2021-06-10 09:34:53,27721.1,0
2021-06-10 09:34:54,27721.3,0
2021-06-10 09:34:55,27722.45,0
2021-06-10 09:34:57,27721.3,0
2021-06-10 09:34:58,27720.5,0
2021-06-10 09:34:59,27720.7,0
2021-06-10 09:35:00,27720.95,0
2021-06-10 09:35:01,27718.2,0
2021-06-10 09:35:02,27719.1,0
2021-06-10 09:35:03,27720.6,0
2021-06-10 09:35:04,27719.45,0
2021-06-10 09:35:05,27721.4,0
2021-06-10 09:35:06,27724.85,0
2021-06-10 09:35:07,27724.6,0
2021-06-10 09:35:08,27725.0,0
2021-06-10 09:35:09,27724.25,0
2021-06-10 09:35:10,27725.0,0
2021-06-10 09:35:11,27722.95,0
2021-06-10 09:35:12,27724.9,0
2021-06-10 09:35:13,27724.6,0
2021-06-10 09:35:14,27725.2,0
2021-06-10 09:35:15,27725.7,0
2021-06-10 09:35:16,27724.2,0
2021-06-10 09:35:18,27727.95,0
2021-06-10 09:35:19,27726.4,0
2021-06-10 09:35:20,27727.05,0
2021-06-10 09:35:22,27728.55,0
2021-06-10 09:35:23,27727.55,0
2021-06-10 09:35:25,27726.8,0
2021-06-10 09:35:27,27725.95,0
2021-06-10 09:35:28,27725.4,0
2021-06-10 09:35:29,27726.25,0
2021-06-10 09:35:30,27725.25,0
2021-06-10 09:35:31,27724.4,0
2021-06-10 09:35:32,27726.6,0
2021-06-10 09:35:33,27726.45,0
2021-06-10 09:35:35,27723.9,0
2021-06-10 09:35:36,27720.15,0
2021-06-10 09:35:38,27720.75,0
2021-06-10 09:35:39,27719.55,0
2021-06-10 09:35:40,27720.7,0
2021-06-10 09:35:41,27721.05,0
2021-06-10 09:35:42,27722.65,0
2021-06-10 09:35:43,27720.4,0
2021-06-10 09:35:45,27720.2,0
2021-06-10 09:35:46,27718.5,0
2021-06-10 09:35:47,27719.25,0
2021-06-10 09:35:48,27719.25,0
2021-06-10 09:35:49,27717.35,0
2021-06-10 09:35:50,27720.4,0
2021-06-10 09:35:51,27717.35,0
2021-06-10 09:35:52,27716.75,0
2021-06-10 09:35:53,27716.7,0
2021-06-10 09:35:55,27716.3,0
2021-06-10 09:35:56,27718.1,0
2021-06-10 09:35:57,27716.9,0
2021-06-10 09:35:58,27716.25,0
2021-06-10 09:35:59,27715.8,0
2021-06-10 09:36:00,27717.8,0
2021-06-10 09:36:01,27716.55,0
2021-06-10 09:36:02,27714.85,0
2021-06-10 09:36:03,27715.25,0
2021-06-10 09:36:04,27717.05,0
2021-06-10 09:36:05,27716.8,0
2021-06-10 09:36:06,27716.75,0
2021-06-10 09:36:07,27717.25,0
2021-06-10 09:36:08,27717.6,0
2021-06-10 09:36:09,27716.95,0
2021-06-10 09:36:10,27716.8,0
2021-06-10 09:36:11,27716.5,0
2021-06-10 09:36:12,27717.55,0
2021-06-10 09:36:13,27714.5,0
2021-06-10 09:36:14,27715.0,0
2021-06-10 09:36:15,27715.0,0
2021-06-10 09:36:16,27718.9,0
2021-06-10 09:36:17,27717.6,0
2021-06-10 09:36:18,27716.85,0
2021-06-10 09:36:19,27716.4,0
2021-06-10 09:36:20,27717.25,0
2021-06-10 09:36:21,27718.7,0
2021-06-10 09:36:22,27717.55,0
2021-06-10 09:36:23,27718.1,0
2021-06-10 09:36:24,27718.55,0
2021-06-10 09:36:25,27719.55,0
2021-06-10 09:36:26,27709.55,0
2021-06-10 09:36:27,27708.7,0
2021-06-10 09:36:28,27709.3,0
2021-06-10 09:36:30,27713.3,0
2021-06-10 09:36:31,27712.25,0
2021-06-10 09:36:32,27712.8,0
2021-06-10 09:36:33,27711.8,0
2021-06-10 09:36:34,27711.65,0
2021-06-10 09:36:35,27711.0,0
2021-06-10 09:36:36,27711.1,0
2021-06-10 09:36:37,27710.3,0
2021-06-10 09:36:38,27708.3,0
2021-06-10 09:36:40,27709.5,0
2021-06-10 09:36:41,27710.95,0
2021-06-10 09:36:42,27712.2,0
2021-06-10 09:36:43,27704.0,0
2021-06-10 09:36:45,27702.95,0
2021-06-10 09:36:46,27702.1,0
2021-06-10 09:36:47,27704.55,0
2021-06-10 09:36:48,27702.75,0
2021-06-10 09:36:49,27701.55,0
2021-06-10 09:36:51,27703.8,0
2021-06-10 09:36:52,27702.75,0
2021-06-10 09:36:53,27703.3,0
2021-06-10 09:36:54,27703.15,0
2021-06-10 09:36:55,27701.15,0
2021-06-10 09:36:56,27702.45,0
2021-06-10 09:36:57,27702.45,0
2021-06-10 09:36:58,27703.05,0
2021-06-10 09:36:59,27702.85,0
2021-06-10 09:37:02,27704.3,0
2021-06-10 09:37:03,27701.05,0
2021-06-10 09:37:04,27701.15,0
2021-06-10 09:37:06,27700.1,0
2021-06-10 09:37:08,27696.55,0
2021-06-10 09:37:09,27699.1,0
2021-06-10 09:37:10,27698.55,0
2021-06-10 09:37:11,27701.75,0
2021-06-10 09:37:12,27701.2,0
2021-06-10 09:37:13,27705.25,0
2021-06-10 09:37:14,27702.05,0
2021-06-10 09:37:15,27702.55,0
2021-06-10 09:37:16,27702.55,0
2021-06-10 09:37:17,27706.1,0
2021-06-10 09:37:19,27706.5,0
2021-06-10 09:37:20,27704.0,0
2021-06-10 09:37:21,27705.65,0
2021-06-10 09:37:22,27707.5,0
2021-06-10 09:37:23,27709.15,0
2021-06-10 09:37:24,27704.9,0
2021-06-10 09:37:25,27706.9,0
2021-06-10 09:37:26,27706.6,0
2021-06-10 09:37:27,27706.4,0
2021-06-10 09:37:28,27702.9,0
2021-06-10 09:37:29,27707.0,0
2021-06-10 09:37:31,27707.8,0
2021-06-10 09:37:32,27707.85,0
2021-06-10 09:37:33,27707.5,0
2021-06-10 09:37:34,27705.15,0
2021-06-10 09:37:35,27709.25,0
2021-06-10 09:37:36,27708.6,0
2021-06-10 09:37:37,27711.25,0
2021-06-10 09:37:38,27711.4,0
2021-06-10 09:37:40,27709.25,0
2021-06-10 09:37:42,27710.0,0
2021-06-10 09:37:43,27711.0,0
2021-06-10 09:37:44,27712.65,0
2021-06-10 09:37:45,27711.55,0
2021-06-10 09:37:46,27713.0,0
2021-06-10 09:37:47,27715.05,0
2021-06-10 09:37:48,27715.65,0
2021-06-10 09:37:49,27714.7,0
2021-06-10 09:37:50,27713.55,0
2021-06-10 09:37:51,27714.05,0
2021-06-10 09:37:52,27714.0,0
2021-06-10 09:37:53,27713.6,0
2021-06-10 09:37:54,27713.7,0
2021-06-10 09:37:55,27712.55,0
2021-06-10 09:37:56,27714.65,0
2021-06-10 09:37:57,27713.1,0
2021-06-10 09:37:58,27714.05,0
2021-06-10 09:37:59,27713.5,0
2021-06-10 09:38:00,27715.1,0
2021-06-10 09:38:01,27713.6,0
2021-06-10 09:38:02,27714.85,0
2021-06-10 09:38:03,27713.0,0
2021-06-10 09:38:04,27712.55,0
2021-06-10 09:38:05,27713.2,0
2021-06-10 09:38:06,27712.85,0
2021-06-10 09:38:07,27713.65,0
2021-06-10 09:38:08,27714.15,0
2021-06-10 09:38:09,27717.1,0
2021-06-10 09:38:10,27715.35,0
2021-06-10 09:38:11,27715.25,0
2021-06-10 09:38:12,27717.7,0
2021-06-10 09:38:13,27719.35,0
2021-06-10 09:38:14,27719.8,0
2021-06-10 09:38:15,27721.3,0
2021-06-10 09:38:16,27722.55,0
2021-06-10 09:38:17,27724.15,0
2021-06-10 09:38:18,27722.0,0
2021-06-10 09:38:19,27722.35,0
2021-06-10 09:38:20,27721.1,0
2021-06-10 09:38:21,27719.35,0
2021-06-10 09:38:22,27718.25,0
2021-06-10 09:38:23,27720.05,0
2021-06-10 09:38:24,27719.6,0
2021-06-10 09:38:25,27720.45,0
2021-06-10 09:38:26,27720.4,0
2021-06-10 09:38:27,27721.4,0
2021-06-10 09:38:28,27721.4,0
2021-06-10 09:38:29,27723.65,0
2021-06-10 09:38:30,27721.9,0
2021-06-10 09:38:31,27718.5,0
2021-06-10 09:38:32,27719.1,0
2021-06-10 09:38:33,27720.25,0
2021-06-10 09:38:34,27718.8,0
2021-06-10 09:38:35,27717.75,0
2021-06-10 09:38:36,27718.2,0
2021-06-10 09:38:37,27718.9,0
2021-06-10 09:38:39,27721.65,0
2021-06-10 09:38:40,27720.35,0
2021-06-10 09:38:41,27721.1,0
2021-06-10 09:38:42,27720.55,0
2021-06-10 09:38:43,27720.0,0
2021-06-10 09:38:44,27720.4,0
2021-06-10 09:38:45,27719.8,0
2021-06-10 09:38:46,27718.75,0
2021-06-10 09:38:47,27720.65,0
2021-06-10 09:38:48,27720.75,0
2021-06-10 09:38:49,27721.05,0
2021-06-10 09:38:50,27721.15,0
2021-06-10 09:38:51,27719.8,0
2021-06-10 09:38:52,27721.1,0
2021-06-10 09:38:53,27721.7,0
2021-06-10 09:38:54,27721.4,0
2021-06-10 09:38:55,27720.65,0
2021-06-10 09:38:56,27721.15,0
2021-06-10 09:38:57,27722.45,0
2021-06-10 09:38:58,27722.45,0
2021-06-10 09:38:59,27723.4,0
2021-06-10 09:39:00,27722.25,0
2021-06-10 09:39:01,27723.3,0
2021-06-10 09:39:02,27721.3,0
2021-06-10 09:39:03,27722.0,0
2021-06-10 09:39:04,27723.85,0
2021-06-10 09:39:05,27723.75,0
2021-06-10 09:39:06,27721.65,0
2021-06-10 09:39:07,27721.95,0
2021-06-10 09:39:08,27721.95,0
2021-06-10 09:39:09,27720.75,0
2021-06-10 09:39:10,27720.75,0
2021-06-10 09:39:11,27721.95,0
2021-06-10 09:39:12,27721.05,0
2021-06-10 09:39:13,27721.25,0
2021-06-10 09:39:15,27720.9,0
2021-06-10 09:39:16,27721.15,0
2021-06-10 09:39:17,27723.0,0
2021-06-10 09:39:18,27723.25,0
2021-06-10 09:39:20,27723.45,0
2021-06-10 09:39:21,27722.75,0
2021-06-10 09:39:23,27724.3,0
2021-06-10 09:39:24,27724.0,0
2021-06-10 09:39:25,27725.1,0
2021-06-10 09:39:26,27724.3,0
2021-06-10 09:39:27,27724.7,0
2021-06-10 09:39:28,27724.0,0
2021-06-10 09:39:30,27722.55,0
2021-06-10 09:39:31,27722.75,0
2021-06-10 09:39:32,27722.95,0
2021-06-10 09:39:33,27722.65,0
2021-06-10 09:39:34,27722.0,0
2021-06-10 09:39:35,27722.95,0
2021-06-10 09:39:37,27723.85,0
2021-06-10 09:39:38,27726.05,0
2021-06-10 09:39:39,27723.95,0
2021-06-10 09:39:41,27723.25,0
2021-06-10 09:39:42,27724.5,0
2021-06-10 09:39:43,27723.85,0
2021-06-10 09:39:44,27725.85,0
2021-06-10 09:39:45,27722.35,0
2021-06-10 09:39:46,27723.0,0
2021-06-10 09:39:48,27723.55,0
2021-06-10 09:39:49,27725.05,0
2021-06-10 09:39:50,27723.55,0
2021-06-10 09:39:51,27724.45,0
2021-06-10 09:39:52,27724.0,0
2021-06-10 09:39:53,27724.4,0
2021-06-10 09:39:54,27723.55,0
2021-06-10 09:39:55,27723.95,0
2021-06-10 09:39:56,27724.15,0
2021-06-10 09:39:57,27722.7,0
2021-06-10 09:39:58,27722.4,0
2021-06-10 09:39:59,27723.6,0
2021-06-10 09:40:00,27725.25,0
2021-06-10 09:40:01,27719.45,0
2021-06-10 09:40:03,27718.25,0
2021-06-10 09:40:04,27717.05,0
2021-06-10 09:40:05,27715.35,0
2021-06-10 09:40:06,27713.5,0
2021-06-10 09:40:07,27712.3,0
2021-06-10 09:40:08,27713.15,0
2021-06-10 09:40:09,27714.45,0
2021-06-10 09:40:10,27715.15,0
2021-06-10 09:40:11,27714.05,0
2021-06-10 09:40:12,27712.0,0
2021-06-10 09:40:13,27714.7,0
2021-06-10 09:40:14,27713.8,0
2021-06-10 09:40:15,27714.2,0
2021-06-10 09:40:16,27713.05,0
2021-06-10 09:40:17,27712.1,0
2021-06-10 09:40:18,27711.85,0
2021-06-10 09:40:19,27713.5,0
2021-06-10 09:40:20,27713.5,0
2021-06-10 09:40:21,27712.9,0
2021-06-10 09:40:22,27713.6,0
2021-06-10 09:40:23,27713.85,0
2021-06-10 09:40:24,27714.65,0
2021-06-10 09:40:25,27713.1,0
2021-06-10 09:40:26,27713.5,0
2021-06-10 09:40:27,27714.25,0
2021-06-10 09:40:28,27714.75,0
2021-06-10 09:40:29,27712.85,0
2021-06-10 09:40:30,27713.4,0
2021-06-10 09:40:31,27712.45,0
2021-06-10 09:40:32,27712.8,0
2021-06-10 09:40:33,27713.35,0
2021-06-10 09:40:34,27713.3,0
2021-06-10 09:40:35,27713.1,0
2021-06-10 09:40:36,27712.75,0
2021-06-10 09:40:37,27712.7,0
2021-06-10 09:40:38,27712.95,0
2021-06-10 09:40:39,27712.6,0
2021-06-10 09:40:40,27712.35,0
2021-06-10 09:40:41,27712.5,0
2021-06-10 09:40:42,27713.15,0
2021-06-10 09:40:43,27712.15,0
2021-06-10 09:40:44,27712.75,0
2021-06-10 09:40:45,27712.3,0
2021-06-10 09:40:46,27710.05,0
2021-06-10 09:40:47,27712.1,0
2021-06-10 09:40:48,27713.85,0
2021-06-10 09:40:49,27712.75,0
2021-06-10 09:40:50,27712.95,0
2021-06-10 09:40:51,27712.6,0
2021-06-10 09:40:52,27714.55,0
2021-06-10 09:40:53,27713.95,0
2021-06-10 09:40:54,27714.3,0
2021-06-10 09:40:55,27714.45,0
2021-06-10 09:40:56,27714.0,0
2021-06-10 09:40:57,27713.15,0
2021-06-10 09:40:58,27712.8,0
2021-06-10 09:40:59,27712.8,0
2021-06-10 09:41:00,27712.55,0
2021-06-10 09:41:01,27713.0,0
2021-06-10 09:41:03,27713.1,0
2021-06-10 09:41:04,27711.9,0
2021-06-10 09:41:05,27713.9,0
2021-06-10 09:41:07,27715.6,0
2021-06-10 09:41:09,27713.4,0
2021-06-10 09:41:10,27713.25,0
2021-06-10 09:41:12,27714.8,0
2021-06-10 09:41:13,27714.5,0
2021-06-10 09:41:15,27714.2,0
2021-06-10 09:41:16,27714.65,0
2021-06-10 09:41:17,27714.4,0
2021-06-10 09:41:18,27715.15,0
2021-06-10 09:41:19,27716.4,0
2021-06-10 09:41:20,27715.55,0
2021-06-10 09:41:21,27714.3,0
2021-06-10 09:41:22,27714.7,0
2021-06-10 09:41:23,27714.95,0
2021-06-10 09:41:24,27715.0,0
2021-06-10 09:41:25,27712.6,0
2021-06-10 09:41:26,27714.6,0
2021-06-10 09:41:27,27713.15,0
2021-06-10 09:41:28,27715.1,0
2021-06-10 09:41:29,27713.55,0
2021-06-10 09:41:30,27713.85,0
2021-06-10 09:41:31,27713.9,0
2021-06-10 09:41:32,27714.55,0
2021-06-10 09:41:33,27716.3,0
2021-06-10 09:41:34,27717.15,0
2021-06-10 09:41:35,27717.3,0
2021-06-10 09:41:37,27715.55,0
2021-06-10 09:41:38,27716.05,0
2021-06-10 09:41:39,27716.65,0
2021-06-10 09:41:40,27716.1,0
2021-06-10 09:41:41,27717.55,0
2021-06-10 09:41:42,27717.35,0
2021-06-10 09:41:43,27716.55,0
2021-06-10 09:41:44,27716.55,0
2021-06-10 09:41:45,27717.5,0
2021-06-10 09:41:46,27719.35,0
2021-06-10 09:41:47,27720.45,0
2021-06-10 09:41:48,27719.3,0
2021-06-10 09:41:49,27718.1,0
2021-06-10 09:41:50,27719.5,0
2021-06-10 09:41:52,27716.55,0
2021-06-10 09:41:53,27715.5,0
2021-06-10 09:41:55,27711.95,0
2021-06-10 09:41:56,27713.5,0
2021-06-10 09:41:57,27712.7,0
2021-06-10 09:41:58,27711.35,0
2021-06-10 09:41:59,27712.65,0
2021-06-10 09:42:00,27710.45,0
2021-06-10 09:42:01,27710.4,0
2021-06-10 09:42:02,27712.15,0
2021-06-10 09:42:03,27711.4,0
2021-06-10 09:42:06,27711.4,0
2021-06-10 09:42:07,27714.05,0
2021-06-10 09:42:08,27712.75,0
2021-06-10 09:42:09,27712.75,0
2021-06-10 09:42:10,27713.75,0
2021-06-10 09:42:11,27715.35,0
2021-06-10 09:42:12,27713.05,0
2021-06-10 09:42:13,27714.05,0
2021-06-10 09:42:14,27714.75,0
2021-06-10 09:42:15,27713.3,0
2021-06-10 09:42:16,27712.45,0
2021-06-10 09:42:18,27717.65,0
2021-06-10 09:42:19,27715.85,0
2021-06-10 09:42:20,27715.5,0
2021-06-10 09:42:21,27715.05,0
2021-06-10 09:42:22,27717.85,0
2021-06-10 09:42:23,27716.65,0
2021-06-10 09:42:24,27715.0,0
2021-06-10 09:42:25,27715.3,0
2021-06-10 09:42:26,27715.9,0
2021-06-10 09:42:27,27715.5,0
2021-06-10 09:42:28,27716.85,0
2021-06-10 09:42:30,27717.1,0
2021-06-10 09:42:31,27716.55,0
2021-06-10 09:42:32,27715.25,0
2021-06-10 09:42:33,27718.55,0
2021-06-10 09:42:34,27719.05,0
2021-06-10 09:42:35,27715.4,0
2021-06-10 09:42:36,27715.8,0
2021-06-10 09:42:37,27716.3,0
2021-06-10 09:42:38,27717.15,0
2021-06-10 09:42:39,27717.15,0
2021-06-10 09:42:40,27717.25,0
2021-06-10 09:42:41,27717.55,0
2021-06-10 09:42:42,27720.15,0
2021-06-10 09:42:43,27720.55,0
2021-06-10 09:42:44,27721.05,0
2021-06-10 09:42:45,27719.8,0
2021-06-10 09:42:46,27720.9,0
2021-06-10 09:42:47,27721.55,0
2021-06-10 09:42:48,27720.55,0
2021-06-10 09:42:49,27720.15,0
2021-06-10 09:42:50,27720.55,0
2021-06-10 09:42:51,27720.05,0
2021-06-10 09:42:52,27721.75,0
2021-06-10 09:42:54,27721.25,0
2021-06-10 09:42:55,27721.2,0
2021-06-10 09:42:56,27721.95,0
2021-06-10 09:42:57,27724.15,0
2021-06-10 09:42:58,27721.75,0
2021-06-10 09:42:59,27723.3,0
2021-06-10 09:43:00,27722.8,0
2021-06-10 09:43:01,27720.85,0
2021-06-10 09:43:02,27720.6,0
2021-06-10 09:43:03,27721.95,0
2021-06-10 09:43:04,27719.55,0
2021-06-10 09:43:05,27724.55,0
2021-06-10 09:43:06,27721.0,0
2021-06-10 09:43:07,27721.5,0
2021-06-10 09:43:08,27720.1,0
2021-06-10 09:43:09,27719.0,0
2021-06-10 09:43:11,27718.1,0
2021-06-10 09:43:12,27718.5,0
2021-06-10 09:43:13,27718.45,0
2021-06-10 09:43:14,27717.4,0
2021-06-10 09:43:15,27719.75,0
2021-06-10 09:43:16,27720.55,0
2021-06-10 09:43:17,27719.8,0
2021-06-10 09:43:19,27721.4,0
2021-06-10 09:43:20,27723.7,0
2021-06-10 09:43:21,27724.75,0
2021-06-10 09:43:22,27724.55,0
2021-06-10 09:43:24,27726.8,0
2021-06-10 09:43:26,27725.4,0
2021-06-10 09:43:27,27723.65,0
2021-06-10 09:43:28,27724.9,0
2021-06-10 09:43:30,27725.95,0
2021-06-10 09:43:31,27724.55,0
2021-06-10 09:43:32,27724.55,0
2021-06-10 09:43:33,27723.5,0
2021-06-10 09:43:34,27724.35,0
2021-06-10 09:43:36,27722.85,0
2021-06-10 09:43:37,27721.7,0
2021-06-10 09:43:38,27722.4,0
2021-06-10 09:43:39,27724.1,0
2021-06-10 09:43:40,27722.9,0
2021-06-10 09:43:41,27722.8,0
2021-06-10 09:43:42,27721.45,0
2021-06-10 09:43:43,27722.4,0
2021-06-10 09:43:45,27723.2,0
2021-06-10 09:43:46,27722.85,0
2021-06-10 09:43:47,27723.0,0
2021-06-10 09:43:48,27722.35,0
2021-06-10 09:43:49,27722.25,0
2021-06-10 09:43:50,27722.1,0
2021-06-10 09:43:51,27722.1,0
2021-06-10 09:43:52,27723.95,0
2021-06-10 09:43:53,27725.45,0
2021-06-10 09:43:54,27726.5,0
2021-06-10 09:43:55,27725.85,0
2021-06-10 09:43:56,27724.45,0
2021-06-10 09:43:57,27723.1,0
2021-06-10 09:44:01,27722.6,0
2021-06-10 09:44:04,27726.65,0
2021-06-10 09:44:05,27726.85,0
2021-06-10 09:44:06,27725.2,0
2021-06-10 09:44:07,27727.0,0
2021-06-10 09:44:08,27727.35,0
2021-06-10 09:44:09,27727.35,0
2021-06-10 09:44:10,27727.05,0
2021-06-10 09:44:12,27726.75,0
2021-06-10 09:44:13,27726.4,0
2021-06-10 09:44:14,27725.4,0
2021-06-10 09:44:15,27725.9,0
2021-06-10 09:44:17,27725.15,0
2021-06-10 09:44:18,27723.7,0
2021-06-10 09:44:19,27724.6,0
2021-06-10 09:44:20,27725.35,0
2021-06-10 09:44:21,27725.35,0
2021-06-10 09:44:22,27724.95,0
2021-06-10 09:44:23,27724.8,0
2021-06-10 09:44:25,27726.65,0
2021-06-10 09:44:26,27726.7,0
2021-06-10 09:44:27,27725.45,0
2021-06-10 09:44:28,27725.4,0
2021-06-10 09:44:29,27725.7,0
2021-06-10 09:44:30,27725.9,0
2021-06-10 09:44:31,27725.6,0
2021-06-10 09:44:32,27725.8,0
2021-06-10 09:44:33,27727.15,0
2021-06-10 09:44:34,27729.4,0
2021-06-10 09:44:35,27726.95,0
2021-06-10 09:44:36,27727.2,0
2021-06-10 09:44:37,27728.2,0
2021-06-10 09:44:38,27728.65,0
2021-06-10 09:44:39,27727.7,0
2021-06-10 09:44:40,27729.1,0
2021-06-10 09:44:41,27729.2,0
2021-06-10 09:44:42,27729.5,0
2021-06-10 09:44:43,27728.85,0
2021-06-10 09:44:44,27729.0,0
2021-06-10 09:44:45,27727.15,0
2021-06-10 09:44:46,27727.3,0
2021-06-10 09:44:47,27728.65,0
2021-06-10 09:44:49,27727.35,0
2021-06-10 09:44:50,27727.15,0
2021-06-10 09:44:51,27726.5,0
2021-06-10 09:44:52,27726.85,0
2021-06-10 09:44:53,27727.15,0
2021-06-10 09:44:54,27726.35,0
2021-06-10 09:44:55,27725.45,0
2021-06-10 09:44:56,27725.7,0
2021-06-10 09:44:57,27726.9,0
2021-06-10 09:44:58,27726.7,0
2021-06-10 09:45:00,27728.05,0
2021-06-10 09:45:01,27727.15,0
2021-06-10 09:45:02,27728.0,0
2021-06-10 09:45:03,27729.15,0
2021-06-10 09:45:04,27728.25,0
2021-06-10 09:45:05,27728.45,0
2021-06-10 09:45:06,27728.75,0
2021-06-10 09:45:07,27728.5,0
2021-06-10 09:45:08,27728.1,0
2021-06-10 09:45:09,27727.7,0
2021-06-10 09:45:10,27726.5,0
2021-06-10 09:45:11,27726.75,0
2021-06-10 09:45:12,27726.45,0
2021-06-10 09:45:13,27725.55,0
2021-06-10 09:45:14,27726.95,0
2021-06-10 09:45:15,27725.85,0
2021-06-10 09:45:16,27725.45,0
2021-06-10 09:45:17,27725.05,0
2021-06-10 09:45:18,27724.4,0
2021-06-10 09:45:20,27723.7,0
2021-06-10 09:45:21,27723.7,0
2021-06-10 09:45:22,27723.95,0
2021-06-10 09:45:23,27724.0,0
2021-06-10 09:45:24,27724.75,0
2021-06-10 09:45:25,27723.6,0
2021-06-10 09:45:27,27724.35,0
2021-06-10 09:45:28,27725.15,0
2021-06-10 09:45:29,27724.5,0
2021-06-10 09:45:30,27722.9,0
2021-06-10 09:45:31,27724.25,0
2021-06-10 09:45:32,27719.0,0
2021-06-10 09:45:33,27720.25,0
2021-06-10 09:45:34,27720.4,0
2021-06-10 09:45:35,27718.95,0
2021-06-10 09:45:36,27717.2,0
2021-06-10 09:45:37,27717.15,0
2021-06-10 09:45:38,27719.0,0
2021-06-10 09:45:39,27718.1,0
2021-06-10 09:45:40,27718.0,0
2021-06-10 09:45:41,27717.35,0
2021-06-10 09:45:42,27717.55,0
2021-06-10 09:45:43,27716.9,0
2021-06-10 09:45:45,27716.4,0
2021-06-10 09:45:46,27716.9,0
2021-06-10 09:45:47,27714.0,0
2021-06-10 09:45:48,27714.0,0
2021-06-10 09:45:49,27714.4,0
2021-06-10 09:45:50,27716.0,0
2021-06-10 09:45:51,27716.1,0
2021-06-10 09:45:52,27715.45,0
2021-06-10 09:45:53,27715.95,0
2021-06-10 09:45:54,27715.75,0
2021-06-10 09:45:55,27715.6,0
2021-06-10 09:45:56,27714.95,0
2021-06-10 09:45:57,27713.15,0
2021-06-10 09:45:58,27714.55,0
2021-06-10 09:45:59,27714.65,0
2021-06-10 09:46:00,27715.35,0
2021-06-10 09:46:02,27714.55,0
2021-06-10 09:46:03,27715.25,0
2021-06-10 09:46:05,27715.85,0
2021-06-10 09:46:07,27715.5,0
2021-06-10 09:46:08,27715.7,0
2021-06-10 09:46:09,27714.0,0
2021-06-10 09:46:10,27713.95,0
2021-06-10 09:46:11,27713.55,0
2021-06-10 09:46:12,27713.55,0
2021-06-10 09:46:13,27713.3,0
2021-06-10 09:46:14,27711.15,0
2021-06-10 09:46:16,27712.1,0
2021-06-10 09:46:17,27711.45,0
2021-06-10 09:46:18,27710.7,0
2021-06-10 09:46:19,27710.9,0
2021-06-10 09:46:20,27709.75,0
2021-06-10 09:46:21,27709.2,0
2021-06-10 09:46:22,27710.0,0
2021-06-10 09:46:23,27710.45,0
2021-06-10 09:46:24,27709.55,0
2021-06-10 09:46:25,27709.55,0
2021-06-10 09:46:26,27709.95,0
2021-06-10 09:46:27,27710.4,0
2021-06-10 09:46:28,27711.5,0
2021-06-10 09:46:29,27710.4,0
2021-06-10 09:46:30,27710.25,0
2021-06-10 09:46:31,27714.0,0
2021-06-10 09:46:32,27714.9,0
2021-06-10 09:46:33,27716.6,0
2021-06-10 09:46:34,27714.2,0
2021-06-10 09:46:35,27716.05,0
2021-06-10 09:46:36,27716.05,0
2021-06-10 09:46:37,27713.95,0
2021-06-10 09:46:38,27713.7,0
2021-06-10 09:46:39,27715.9,0
2021-06-10 09:46:40,27713.55,0
2021-06-10 09:46:41,27712.9,0
2021-06-10 09:46:42,27712.35,0
2021-06-10 09:46:43,27712.9,0
2021-06-10 09:46:44,27713.75,0
2021-06-10 09:46:45,27713.45,0
2021-06-10 09:46:46,27714.35,0
2021-06-10 09:46:47,27713.6,0
2021-06-10 09:46:48,27714.85,0
2021-06-10 09:46:49,27713.45,0
2021-06-10 09:46:50,27713.35,0
2021-06-10 09:46:51,27712.8,0
2021-06-10 09:46:52,27713.95,0
2021-06-10 09:46:54,27712.3,0
2021-06-10 09:46:55,27712.85,0
2021-06-10 09:46:56,27712.75,0
2021-06-10 09:46:57,27714.25,0
2021-06-10 09:46:58,27714.35,0
2021-06-10 09:46:59,27716.35,0
2021-06-10 09:47:00,27716.6,0
2021-06-10 09:47:01,27714.3,0
2021-06-10 09:47:02,27714.65,0
2021-06-10 09:47:03,27712.4,0
2021-06-10 09:47:04,27714.0,0
2021-06-10 09:47:05,27713.3,0
2021-06-10 09:47:07,27712.4,0
2021-06-10 09:47:09,27716.3,0
2021-06-10 09:47:11,27715.1,0
2021-06-10 09:47:12,27716.05,0
2021-06-10 09:47:13,27715.4,0
2021-06-10 09:47:14,27713.85,0
2021-06-10 09:47:17,27716.9,0
2021-06-10 09:47:18,27715.55,0
2021-06-10 09:47:19,27715.85,0
2021-06-10 09:47:20,27714.9,0
2021-06-10 09:47:21,27719.0,0
2021-06-10 09:47:22,27718.0,0
2021-06-10 09:47:24,27717.35,0
2021-06-10 09:47:25,27717.25,0
2021-06-10 09:47:26,27719.15,0
2021-06-10 09:47:27,27720.05,0
2021-06-10 09:47:29,27719.45,0
2021-06-10 09:47:30,27720.1,0
2021-06-10 09:47:31,27720.25,0
2021-06-10 09:47:32,27722.45,0
2021-06-10 09:47:33,27726.95,0
2021-06-10 09:47:34,27725.55,0
2021-06-10 09:47:35,27725.35,0
2021-06-10 09:47:36,27726.25,0
2021-06-10 09:47:37,27726.5,0
2021-06-10 09:47:39,27728.0,0
2021-06-10 09:47:40,27728.8,0
2021-06-10 09:47:41,27728.65,0
2021-06-10 09:47:42,27729.4,0
2021-06-10 09:47:43,27729.4,0
2021-06-10 09:47:45,27729.65,0
2021-06-10 09:47:46,27728.95,0
2021-06-10 09:47:47,27728.95,0
2021-06-10 09:47:48,27728.75,0
2021-06-10 09:47:50,27728.45,0
2021-06-10 09:47:51,27729.2,0
2021-06-10 09:47:52,27729.95,0
2021-06-10 09:47:53,27729.75,0
2021-06-10 09:47:54,27730.6,0
2021-06-10 09:47:55,27730.4,0
2021-06-10 09:47:56,27731.0,0
2021-06-10 09:47:57,27730.25,0
2021-06-10 09:47:58,27731.45,0
2021-06-10 09:47:59,27729.95,0
2021-06-10 09:48:00,27728.9,0
2021-06-10 09:48:01,27728.65,0
2021-06-10 09:48:02,27732.25,0
2021-06-10 09:48:03,27735.0,0
2021-06-10 09:48:04,27734.4,0
2021-06-10 09:48:05,27734.05,0
2021-06-10 09:48:06,27732.4,0
2021-06-10 09:48:07,27732.9,0
2021-06-10 09:48:08,27734.4,0
2021-06-10 09:48:09,27734.7,0
2021-06-10 09:48:10,27733.1,0
2021-06-10 09:48:11,27731.5,0
2021-06-10 09:48:12,27731.4,0
2021-06-10 09:48:13,27732.35,0
2021-06-10 09:48:14,27733.55,0
2021-06-10 09:48:15,27733.95,0
2021-06-10 09:48:16,27732.85,0
2021-06-10 09:48:17,27731.45,0
2021-06-10 09:48:18,27733.55,0
2021-06-10 09:48:19,27731.9,0
2021-06-10 09:48:21,27734.2,0
2021-06-10 09:48:22,27735.7,0
2021-06-10 09:48:23,27735.6,0
2021-06-10 09:48:24,27735.1,0
2021-06-10 09:48:25,27734.35,0
2021-06-10 09:48:26,27732.65,0
2021-06-10 09:48:27,27733.5,0
2021-06-10 09:48:28,27734.55,0
2021-06-10 09:48:29,27733.0,0
2021-06-10 09:48:31,27736.7,0
2021-06-10 09:48:32,27737.5,0
2021-06-10 09:48:34,27738.95,0
2021-06-10 09:48:35,27744.7,0
2021-06-10 09:48:36,27749.6,0
2021-06-10 09:48:37,27750.25,0
2021-06-10 09:48:38,27751.45,0
2021-06-10 09:48:39,27749.3,0
2021-06-10 09:48:40,27752.3,0
2021-06-10 09:48:41,27750.35,0
2021-06-10 09:48:43,27753.85,0
2021-06-10 09:48:44,27754.45,0
2021-06-10 09:48:45,27758.5,0
2021-06-10 09:48:46,27753.9,0
2021-06-10 09:48:47,27753.75,0
2021-06-10 09:48:48,27753.3,0
2021-06-10 09:48:49,27753.45,0
2021-06-10 09:48:50,27751.6,0
2021-06-10 09:48:51,27749.1,0
2021-06-10 09:48:52,27752.4,0
2021-06-10 09:48:53,27748.35,0
2021-06-10 09:48:54,27747.9,0
2021-06-10 09:48:55,27747.65,0
2021-06-10 09:48:56,27747.6,0
2021-06-10 09:48:57,27746.2,0
2021-06-10 09:48:59,27751.35,0
2021-06-10 09:49:00,27748.15,0
2021-06-10 09:49:01,27746.9,0
2021-06-10 09:49:02,27749.2,0
2021-06-10 09:49:03,27749.6,0
2021-06-10 09:49:04,27749.05,0
2021-06-10 09:49:05,27750.1,0
2021-06-10 09:49:06,27749.3,0
2021-06-10 09:49:07,27747.9,0
2021-06-10 09:49:08,27748.4,0
2021-06-10 09:49:09,27752.15,0
2021-06-10 09:49:10,27751.05,0
2021-06-10 09:49:11,27747.9,0
2021-06-10 09:49:12,27748.6,0
2021-06-10 09:49:13,27748.1,0
2021-06-10 09:49:14,27745.5,0
2021-06-10 09:49:15,27743.7,0
2021-06-10 09:49:16,27747.1,0
2021-06-10 09:49:18,27742.35,0
2021-06-10 09:49:19,27742.35,0
2021-06-10 09:49:20,27742.35,0
2021-06-10 09:49:21,27739.5,0
2021-06-10 09:49:22,27740.0,0
2021-06-10 09:49:23,27740.35,0
2021-06-10 09:49:24,27743.5,0
2021-06-10 09:49:25,27740.65,0
2021-06-10 09:49:26,27739.7,0
2021-06-10 09:49:27,27743.7,0
2021-06-10 09:49:28,27741.25,0
2021-06-10 09:49:29,27740.4,0
2021-06-10 09:49:30,27740.15,0
2021-06-10 09:49:31,27740.85,0
2021-06-10 09:49:34,27742.35,0
2021-06-10 09:49:35,27742.2,0
2021-06-10 09:49:36,27741.75,0
2021-06-10 09:49:37,27742.3,0
2021-06-10 09:49:38,27742.7,0
2021-06-10 09:49:39,27744.1,0
2021-06-10 09:49:40,27743.1,0
2021-06-10 09:49:41,27745.7,0
2021-06-10 09:49:42,27744.7,0
2021-06-10 09:49:43,27744.05,0
2021-06-10 09:49:44,27744.15,0
2021-06-10 09:49:46,27742.95,0
2021-06-10 09:49:47,27744.9,0
2021-06-10 09:49:48,27743.25,0
2021-06-10 09:49:49,27746.5,0
2021-06-10 09:49:50,27744.35,0
2021-06-10 09:49:52,27744.35,0
2021-06-10 09:49:53,27743.15,0
2021-06-10 09:49:54,27743.7,0
2021-06-10 09:49:55,27743.65,0
2021-06-10 09:49:56,27744.05,0
2021-06-10 09:49:57,27743.85,0
2021-06-10 09:49:59,27743.4,0
2021-06-10 09:50:00,27744.65,0
2021-06-10 09:50:01,27743.55,0
2021-06-10 09:50:02,27744.35,0
2021-06-10 09:50:03,27744.95,0
2021-06-10 09:50:04,27745.75,0
2021-06-10 09:50:05,27745.75,0
2021-06-10 09:50:06,27746.5,0
2021-06-10 09:50:07,27746.45,0
2021-06-10 09:50:08,27747.5,0
2021-06-10 09:50:09,27747.1,0
2021-06-10 09:50:10,27747.8,0
2021-06-10 09:50:11,27747.5,0
2021-06-10 09:50:12,27747.0,0
2021-06-10 09:50:14,27746.85,0
2021-06-10 09:50:15,27748.75,0
2021-06-10 09:50:17,27745.4,0
2021-06-10 09:50:18,27748.35,0
2021-06-10 09:50:19,27747.7,0
2021-06-10 09:50:20,27747.5,0
2021-06-10 09:50:21,27749.15,0
2021-06-10 09:50:22,27750.65,0
2021-06-10 09:50:24,27748.5,0
2021-06-10 09:50:25,27751.9,0
2021-06-10 09:50:26,27750.95,0
2021-06-10 09:50:28,27750.6,0
2021-06-10 09:50:29,27752.8,0
2021-06-10 09:50:30,27753.0,0
2021-06-10 09:50:31,27750.7,0
2021-06-10 09:50:32,27752.35,0
2021-06-10 09:50:34,27749.85,0
2021-06-10 09:50:35,27748.75,0
2021-06-10 09:50:37,27747.8,0
2021-06-10 09:50:38,27749.5,0
2021-06-10 09:50:39,27750.8,0
2021-06-10 09:50:40,27750.35,0
2021-06-10 09:50:41,27747.8,0
2021-06-10 09:50:43,27745.25,0
2021-06-10 09:50:44,27750.15,0
2021-06-10 09:50:45,27750.8,0
2021-06-10 09:50:46,27750.85,0
2021-06-10 09:50:47,27753.15,0
2021-06-10 09:50:48,27753.3,0
2021-06-10 09:50:49,27754.6,0
2021-06-10 09:50:50,27750.1,0
2021-06-10 09:50:51,27748.5,0
2021-06-10 09:50:52,27749.55,0
2021-06-10 09:50:53,27753.65,0
2021-06-10 09:50:54,27752.25,0
2021-06-10 09:50:55,27752.25,0
2021-06-10 09:50:57,27750.75,0
2021-06-10 09:50:58,27752.4,0
2021-06-10 09:50:59,27752.0,0
2021-06-10 09:51:00,27751.25,0
2021-06-10 09:51:01,27751.15,0
2021-06-10 09:51:02,27753.3,0
2021-06-10 09:51:03,27753.4,0
2021-06-10 09:51:04,27751.4,0
2021-06-10 09:51:05,27750.85,0
2021-06-10 09:51:06,27751.75,0
2021-06-10 09:51:07,27749.45,0
2021-06-10 09:51:08,27749.45,0
2021-06-10 09:51:10,27751.25,0
2021-06-10 09:51:11,27751.5,0
2021-06-10 09:51:12,27753.7,0
2021-06-10 09:51:13,27751.3,0
2021-06-10 09:51:14,27751.15,0
2021-06-10 09:51:15,27752.2,0
2021-06-10 09:51:16,27748.65,0
2021-06-10 09:51:17,27749.35,0
2021-06-10 09:51:18,27748.75,0
2021-06-10 09:51:19,27748.0,0
2021-06-10 09:51:20,27749.6,0
2021-06-10 09:51:21,27749.15,0
2021-06-10 09:51:24,27749.65,0
2021-06-10 09:51:25,27751.15,0
2021-06-10 09:51:27,27752.25,0
2021-06-10 09:51:28,27750.55,0
2021-06-10 09:51:29,27750.9,0
2021-06-10 09:51:30,27747.0,0
2021-06-10 09:51:31,27748.6,0
2021-06-10 09:51:32,27748.05,0
2021-06-10 09:51:33,27748.85,0
2021-06-10 09:51:34,27749.25,0
2021-06-10 09:51:35,27751.0,0
2021-06-10 09:51:36,27749.6,0
2021-06-10 09:51:37,27749.8,0
2021-06-10 09:51:40,27751.55,0
2021-06-10 09:51:41,27750.65,0
2021-06-10 09:51:42,27750.95,0
2021-06-10 09:51:43,27750.9,0
2021-06-10 09:51:44,27751.45,0
2021-06-10 09:51:45,27750.45,0
2021-06-10 09:51:47,27749.75,0
2021-06-10 09:51:48,27745.1,0
2021-06-10 09:51:49,27745.85,0
2021-06-10 09:51:50,27747.75,0
2021-06-10 09:51:51,27744.25,0
2021-06-10 09:51:52,27745.25,0
2021-06-10 09:51:53,27746.8,0
2021-06-10 09:51:54,27747.15,0
2021-06-10 09:51:55,27745.5,0
2021-06-10 09:51:56,27745.85,0
2021-06-10 09:51:57,27744.8,0
2021-06-10 09:51:58,27744.45,0
2021-06-10 09:51:59,27744.4,0
2021-06-10 09:52:00,27746.1,0
2021-06-10 09:52:01,27743.0,0
2021-06-10 09:52:02,27741.35,0
2021-06-10 09:52:05,27742.9,0
2021-06-10 09:52:06,27739.35,0
2021-06-10 09:52:07,27741.95,0
2021-06-10 09:52:08,27737.45,0
2021-06-10 09:52:09,27737.3,0
2021-06-10 09:52:10,27738.9,0
2021-06-10 09:52:11,27738.9,0
2021-06-10 09:52:12,27738.95,0
2021-06-10 09:52:13,27740.8,0
2021-06-10 09:52:14,27739.4,0
2021-06-10 09:52:15,27741.15,0
2021-06-10 09:52:16,27739.9,0
2021-06-10 09:52:17,27739.8,0
2021-06-10 09:52:18,27739.95,0
2021-06-10 09:52:19,27740.55,0
2021-06-10 09:52:20,27740.7,0
2021-06-10 09:52:21,27740.0,0
2021-06-10 09:52:22,27739.7,0
2021-06-10 09:52:23,27738.35,0
2021-06-10 09:52:24,27739.1,0
2021-06-10 09:52:25,27740.8,0
2021-06-10 09:52:26,27739.5,0
2021-06-10 09:52:27,27741.4,0
2021-06-10 09:52:28,27739.9,0
2021-06-10 09:52:30,27739.7,0
2021-06-10 09:52:31,27739.25,0
2021-06-10 09:52:32,27739.9,0
2021-06-10 09:52:33,27742.4,0
2021-06-10 09:52:34,27740.4,0
2021-06-10 09:52:35,27739.45,0
2021-06-10 09:52:36,27738.85,0
2021-06-10 09:52:37,27740.85,0
2021-06-10 09:52:40,27737.65,0
2021-06-10 09:52:41,27737.4,0
2021-06-10 09:52:42,27735.75,0
2021-06-10 09:52:43,27734.0,0
2021-06-10 09:52:44,27737.25,0
2021-06-10 09:52:46,27735.6,0
2021-06-10 09:52:47,27734.4,0
2021-06-10 09:52:48,27734.8,0
2021-06-10 09:52:49,27734.1,0
2021-06-10 09:52:50,27733.85,0
2021-06-10 09:52:51,27733.15,0
2021-06-10 09:52:52,27734.1,0
2021-06-10 09:52:53,27734.8,0
2021-06-10 09:52:54,27733.95,0
2021-06-10 09:52:55,27735.55,0
2021-06-10 09:52:56,27734.55,0
2021-06-10 09:52:57,27735.25,0
2021-06-10 09:52:58,27735.55,0
2021-06-10 09:53:00,27735.1,0
2021-06-10 09:53:01,27735.05,0
2021-06-10 09:53:02,27734.55,0
2021-06-10 09:53:03,27734.65,0
2021-06-10 09:53:04,27734.8,0
2021-06-10 09:53:06,27734.5,0
2021-06-10 09:53:07,27734.35,0
2021-06-10 09:53:08,27731.8,0
2021-06-10 09:53:10,27733.05,0
2021-06-10 09:53:11,27734.75,0
2021-06-10 09:53:12,27735.25,0
2021-06-10 09:53:13,27734.8,0
2021-06-10 09:53:14,27732.75,0
2021-06-10 09:53:15,27732.45,0
2021-06-10 09:53:16,27731.4,0
2021-06-10 09:53:18,27733.4,0
2021-06-10 09:53:20,27730.65,0
2021-06-10 09:53:21,27733.05,0
2021-06-10 09:53:22,27731.35,0
2021-06-10 09:53:23,27730.15,0
2021-06-10 09:53:24,27729.2,0
2021-06-10 09:53:25,27729.55,0
2021-06-10 09:53:26,27726.95,0
2021-06-10 09:53:27,27727.1,0
2021-06-10 09:53:29,27727.35,0
2021-06-10 09:53:31,27724.55,0
2021-06-10 09:53:32,27721.5,0
2021-06-10 09:53:33,27720.8,0
2021-06-10 09:53:34,27722.75,0
2021-06-10 09:53:35,27722.6,0
2021-06-10 09:53:36,27720.0,0
2021-06-10 09:53:37,27720.15,0
2021-06-10 09:53:38,27718.9,0
2021-06-10 09:53:40,27716.5,0
2021-06-10 09:53:41,27716.45,0
2021-06-10 09:53:42,27718.2,0
2021-06-10 09:53:43,27718.4,0
2021-06-10 09:53:44,27719.75,0
2021-06-10 09:53:45,27716.75,0
2021-06-10 09:53:46,27716.45,0
2021-06-10 09:53:47,27715.8,0
2021-06-10 09:53:48,27716.4,0
2021-06-10 09:53:49,27716.1,0
2021-06-10 09:53:50,27716.8,0
2021-06-10 09:53:52,27717.95,0
2021-06-10 09:53:53,27718.05,0
2021-06-10 09:53:54,27717.9,0
2021-06-10 09:53:56,27715.7,0
2021-06-10 09:53:57,27717.2,0
2021-06-10 09:53:58,27716.0,0
2021-06-10 09:53:59,27718.0,0
2021-06-10 09:54:00,27716.65,0
2021-06-10 09:54:01,27717.35,0
2021-06-10 09:54:03,27717.35,0
2021-06-10 09:54:04,27718.55,0
2021-06-10 09:54:05,27716.5,0
2021-06-10 09:54:06,27718.25,0
2021-06-10 09:54:07,27717.65,0
2021-06-10 09:54:08,27717.65,0
2021-06-10 09:54:09,27717.45,0
2021-06-10 09:54:10,27717.6,0
2021-06-10 09:54:11,27720.1,0
2021-06-10 09:54:13,27720.75,0
2021-06-10 09:54:15,27718.25,0
2021-06-10 09:54:17,27719.85,0
2021-06-10 09:54:18,27719.05,0
2021-06-10 09:54:19,27718.1,0
2021-06-10 09:54:20,27718.6,0
2021-06-10 09:54:21,27716.75,0
2021-06-10 09:54:22,27716.95,0
2021-06-10 09:54:23,27718.6,0
2021-06-10 09:54:24,27719.25,0
2021-06-10 09:54:25,27715.65,0
2021-06-10 09:54:26,27718.5,0
2021-06-10 09:54:28,27716.65,0
2021-06-10 09:54:30,27716.55,0
2021-06-10 09:54:31,27715.35,0
2021-06-10 09:54:32,27715.75,0
2021-06-10 09:54:33,27716.75,0
2021-06-10 09:54:34,27715.2,0
2021-06-10 09:54:35,27713.75,0
2021-06-10 09:54:36,27714.95,0
2021-06-10 09:54:37,27714.3,0
2021-06-10 09:54:38,27714.8,0
2021-06-10 09:54:39,27713.0,0
2021-06-10 09:54:40,27711.8,0
2021-06-10 09:54:41,27712.8,0
2021-06-10 09:54:42,27714.0,0
2021-06-10 09:54:43,27713.05,0
2021-06-10 09:54:44,27712.75,0
2021-06-10 09:54:46,27713.1,0
2021-06-10 09:54:47,27712.45,0
2021-06-10 09:54:48,27715.4,0
2021-06-10 09:54:49,27714.8,0
2021-06-10 09:54:50,27715.75,0
2021-06-10 09:54:51,27713.75,0
2021-06-10 09:54:52,27714.85,0
2021-06-10 09:54:53,27714.1,0
2021-06-10 09:54:54,27713.25,0
2021-06-10 09:54:55,27710.5,0
2021-06-10 09:54:57,27709.15,0
2021-06-10 09:54:58,27711.2,0
2021-06-10 09:54:59,27710.3,0
2021-06-10 09:55:01,27710.95,0
2021-06-10 09:55:02,27709.4,0
2021-06-10 09:55:03,27710.35,0
2021-06-10 09:55:04,27709.9,0
2021-06-10 09:55:05,27708.45,0
2021-06-10 09:55:06,27710.6,0
2021-06-10 09:55:07,27711.25,0
2021-06-10 09:55:08,27710.45,0
2021-06-10 09:55:09,27707.65,0
2021-06-10 09:55:11,27709.7,0
2021-06-10 09:55:12,27709.8,0
2021-06-10 09:55:13,27709.95,0
2021-06-10 09:55:14,27709.2,0
2021-06-10 09:55:15,27706.35,0
2021-06-10 09:55:16,27706.6,0
2021-06-10 09:55:17,27706.95,0
2021-06-10 09:55:18,27708.8,0
2021-06-10 09:55:19,27708.05,0
2021-06-10 09:55:20,27706.2,0
2021-06-10 09:55:21,27705.8,0
2021-06-10 09:55:22,27705.45,0
2021-06-10 09:55:23,27707.2,0
2021-06-10 09:55:24,27707.8,0
2021-06-10 09:55:25,27706.4,0
2021-06-10 09:55:26,27708.05,0
2021-06-10 09:55:27,27706.7,0
2021-06-10 09:55:28,27707.2,0
2021-06-10 09:55:29,27706.4,0
2021-06-10 09:55:30,27706.95,0
2021-06-10 09:55:31,27707.2,0
2021-06-10 09:55:32,27707.5,0
2021-06-10 09:55:33,27707.1,0
2021-06-10 09:55:34,27707.25,0
2021-06-10 09:55:35,27706.4,0
2021-06-10 09:55:36,27706.25,0
2021-06-10 09:55:37,27707.95,0
2021-06-10 09:55:38,27704.15,0
2021-06-10 09:55:39,27706.8,0
2021-06-10 09:55:40,27703.85,0
2021-06-10 09:55:41,27704.35,0
2021-06-10 09:55:42,27703.1,0
2021-06-10 09:55:43,27706.9,0
2021-06-10 09:55:44,27703.5,0
2021-06-10 09:55:45,27703.4,0
2021-06-10 09:55:46,27703.1,0
2021-06-10 09:55:47,27702.7,0
2021-06-10 09:55:48,27704.85,0
2021-06-10 09:55:49,27704.65,0
2021-06-10 09:55:50,27705.9,0
2021-06-10 09:55:51,27702.8,0
2021-06-10 09:55:52,27705.35,0
2021-06-10 09:55:53,27703.95,0
2021-06-10 09:55:55,27706.1,0
2021-06-10 09:55:56,27705.55,0
2021-06-10 09:55:57,27704.85,0
2021-06-10 09:55:58,27704.25,0
2021-06-10 09:55:59,27706.85,0
2021-06-10 09:56:00,27706.55,0
2021-06-10 09:56:01,27704.8,0
2021-06-10 09:56:02,27704.45,0
2021-06-10 09:56:03,27705.6,0
2021-06-10 09:56:04,27705.35,0
2021-06-10 09:56:05,27704.55,0
2021-06-10 09:56:06,27705.0,0
2021-06-10 09:56:07,27704.25,0
2021-06-10 09:56:08,27702.4,0
2021-06-10 09:56:09,27703.35,0
2021-06-10 09:56:10,27701.05,0
2021-06-10 09:56:11,27700.7,0
2021-06-10 09:56:12,27701.9,0
2021-06-10 09:56:13,27697.55,0
2021-06-10 09:56:14,27702.45,0
2021-06-10 09:56:15,27702.8,0
2021-06-10 09:56:16,27701.75,0
2021-06-10 09:56:17,27698.9,0
2021-06-10 09:56:19,27700.8,0
2021-06-10 09:56:20,27699.7,0
2021-06-10 09:56:21,27696.65,0
2021-06-10 09:56:22,27699.8,0
2021-06-10 09:56:23,27698.5,0
2021-06-10 09:56:24,27700.2,0
2021-06-10 09:56:25,27698.35,0
2021-06-10 09:56:26,27699.05,0
2021-06-10 09:56:27,27699.15,0
2021-06-10 09:56:28,27701.4,0
2021-06-10 09:56:29,27701.45,0
2021-06-10 09:56:30,27701.45,0
2021-06-10 09:56:31,27699.1,0
2021-06-10 09:56:32,27700.25,0
2021-06-10 09:56:33,27700.3,0
2021-06-10 09:56:34,27700.45,0
2021-06-10 09:56:35,27700.35,0
2021-06-10 09:56:36,27701.3,0
2021-06-10 09:56:37,27700.35,0
2021-06-10 09:56:38,27700.6,0
2021-06-10 09:56:39,27699.5,0
2021-06-10 09:56:40,27699.9,0
2021-06-10 09:56:41,27700.1,0
2021-06-10 09:56:42,27699.8,0
2021-06-10 09:56:43,27700.15,0
2021-06-10 09:56:44,27699.55,0
2021-06-10 09:56:45,27696.65,0
2021-06-10 09:56:46,27698.55,0
2021-06-10 09:56:48,27697.95,0
2021-06-10 09:56:49,27698.35,0
2021-06-10 09:56:50,27699.5,0
2021-06-10 09:56:51,27699.15,0
2021-06-10 09:56:52,27698.75,0
2021-06-10 09:56:53,27699.8,0
2021-06-10 09:56:54,27699.3,0
2021-06-10 09:56:55,27699.3,0
2021-06-10 09:56:56,27697.3,0
2021-06-10 09:56:57,27697.95,0
2021-06-10 09:56:58,27696.75,0
2021-06-10 09:56:59,27698.1,0
2021-06-10 09:57:00,27698.75,0
2021-06-10 09:57:01,27697.4,0
2021-06-10 09:57:03,27697.8,0
2021-06-10 09:57:04,27697.35,0
2021-06-10 09:57:05,27695.55,0
2021-06-10 09:57:06,27696.35,0
2021-06-10 09:57:07,27695.85,0
2021-06-10 09:57:08,27696.75,0
2021-06-10 09:57:09,27696.65,0
2021-06-10 09:57:12,27697.35,0
2021-06-10 09:57:13,27699.0,0
2021-06-10 09:57:14,27698.25,0
2021-06-10 09:57:15,27700.05,0
2021-06-10 09:57:16,27701.8,0
2021-06-10 09:57:17,27699.85,0
2021-06-10 09:57:18,27699.3,0
2021-06-10 09:57:19,27699.85,0
2021-06-10 09:57:20,27697.2,0
2021-06-10 09:57:21,27698.15,0
2021-06-10 09:57:22,27698.55,0
2021-06-10 09:57:23,27697.4,0
2021-06-10 09:57:24,27697.4,0
2021-06-10 09:57:25,27698.4,0
2021-06-10 09:57:26,27698.85,0
2021-06-10 09:57:27,27701.3,0
2021-06-10 09:57:28,27699.55,0
2021-06-10 09:57:29,27700.1,0
2021-06-10 09:57:31,27699.6,0
2021-06-10 09:57:32,27700.85,0
2021-06-10 09:57:33,27699.7,0
2021-06-10 09:57:34,27700.05,0
2021-06-10 09:57:35,27699.45,0
2021-06-10 09:57:36,27700.65,0
2021-06-10 09:57:37,27700.05,0
2021-06-10 09:57:38,27701.45,0
2021-06-10 09:57:39,27700.7,0
2021-06-10 09:57:40,27699.1,0
2021-06-10 09:57:41,27700.4,0
2021-06-10 09:57:43,27699.6,0
2021-06-10 09:57:44,27698.95,0
2021-06-10 09:57:45,27700.35,0
2021-06-10 09:57:46,27700.85,0
2021-06-10 09:57:47,27700.35,0
2021-06-10 09:57:48,27699.85,0
2021-06-10 09:57:49,27698.25,0
2021-06-10 09:57:50,27699.8,0
2021-06-10 09:57:51,27700.3,0
2021-06-10 09:57:52,27702.15,0
2021-06-10 09:57:54,27702.3,0
2021-06-10 09:57:55,27701.05,0
2021-06-10 09:57:56,27701.75,0
2021-06-10 09:57:57,27700.1,0
2021-06-10 09:57:58,27700.75,0
2021-06-10 09:57:59,27701.3,0
2021-06-10 09:58:00,27700.45,0
2021-06-10 09:58:01,27701.5,0
2021-06-10 09:58:02,27701.1,0
2021-06-10 09:58:03,27700.8,0
2021-06-10 09:58:06,27701.6,0
2021-06-10 09:58:09,27704.15,0
2021-06-10 09:58:10,27704.15,0
2021-06-10 09:58:11,27704.15,0
2021-06-10 09:58:12,27704.4,0
2021-06-10 09:58:13,27703.7,0
2021-06-10 09:58:14,27704.8,0
2021-06-10 09:58:15,27703.7,0
2021-06-10 09:58:17,27703.0,0
2021-06-10 09:58:18,27702.1,0
2021-06-10 09:58:19,27701.8,0
2021-06-10 09:58:20,27701.3,0
2021-06-10 09:58:21,27703.35,0
2021-06-10 09:58:22,27703.1,0
2021-06-10 09:58:23,27701.55,0
2021-06-10 09:58:24,27702.3,0
2021-06-10 09:58:25,27702.25,0
2021-06-10 09:58:26,27701.75,0
2021-06-10 09:58:27,27700.6,0
2021-06-10 09:58:28,27699.7,0
2021-06-10 09:58:29,27700.65,0
2021-06-10 09:58:32,27700.75,0
2021-06-10 09:58:33,27700.75,0
2021-06-10 09:58:34,27699.55,0
2021-06-10 09:58:35,27699.45,0
2021-06-10 09:58:36,27700.05,0
2021-06-10 09:58:38,27700.5,0
2021-06-10 09:58:40,27698.6,0
2021-06-10 09:58:41,27697.5,0
2021-06-10 09:58:42,27698.85,0
2021-06-10 09:58:43,27698.0,0
2021-06-10 09:58:44,27697.2,0
2021-06-10 09:58:45,27698.75,0
2021-06-10 09:58:46,27696.6,0
2021-06-10 09:58:47,27697.0,0
2021-06-10 09:58:48,27696.7,0
2021-06-10 09:58:49,27697.4,0
2021-06-10 09:58:51,27696.65,0
2021-06-10 09:58:52,27697.55,0
2021-06-10 09:58:53,27696.45,0
2021-06-10 09:58:55,27697.1,0
2021-06-10 09:58:56,27696.8,0
2021-06-10 09:58:57,27697.25,0
2021-06-10 09:59:00,27696.8,0
2021-06-10 09:59:01,27695.65,0
2021-06-10 09:59:02,27691.2,0
2021-06-10 09:59:03,27689.55,0
2021-06-10 09:59:04,27690.95,0
2021-06-10 09:59:05,27689.05,0
2021-06-10 09:59:06,27689.95,0
2021-06-10 09:59:07,27688.7,0
2021-06-10 09:59:08,27687.3,0
2021-06-10 09:59:09,27687.5,0
2021-06-10 09:59:10,27687.35,0
2021-06-10 09:59:11,27686.5,0
2021-06-10 09:59:12,27686.55,0
2021-06-10 09:59:13,27682.9,0
2021-06-10 09:59:14,27683.25,0
2021-06-10 09:59:15,27685.25,0
2021-06-10 09:59:16,27681.8,0
2021-06-10 09:59:17,27685.2,0
2021-06-10 09:59:18,27685.7,0
2021-06-10 09:59:19,27684.1,0
2021-06-10 09:59:20,27682.55,0
2021-06-10 09:59:21,27680.0,0
2021-06-10 09:59:22,27679.65,0
2021-06-10 09:59:23,27681.05,0
2021-06-10 09:59:24,27680.0,0
2021-06-10 09:59:25,27680.35,0
2021-06-10 09:59:26,27677.2,0
2021-06-10 09:59:27,27678.35,0
2021-06-10 09:59:28,27680.0,0
2021-06-10 09:59:29,27678.8,0
2021-06-10 09:59:30,27676.6,0
2021-06-10 09:59:31,27676.25,0
2021-06-10 09:59:32,27676.45,0
2021-06-10 09:59:33,27677.5,0
2021-06-10 09:59:34,27674.55,0
2021-06-10 09:59:35,27677.15,0
2021-06-10 09:59:36,27675.15,0
2021-06-10 09:59:37,27677.9,0
2021-06-10 09:59:38,27675.85,0
2021-06-10 09:59:39,27677.45,0
2021-06-10 09:59:40,27676.05,0
2021-06-10 09:59:42,27676.6,0
2021-06-10 09:59:43,27676.05,0
2021-06-10 09:59:44,27675.25,0
2021-06-10 09:59:45,27676.9,0
2021-06-10 09:59:47,27676.65,0
2021-06-10 09:59:48,27677.85,0
2021-06-10 09:59:49,27676.65,0
2021-06-10 09:59:50,27675.95,0
2021-06-10 09:59:51,27676.2,0
2021-06-10 09:59:52,27678.2,0
2021-06-10 09:59:53,27677.95,0
2021-06-10 09:59:54,27677.95,0
2021-06-10 09:59:55,27678.75,0
2021-06-10 09:59:56,27680.45,0
2021-06-10 09:59:57,27680.5,0
2021-06-10 09:59:59,27682.55,0
2021-06-10 10:00:02,27682.15,0
2021-06-10 10:00:03,27682.7,0
2021-06-10 10:00:04,27683.35,0
2021-06-10 10:00:05,27683.35,0
2021-06-10 10:00:06,27684.9,0
2021-06-10 10:00:07,27685.15,0
2021-06-10 10:00:08,27684.0,0
2021-06-10 10:00:09,27685.95,0
2021-06-10 10:00:10,27685.55,0
2021-06-10 10:00:11,27685.65,0
2021-06-10 10:00:12,27686.3,0
2021-06-10 10:00:13,27687.55,0
2021-06-10 10:00:14,27687.15,0
2021-06-10 10:00:15,27685.05,0
2021-06-10 10:00:17,27686.5,0
2021-06-10 10:00:18,27685.45,0
2021-06-10 10:00:19,27685.8,0
2021-06-10 10:00:20,27683.75,0
2021-06-10 10:00:22,27684.15,0
2021-06-10 10:00:23,27684.35,0
2021-06-10 10:00:25,27684.45,0
2021-06-10 10:00:26,27684.3,0
2021-06-10 10:00:27,27684.75,0
2021-06-10 10:00:28,27684.8,0
2021-06-10 10:00:30,27686.75,0
2021-06-10 10:00:31,27686.35,0
2021-06-10 10:00:32,27686.45,0
2021-06-10 10:00:33,27686.25,0
2021-06-10 10:00:34,27687.1,0
2021-06-10 10:00:35,27687.95,0
2021-06-10 10:00:36,27688.75,0
2021-06-10 10:00:37,27688.15,0
2021-06-10 10:00:38,27689.25,0
2021-06-10 10:00:39,27691.85,0
2021-06-10 10:00:40,27692.15,0
2021-06-10 10:00:41,27691.85,0
2021-06-10 10:00:42,27692.35,0
2021-06-10 10:00:43,27690.2,0
2021-06-10 10:00:44,27692.2,0
2021-06-10 10:00:45,27692.1,0
2021-06-10 10:00:46,27692.75,0
2021-06-10 10:00:48,27694.85,0
2021-06-10 10:00:50,27694.5,0
2021-06-10 10:00:53,27698.2,0
2021-06-10 10:00:54,27698.6,0
2021-06-10 10:00:55,27699.1,0
2021-06-10 10:00:56,27696.55,0
2021-06-10 10:00:57,27699.1,0
2021-06-10 10:00:58,27697.75,0
2021-06-10 10:00:59,27700.0,0
2021-06-10 10:01:00,27698.5,0
2021-06-10 10:01:01,27697.25,0
2021-06-10 10:01:02,27696.6,0
2021-06-10 10:01:03,27696.4,0
2021-06-10 10:01:04,27696.55,0
2021-06-10 10:01:06,27695.15,0
2021-06-10 10:01:07,27696.05,0
2021-06-10 10:01:08,27694.25,0
2021-06-10 10:01:09,27694.55,0
2021-06-10 10:01:10,27695.2,0
2021-06-10 10:01:11,27694.15,0
2021-06-10 10:01:12,27695.05,0
2021-06-10 10:01:13,27695.1,0
2021-06-10 10:01:14,27694.0,0
2021-06-10 10:01:15,27695.9,0
2021-06-10 10:01:16,27696.4,0
2021-06-10 10:01:17,27695.3,0
2021-06-10 10:01:18,27694.15,0
2021-06-10 10:01:19,27694.75,0
2021-06-10 10:01:20,27694.85,0
2021-06-10 10:01:21,27696.55,0
2021-06-10 10:01:22,27696.65,0
2021-06-10 10:01:23,27696.15,0
2021-06-10 10:01:24,27696.95,0
2021-06-10 10:01:25,27695.85,0
2021-06-10 10:01:26,27696.65,0
2021-06-10 10:01:27,27697.2,0
2021-06-10 10:01:28,27697.55,0
2021-06-10 10:01:29,27697.85,0
2021-06-10 10:01:30,27697.65,0
2021-06-10 10:01:31,27697.35,0
2021-06-10 10:01:32,27697.15,0
2021-06-10 10:01:33,27697.85,0
2021-06-10 10:01:34,27697.55,0
2021-06-10 10:01:35,27697.55,0
2021-06-10 10:01:36,27697.1,0
2021-06-10 10:01:37,27698.3,0
2021-06-10 10:01:38,27697.55,0
2021-06-10 10:01:39,27698.0,0
2021-06-10 10:01:40,27697.0,0
2021-06-10 10:01:41,27696.7,0
2021-06-10 10:01:42,27696.75,0
2021-06-10 10:01:43,27696.35,0
2021-06-10 10:01:44,27697.05,0
2021-06-10 10:01:45,27697.15,0
2021-06-10 10:01:46,27696.3,0
2021-06-10 10:01:48,27696.7,0
2021-06-10 10:01:50,27692.95,0
2021-06-10 10:01:51,27691.2,0
2021-06-10 10:01:52,27692.15,0
2021-06-10 10:01:53,27692.05,0
2021-06-10 10:01:54,27694.1,0
2021-06-10 10:01:55,27691.85,0
2021-06-10 10:01:56,27693.65,0
2021-06-10 10:01:57,27692.7,0
2021-06-10 10:01:58,27695.05,0
2021-06-10 10:01:59,27693.4,0
2021-06-10 10:02:00,27693.4,0
2021-06-10 10:02:01,27693.6,0
2021-06-10 10:02:02,27694.1,0
2021-06-10 10:02:03,27693.5,0
2021-06-10 10:02:04,27694.15,0
2021-06-10 10:02:05,27693.65,0
2021-06-10 10:02:06,27692.4,0
2021-06-10 10:02:08,27691.1,0
2021-06-10 10:02:09,27692.7,0
2021-06-10 10:02:10,27690.85,0
2021-06-10 10:02:11,27692.25,0
2021-06-10 10:02:12,27692.35,0
2021-06-10 10:02:13,27693.15,0
2021-06-10 10:02:14,27692.1,0
2021-06-10 10:02:15,27691.55,0
2021-06-10 10:02:16,27691.45,0
2021-06-10 10:02:17,27692.2,0
2021-06-10 10:02:18,27693.5,0
2021-06-10 10:02:19,27693.05,0
2021-06-10 10:02:20,27692.75,0
2021-06-10 10:02:22,27690.45,0
2021-06-10 10:02:23,27691.3,0
2021-06-10 10:02:24,27692.75,0
2021-06-10 10:02:25,27691.2,0
2021-06-10 10:02:26,27690.75,0
2021-06-10 10:02:27,27692.8,0
2021-06-10 10:02:28,27692.05,0
2021-06-10 10:02:30,27693.7,0
2021-06-10 10:02:31,27692.9,0
2021-06-10 10:02:33,27696.8,0
2021-06-10 10:02:34,27698.35,0
2021-06-10 10:02:35,27696.8,0
2021-06-10 10:02:37,27696.85,0
2021-06-10 10:02:38,27697.2,0
2021-06-10 10:02:39,27697.05,0
2021-06-10 10:02:40,27696.2,0
2021-06-10 10:02:41,27695.85,0
2021-06-10 10:02:42,27697.25,0
2021-06-10 10:02:43,27696.75,0
2021-06-10 10:02:44,27698.65,0
2021-06-10 10:02:45,27696.55,0
2021-06-10 10:02:46,27697.5,0
2021-06-10 10:02:48,27697.25,0
2021-06-10 10:02:50,27697.8,0
2021-06-10 10:02:51,27696.65,0
2021-06-10 10:02:52,27697.7,0
2021-06-10 10:02:53,27697.1,0
2021-06-10 10:02:56,27696.95,0
2021-06-10 10:02:57,27695.6,0
2021-06-10 10:02:58,27696.4,0
2021-06-10 10:02:59,27696.8,0
2021-06-10 10:03:00,27697.05,0
2021-06-10 10:03:01,27696.8,0
2021-06-10 10:03:02,27696.45,0
2021-06-10 10:03:03,27696.75,0
2021-06-10 10:03:04,27697.1,0
2021-06-10 10:03:05,27697.6,0
2021-06-10 10:03:07,27698.4,0
2021-06-10 10:03:08,27697.4,0
2021-06-10 10:03:09,27697.35,0
2021-06-10 10:03:12,27699.25,0
2021-06-10 10:03:13,27698.4,0
2021-06-10 10:03:15,27697.8,0
2021-06-10 10:03:16,27697.95,0
2021-06-10 10:03:18,27697.35,0
2021-06-10 10:03:19,27698.15,0
2021-06-10 10:03:20,27697.85,0
2021-06-10 10:03:21,27697.3,0
2021-06-10 10:03:22,27698.9,0
2021-06-10 10:03:23,27698.45,0
2021-06-10 10:03:24,27697.95,0
2021-06-10 10:03:25,27699.2,0
2021-06-10 10:03:26,27698.85,0
2021-06-10 10:03:27,27699.75,0
2021-06-10 10:03:28,27698.55,0
2021-06-10 10:03:31,27696.9,0
2021-06-10 10:03:32,27698.1,0
2021-06-10 10:03:33,27698.9,0
2021-06-10 10:03:34,27699.9,0
2021-06-10 10:03:35,27699.15,0
2021-06-10 10:03:36,27699.35,0
2021-06-10 10:03:37,27698.1,0
2021-06-10 10:03:38,27698.35,0
2021-06-10 10:03:39,27698.35,0
2021-06-10 10:03:40,27699.6,0
2021-06-10 10:03:41,27698.4,0
2021-06-10 10:03:42,27698.3,0
2021-06-10 10:03:43,27700.05,0
2021-06-10 10:03:44,27700.1,0
2021-06-10 10:03:45,27698.4,0
2021-06-10 10:03:46,27698.2,0
2021-06-10 10:03:47,27698.3,0
2021-06-10 10:03:48,27699.9,0
2021-06-10 10:03:49,27697.75,0
2021-06-10 10:03:50,27698.2,0
2021-06-10 10:03:51,27699.55,0
2021-06-10 10:03:52,27699.85,0
2021-06-10 10:03:53,27700.75,0
2021-06-10 10:03:54,27700.9,0
2021-06-10 10:03:55,27701.45,0
2021-06-10 10:03:56,27701.25,0
2021-06-10 10:03:57,27702.55,0
2021-06-10 10:03:58,27698.85,0
2021-06-10 10:03:59,27700.0,0
2021-06-10 10:04:00,27699.85,0
2021-06-10 10:04:01,27700.6,0
2021-06-10 10:04:02,27698.85,0
2021-06-10 10:04:03,27699.25,0
2021-06-10 10:04:04,27698.8,0
2021-06-10 10:04:05,27698.85,0
2021-06-10 10:04:06,27698.6,0
2021-06-10 10:04:07,27698.1,0
2021-06-10 10:04:08,27699.15,0
2021-06-10 10:04:09,27699.7,0
2021-06-10 10:04:10,27701.15,0
2021-06-10 10:04:11,27700.8,0
2021-06-10 10:04:12,27698.8,0
2021-06-10 10:04:13,27698.9,0
2021-06-10 10:04:14,27700.3,0
2021-06-10 10:04:15,27701.3,0
2021-06-10 10:04:16,27701.3,0
2021-06-10 10:04:17,27698.35,0
2021-06-10 10:04:18,27698.2,0
2021-06-10 10:04:19,27699.0,0
2021-06-10 10:04:23,27698.3,0
2021-06-10 10:04:24,27698.85,0
2021-06-10 10:04:25,27699.5,0
2021-06-10 10:04:26,27699.0,0
2021-06-10 10:04:27,27698.15,0
2021-06-10 10:04:28,27698.2,0
2021-06-10 10:04:29,27698.3,0
2021-06-10 10:04:30,27698.3,0
2021-06-10 10:04:31,27698.25,0
2021-06-10 10:04:32,27697.25,0
2021-06-10 10:04:33,27697.5,0
2021-06-10 10:04:35,27699.6,0
2021-06-10 10:04:36,27699.65,0
2021-06-10 10:04:37,27699.6,0
2021-06-10 10:04:38,27700.35,0
2021-06-10 10:04:39,27700.9,0
2021-06-10 10:04:40,27701.85,0
2021-06-10 10:04:41,27700.35,0
2021-06-10 10:04:42,27702.1,0
2021-06-10 10:04:43,27702.0,0
2021-06-10 10:04:44,27702.15,0
2021-06-10 10:04:45,27700.85,0
2021-06-10 10:04:46,27701.7,0
2021-06-10 10:04:47,27701.75,0
2021-06-10 10:04:49,27702.0,0
2021-06-10 10:04:50,27701.75,0
2021-06-10 10:04:51,27703.3,0
2021-06-10 10:04:52,27703.75,0
2021-06-10 10:04:53,27703.65,0
2021-06-10 10:04:54,27701.55,0
2021-06-10 10:04:55,27702.35,0
2021-06-10 10:04:56,27701.6,0
2021-06-10 10:04:57,27704.4,0
2021-06-10 10:04:58,27702.45,0
2021-06-10 10:04:59,27704.4,0
2021-06-10 10:05:00,27702.6,0
2021-06-10 10:05:01,27701.65,0
2021-06-10 10:05:03,27702.7,0
2021-06-10 10:05:04,27703.2,0
2021-06-10 10:05:05,27701.85,0
2021-06-10 10:05:06,27700.75,0
2021-06-10 10:05:07,27700.25,0
2021-06-10 10:05:08,27702.65,0
2021-06-10 10:05:10,27704.35,0
2021-06-10 10:05:11,27705.65,0
2021-06-10 10:05:12,27703.55,0
2021-06-10 10:05:14,27703.0,0
2021-06-10 10:05:15,27704.0,0
2021-06-10 10:05:17,27701.8,0
2021-06-10 10:05:18,27701.1,0
2021-06-10 10:05:19,27702.15,0
2021-06-10 10:05:20,27702.15,0
2021-06-10 10:05:21,27701.25,0
2021-06-10 10:05:22,27701.4,0
2021-06-10 10:05:23,27702.4,0
2021-06-10 10:05:24,27702.55,0
2021-06-10 10:05:25,27701.6,0
2021-06-10 10:05:27,27702.55,0
2021-06-10 10:05:28,27702.8,0
2021-06-10 10:05:29,27703.9,0
2021-06-10 10:05:30,27702.9,0
2021-06-10 10:05:31,27701.9,0
2021-06-10 10:05:32,27702.7,0
2021-06-10 10:05:33,27704.35,0
2021-06-10 10:05:34,27702.85,0
2021-06-10 10:05:36,27701.25,0
2021-06-10 10:05:37,27702.0,0
2021-06-10 10:05:38,27701.35,0
2021-06-10 10:05:39,27701.2,0
2021-06-10 10:05:40,27702.7,0
2021-06-10 10:05:41,27703.25,0
2021-06-10 10:05:42,27704.35,0
2021-06-10 10:05:43,27704.75,0
2021-06-10 10:05:44,27704.45,0
2021-06-10 10:05:45,27703.85,0
2021-06-10 10:05:47,27703.7,0
2021-06-10 10:05:48,27703.05,0
2021-06-10 10:05:49,27703.4,0
2021-06-10 10:05:50,27703.0,0
2021-06-10 10:05:51,27704.05,0
2021-06-10 10:05:52,27704.65,0
2021-06-10 10:05:53,27704.8,0
2021-06-10 10:05:54,27704.35,0
2021-06-10 10:05:55,27705.2,0
2021-06-10 10:05:56,27705.6,0
2021-06-10 10:05:57,27705.8,0
2021-06-10 10:05:58,27707.6,0
2021-06-10 10:06:00,27707.75,0
2021-06-10 10:06:01,27708.8,0
2021-06-10 10:06:02,27709.75,0
2021-06-10 10:06:03,27709.15,0
2021-06-10 10:06:04,27708.9,0
2021-06-10 10:06:05,27708.15,0
2021-06-10 10:06:06,27708.2,0
2021-06-10 10:06:07,27707.45,0
2021-06-10 10:06:08,27709.05,0
2021-06-10 10:06:09,27708.3,0
2021-06-10 10:06:10,27708.25,0
2021-06-10 10:06:11,27707.6,0
2021-06-10 10:06:12,27707.55,0
2021-06-10 10:06:14,27707.6,0
2021-06-10 10:06:15,27708.4,0
2021-06-10 10:06:16,27708.45,0
2021-06-10 10:06:17,27708.25,0
2021-06-10 10:06:18,27706.4,0
2021-06-10 10:06:19,27707.8,0
2021-06-10 10:06:20,27707.8,0
2021-06-10 10:06:21,27707.35,0
2021-06-10 10:06:22,27707.75,0
2021-06-10 10:06:23,27706.65,0
2021-06-10 10:06:24,27707.05,0
2021-06-10 10:06:25,27707.6,0
2021-06-10 10:06:26,27707.0,0
2021-06-10 10:06:27,27708.9,0
2021-06-10 10:06:28,27708.15,0
2021-06-10 10:06:29,27708.5,0
2021-06-10 10:06:30,27707.5,0
2021-06-10 10:06:31,27709.2,0
2021-06-10 10:06:32,27709.25,0
2021-06-10 10:06:33,27708.6,0
2021-06-10 10:06:34,27707.95,0
2021-06-10 10:06:35,27707.75,0
2021-06-10 10:06:36,27706.6,0
2021-06-10 10:06:37,27706.65,0
2021-06-10 10:06:38,27707.15,0
2021-06-10 10:06:39,27707.5,0
2021-06-10 10:06:40,27707.25,0
2021-06-10 10:06:41,27705.05,0
2021-06-10 10:06:42,27706.9,0
2021-06-10 10:06:43,27708.3,0
2021-06-10 10:06:44,27708.0,0
2021-06-10 10:06:45,27708.7,0
2021-06-10 10:06:46,27706.4,0
2021-06-10 10:06:47,27708.6,0
2021-06-10 10:06:48,27710.05,0
2021-06-10 10:06:49,27709.15,0
2021-06-10 10:06:50,27709.4,0
2021-06-10 10:06:51,27709.2,0
2021-06-10 10:06:52,27708.6,0
2021-06-10 10:06:53,27708.2,0
2021-06-10 10:06:54,27708.8,0
2021-06-10 10:06:55,27709.2,0
2021-06-10 10:06:56,27710.05,0
2021-06-10 10:06:57,27709.95,0
2021-06-10 10:06:58,27711.0,0
2021-06-10 10:06:59,27710.2,0
2021-06-10 10:07:00,27710.55,0
2021-06-10 10:07:01,27710.8,0
2021-06-10 10:07:02,27710.45,0
2021-06-10 10:07:03,27711.0,0
2021-06-10 10:07:04,27712.7,0
2021-06-10 10:07:05,27711.9,0
2021-06-10 10:07:06,27711.2,0
2021-06-10 10:07:07,27711.1,0
2021-06-10 10:07:09,27710.05,0
2021-06-10 10:07:10,27710.45,0
2021-06-10 10:07:11,27710.05,0
2021-06-10 10:07:12,27707.95,0
2021-06-10 10:07:13,27708.2,0
2021-06-10 10:07:14,27708.35,0
2021-06-10 10:07:15,27707.9,0
2021-06-10 10:07:20,27708.05,0
2021-06-10 10:07:21,27708.85,0
2021-06-10 10:07:23,27710.1,0
2021-06-10 10:07:25,27711.3,0
2021-06-10 10:07:26,27711.5,0
2021-06-10 10:07:27,27709.5,0
2021-06-10 10:07:28,27710.15,0
2021-06-10 10:07:30,27707.55,0
2021-06-10 10:07:32,27709.75,0
2021-06-10 10:07:33,27710.5,0
2021-06-10 10:07:34,27709.45,0
2021-06-10 10:07:35,27711.2,0
2021-06-10 10:07:36,27711.1,0
2021-06-10 10:07:37,27710.8,0
2021-06-10 10:07:38,27708.5,0
2021-06-10 10:07:39,27709.0,0
2021-06-10 10:07:40,27710.2,0
2021-06-10 10:07:41,27712.7,0
2021-06-10 10:07:42,27712.3,0
2021-06-10 10:07:43,27710.8,0
2021-06-10 10:07:44,27711.1,0
2021-06-10 10:07:45,27711.9,0
2021-06-10 10:07:46,27710.4,0
2021-06-10 10:07:48,27709.15,0
2021-06-10 10:07:49,27709.65,0
2021-06-10 10:07:50,27710.1,0
2021-06-10 10:07:51,27706.4,0
2021-06-10 10:07:52,27708.7,0
2021-06-10 10:07:54,27708.8,0
2021-06-10 10:07:56,27710.8,0
2021-06-10 10:07:57,27708.4,0
2021-06-10 10:07:58,27707.35,0
2021-06-10 10:07:59,27708.75,0
2021-06-10 10:08:00,27709.8,0
2021-06-10 10:08:01,27711.05,0
2021-06-10 10:08:02,27708.55,0
2021-06-10 10:08:04,27709.9,0
2021-06-10 10:08:05,27710.2,0
2021-06-10 10:08:06,27708.1,0
2021-06-10 10:08:07,27711.65,0
2021-06-10 10:08:09,27710.35,0
2021-06-10 10:08:10,27711.65,0
2021-06-10 10:08:11,27711.2,0
2021-06-10 10:08:12,27711.45,0
2021-06-10 10:08:13,27709.6,0
2021-06-10 10:08:14,27709.9,0
2021-06-10 10:08:15,27708.4,0
2021-06-10 10:08:16,27709.8,0
2021-06-10 10:08:17,27710.95,0
2021-06-10 10:08:20,27710.3,0
2021-06-10 10:08:21,27709.6,0
2021-06-10 10:08:23,27710.15,0
2021-06-10 10:08:24,27710.15,0
2021-06-10 10:08:26,27712.25,0
2021-06-10 10:08:27,27711.25,0
2021-06-10 10:08:29,27712.05,0
2021-06-10 10:08:30,27710.7,0
2021-06-10 10:08:31,27711.9,0
2021-06-10 10:08:32,27711.65,0
2021-06-10 10:08:33,27712.1,0
2021-06-10 10:08:34,27712.1,0
2021-06-10 10:08:35,27712.15,0
2021-06-10 10:08:36,27712.15,0
2021-06-10 10:08:37,27712.05,0
2021-06-10 10:08:38,27710.55,0
2021-06-10 10:08:39,27711.85,0
2021-06-10 10:08:41,27711.4,0
2021-06-10 10:08:44,27711.2,0
2021-06-10 10:08:46,27711.1,0
2021-06-10 10:08:47,27711.7,0
2021-06-10 10:08:48,27712.55,0
2021-06-10 10:08:49,27712.8,0
2021-06-10 10:08:51,27712.5,0
2021-06-10 10:08:52,27713.45,0
2021-06-10 10:08:53,27711.8,0
2021-06-10 10:08:54,27713.25,0
2021-06-10 10:08:55,27712.9,0
2021-06-10 10:08:56,27712.95,0
2021-06-10 10:08:57,27712.1,0
2021-06-10 10:08:59,27711.35,0
2021-06-10 10:09:00,27711.35,0
2021-06-10 10:09:01,27710.2,0
2021-06-10 10:09:02,27710.65,0
2021-06-10 10:09:04,27711.4,0
2021-06-10 10:09:05,27710.65,0
2021-06-10 10:09:07,27709.5,0
2021-06-10 10:09:08,27711.85,0
2021-06-10 10:09:09,27711.6,0
2021-06-10 10:09:10,27711.5,0
2021-06-10 10:09:11,27711.5,0
2021-06-10 10:09:12,27709.9,0
2021-06-10 10:09:13,27709.5,0
2021-06-10 10:09:14,27709.95,0
2021-06-10 10:09:15,27711.65,0
2021-06-10 10:09:16,27712.85,0
2021-06-10 10:09:17,27712.55,0
2021-06-10 10:09:18,27712.65,0
2021-06-10 10:09:19,27712.65,0
2021-06-10 10:09:20,27711.25,0
2021-06-10 10:09:21,27709.85,0
2021-06-10 10:09:22,27710.55,0
2021-06-10 10:09:23,27710.55,0
2021-06-10 10:09:24,27710.1,0
2021-06-10 10:09:25,27709.5,0
2021-06-10 10:09:26,27710.1,0
2021-06-10 10:09:27,27711.6,0
2021-06-10 10:09:29,27711.15,0
2021-06-10 10:09:30,27712.1,0
2021-06-10 10:09:31,27711.2,0
2021-06-10 10:09:32,27711.25,0
2021-06-10 10:09:33,27710.9,0
2021-06-10 10:09:34,27711.7,0
2021-06-10 10:09:37,27713.05,0
2021-06-10 10:09:38,27713.3,0
2021-06-10 10:09:39,27713.5,0
2021-06-10 10:09:40,27713.15,0
2021-06-10 10:09:41,27712.25,0
2021-06-10 10:09:42,27713.25,0
2021-06-10 10:09:43,27713.3,0
2021-06-10 10:09:44,27712.7,0
2021-06-10 10:09:45,27713.05,0
2021-06-10 10:09:46,27712.7,0
2021-06-10 10:09:47,27710.3,0
2021-06-10 10:09:48,27711.4,0
2021-06-10 10:09:49,27711.1,0
2021-06-10 10:09:50,27711.8,0
2021-06-10 10:09:52,27712.6,0
2021-06-10 10:09:53,27711.3,0
2021-06-10 10:09:54,27712.7,0
2021-06-10 10:09:55,27712.0,0
2021-06-10 10:09:56,27711.75,0
2021-06-10 10:09:57,27712.7,0
2021-06-10 10:09:58,27711.95,0
2021-06-10 10:09:59,27711.85,0
2021-06-10 10:10:00,27712.45,0
2021-06-10 10:10:01,27712.55,0
2021-06-10 10:10:02,27712.6,0
2021-06-10 10:10:03,27712.85,0
2021-06-10 10:10:04,27713.8,0
2021-06-10 10:10:05,27713.8,0
2021-06-10 10:10:06,27714.2,0
2021-06-10 10:10:07,27714.25,0
2021-06-10 10:10:08,27713.7,0
2021-06-10 10:10:09,27713.7,0
2021-06-10 10:10:10,27714.55,0
2021-06-10 10:10:11,27714.05,0
2021-06-10 10:10:12,27713.9,0
2021-06-10 10:10:14,27713.45,0
2021-06-10 10:10:15,27712.45,0
2021-06-10 10:10:16,27712.35,0
2021-06-10 10:10:17,27712.35,0
2021-06-10 10:10:19,27711.75,0
2021-06-10 10:10:20,27713.5,0
2021-06-10 10:10:21,27714.9,0
2021-06-10 10:10:22,27715.45,0
2021-06-10 10:10:23,27714.5,0
2021-06-10 10:10:24,27715.95,0
2021-06-10 10:10:25,27718.7,0
2021-06-10 10:10:27,27719.1,0
2021-06-10 10:10:28,27718.45,0
2021-06-10 10:10:29,27719.3,0
2021-06-10 10:10:30,27720.05,0
2021-06-10 10:10:31,27719.4,0
2021-06-10 10:10:33,27720.45,0
2021-06-10 10:10:34,27720.75,0
2021-06-10 10:10:35,27720.05,0
2021-06-10 10:10:36,27718.3,0
2021-06-10 10:10:37,27714.8,0
2021-06-10 10:10:38,27716.0,0
2021-06-10 10:10:39,27716.25,0
2021-06-10 10:10:40,27716.8,0
2021-06-10 10:10:41,27715.9,0
2021-06-10 10:10:42,27716.0,0
2021-06-10 10:10:43,27714.35,0
2021-06-10 10:10:44,27716.05,0
2021-06-10 10:10:45,27716.05,0
2021-06-10 10:10:46,27717.7,0
2021-06-10 10:10:47,27716.8,0
2021-06-10 10:10:48,27716.2,0
2021-06-10 10:10:50,27716.85,0
2021-06-10 10:10:51,27714.2,0
2021-06-10 10:10:53,27715.35,0
2021-06-10 10:10:54,27714.35,0
2021-06-10 10:10:55,27714.65,0
2021-06-10 10:10:56,27714.55,0
2021-06-10 10:10:57,27715.1,0
2021-06-10 10:11:00,27714.7,0
2021-06-10 10:11:01,27714.25,0
2021-06-10 10:11:02,27714.65,0
2021-06-10 10:11:03,27713.8,0
2021-06-10 10:11:04,27715.5,0
2021-06-10 10:11:05,27715.75,0
2021-06-10 10:11:06,27712.9,0
2021-06-10 10:11:07,27713.35,0
2021-06-10 10:11:08,27714.25,0
2021-06-10 10:11:09,27714.75,0
2021-06-10 10:11:10,27714.5,0
2021-06-10 10:11:11,27715.0,0
2021-06-10 10:11:12,27714.05,0
2021-06-10 10:11:13,27713.95,0
2021-06-10 10:11:14,27713.65,0
2021-06-10 10:11:15,27714.0,0
2021-06-10 10:11:16,27714.15,0
2021-06-10 10:11:17,27714.35,0
2021-06-10 10:11:18,27714.35,0
2021-06-10 10:11:19,27715.2,0
2021-06-10 10:11:20,27713.65,0
2021-06-10 10:11:21,27713.9,0
2021-06-10 10:11:23,27713.8,0
2021-06-10 10:11:24,27715.7,0
2021-06-10 10:11:25,27716.9,0
2021-06-10 10:11:26,27717.25,0
2021-06-10 10:11:27,27716.2,0
2021-06-10 10:11:29,27716.4,0
2021-06-10 10:11:30,27716.3,0
2021-06-10 10:11:31,27715.85,0
2021-06-10 10:11:32,27715.2,0
2021-06-10 10:11:33,27715.6,0
2021-06-10 10:11:34,27717.1,0
2021-06-10 10:11:35,27717.1,0
2021-06-10 10:11:36,27716.85,0
2021-06-10 10:11:37,27715.5,0
2021-06-10 10:11:38,27716.0,0
2021-06-10 10:11:39,27716.35,0
2021-06-10 10:11:40,27716.85,0
2021-06-10 10:11:42,27716.5,0
2021-06-10 10:11:43,27716.05,0
2021-06-10 10:11:44,27716.0,0
2021-06-10 10:11:45,27715.85,0
2021-06-10 10:11:46,27716.75,0
2021-06-10 10:11:49,27715.8,0
2021-06-10 10:11:50,27716.0,0
2021-06-10 10:11:51,27715.45,0
2021-06-10 10:11:52,27713.6,0
2021-06-10 10:11:54,27713.5,0
2021-06-10 10:11:56,27715.0,0
2021-06-10 10:11:57,27715.9,0
2021-06-10 10:12:00,27715.5,0
2021-06-10 10:12:01,27713.55,0
2021-06-10 10:12:03,27714.2,0
2021-06-10 10:12:04,27715.45,0
2021-06-10 10:12:06,27714.9,0
2021-06-10 10:12:07,27716.1,0
2021-06-10 10:12:08,27717.15,0
2021-06-10 10:12:09,27716.55,0
2021-06-10 10:12:10,27716.65,0
2021-06-10 10:12:11,27717.7,0
2021-06-10 10:12:13,27718.1,0
2021-06-10 10:12:15,27717.75,0
2021-06-10 10:12:16,27717.45,0
2021-06-10 10:12:17,27717.45,0
2021-06-10 10:12:18,27718.05,0
2021-06-10 10:12:19,27717.8,0
2021-06-10 10:12:20,27718.65,0
2021-06-10 10:12:21,27717.1,0
2021-06-10 10:12:22,27716.5,0
2021-06-10 10:12:23,27717.4,0
2021-06-10 10:12:24,27718.2,0
2021-06-10 10:12:25,27718.35,0
2021-06-10 10:12:27,27718.0,0
2021-06-10 10:12:28,27717.15,0
2021-06-10 10:12:31,27717.95,0
2021-06-10 10:12:33,27718.2,0
2021-06-10 10:12:34,27718.2,0
2021-06-10 10:12:35,27717.95,0
2021-06-10 10:12:36,27716.65,0
2021-06-10 10:12:37,27717.0,0
2021-06-10 10:12:38,27717.05,0
2021-06-10 10:12:39,27716.75,0
2021-06-10 10:12:40,27716.25,0
2021-06-10 10:12:41,27717.15,0
2021-06-10 10:12:42,27717.7,0
2021-06-10 10:12:43,27717.4,0
2021-06-10 10:12:45,27716.55,0
2021-06-10 10:12:47,27716.3,0
2021-06-10 10:12:48,27717.15,0
2021-06-10 10:12:49,27716.95,0
2021-06-10 10:12:50,27716.15,0
2021-06-10 10:12:51,27715.55,0
2021-06-10 10:12:52,27715.25,0
2021-06-10 10:12:53,27716.1,0
2021-06-10 10:12:54,27717.0,0
2021-06-10 10:12:55,27715.7,0
2021-06-10 10:12:57,27714.4,0
2021-06-10 10:12:58,27713.9,0
2021-06-10 10:12:59,27713.35,0
2021-06-10 10:13:00,27713.35,0
2021-06-10 10:13:01,27712.3,0
2021-06-10 10:13:02,27713.45,0
2021-06-10 10:13:04,27711.65,0
2021-06-10 10:13:06,27712.5,0
2021-06-10 10:13:07,27712.25,0
2021-06-10 10:13:08,27711.95,0
2021-06-10 10:13:10,27713.3,0
2021-06-10 10:13:11,27713.5,0
2021-06-10 10:13:12,27713.5,0
2021-06-10 10:13:13,27712.2,0
2021-06-10 10:13:14,27712.2,0
2021-06-10 10:13:15,27712.2,0
2021-06-10 10:13:16,27711.4,0
2021-06-10 10:13:17,27712.8,0
2021-06-10 10:13:18,27712.9,0
2021-06-10 10:13:19,27712.3,0
2021-06-10 10:13:20,27711.0,0
2021-06-10 10:13:22,27712.0,0
2021-06-10 10:13:23,27711.75,0
2021-06-10 10:13:24,27711.35,0
2021-06-10 10:13:26,27711.6,0
2021-06-10 10:13:27,27711.6,0
2021-06-10 10:13:28,27712.4,0
2021-06-10 10:13:29,27712.05,0
2021-06-10 10:13:31,27711.3,0
2021-06-10 10:13:32,27711.85,0
2021-06-10 10:13:34,27711.6,0
2021-06-10 10:13:35,27712.6,0
2021-06-10 10:13:36,27711.3,0
2021-06-10 10:13:37,27711.8,0
2021-06-10 10:13:38,27711.8,0
2021-06-10 10:13:39,27711.7,0
2021-06-10 10:13:40,27712.2,0
2021-06-10 10:13:41,27712.45,0
2021-06-10 10:13:42,27713.1,0
2021-06-10 10:13:43,27712.25,0
2021-06-10 10:13:45,27711.05,0
2021-06-10 10:13:46,27710.3,0
2021-06-10 10:13:47,27710.3,0
2021-06-10 10:13:48,27711.65,0
2021-06-10 10:13:49,27711.35,0
2021-06-10 10:13:50,27711.75,0
2021-06-10 10:13:51,27712.1,0
2021-06-10 10:13:52,27713.35,0
2021-06-10 10:13:53,27713.35,0
2021-06-10 10:13:54,27713.85,0
2021-06-10 10:13:55,27713.85,0
2021-06-10 10:13:56,27714.15,0
2021-06-10 10:13:59,27713.25,0
2021-06-10 10:14:00,27713.0,0
2021-06-10 10:14:01,27711.65,0
2021-06-10 10:14:02,27711.75,0
2021-06-10 10:14:03,27711.65,0
2021-06-10 10:14:04,27711.65,0
2021-06-10 10:14:05,27711.9,0
2021-06-10 10:14:06,27710.45,0
2021-06-10 10:14:07,27710.0,0
2021-06-10 10:14:08,27710.4,0
2021-06-10 10:14:09,27709.85,0
2021-06-10 10:14:10,27710.6,0
2021-06-10 10:14:11,27710.15,0
2021-06-10 10:14:12,27710.25,0
2021-06-10 10:14:13,27708.9,0
2021-06-10 10:14:15,27711.2,0
2021-06-10 10:14:16,27709.35,0
2021-06-10 10:14:17,27708.7,0
2021-06-10 10:14:18,27708.7,0
2021-06-10 10:14:19,27708.35,0
2021-06-10 10:14:20,27712.4,0
2021-06-10 10:14:21,27712.15,0
2021-06-10 10:14:22,27712.15,0
2021-06-10 10:14:23,27710.75,0
2021-06-10 10:14:25,27710.9,0
2021-06-10 10:14:26,27710.45,0
2021-06-10 10:14:27,27710.7,0
2021-06-10 10:14:28,27711.95,0
2021-06-10 10:14:29,27711.3,0
2021-06-10 10:14:30,27712.2,0
2021-06-10 10:14:31,27712.05,0
2021-06-10 10:14:32,27712.85,0
2021-06-10 10:14:33,27709.7,0
2021-06-10 10:14:34,27711.9,0
2021-06-10 10:14:35,27711.1,0
2021-06-10 10:14:36,27709.9,0
2021-06-10 10:14:37,27709.6,0
2021-06-10 10:14:38,27711.35,0
2021-06-10 10:14:39,27712.05,0
2021-06-10 10:14:40,27712.05,0
2021-06-10 10:14:41,27712.0,0
2021-06-10 10:14:42,27711.6,0
2021-06-10 10:14:43,27713.45,0
2021-06-10 10:14:44,27707.2,0
2021-06-10 10:14:45,27709.25,0
2021-06-10 10:14:46,27709.55,0
2021-06-10 10:14:47,27708.45,0
2021-06-10 10:14:48,27707.1,0
2021-06-10 10:14:53,27708.15,0
2021-06-10 10:14:54,27707.4,0
2021-06-10 10:14:55,27707.25,0
2021-06-10 10:14:56,27707.95,0
2021-06-10 10:14:57,27705.9,0
2021-06-10 10:14:59,27705.8,0
2021-06-10 10:15:00,27705.65,0
2021-06-10 10:15:01,27704.35,0
2021-06-10 10:15:02,27704.55,0
2021-06-10 10:15:03,27705.15,0
2021-06-10 10:15:04,27707.3,0
2021-06-10 10:15:05,27707.0,0
2021-06-10 10:15:06,27705.6,0
2021-06-10 10:15:07,27705.65,0
2021-06-10 10:15:08,27707.3,0
2021-06-10 10:15:09,27708.15,0
2021-06-10 10:15:10,27706.25,0
2021-06-10 10:15:13,27707.0,0
2021-06-10 10:15:14,27706.9,0
2021-06-10 10:15:16,27707.15,0
2021-06-10 10:15:18,27706.95,0
2021-06-10 10:15:19,27706.8,0
2021-06-10 10:15:20,27707.0,0
2021-06-10 10:15:21,27705.95,0
2021-06-10 10:15:22,27706.25,0
2021-06-10 10:15:23,27706.65,0
2021-06-10 10:15:24,27707.85,0
2021-06-10 10:15:27,27707.25,0
2021-06-10 10:15:28,27706.4,0
2021-06-10 10:15:29,27705.9,0
2021-06-10 10:15:30,27706.25,0
2021-06-10 10:15:32,27706.5,0
2021-06-10 10:15:33,27706.0,0
2021-06-10 10:15:34,27705.8,0
2021-06-10 10:15:35,27705.85,0
2021-06-10 10:15:36,27706.2,0
2021-06-10 10:15:37,27705.85,0
2021-06-10 10:15:38,27707.0,0
2021-06-10 10:15:39,27707.0,0
2021-06-10 10:15:40,27706.2,0
2021-06-10 10:15:41,27706.1,0
2021-06-10 10:15:43,27706.9,0
2021-06-10 10:15:44,27706.65,0
2021-06-10 10:15:45,27705.85,0
2021-06-10 10:15:46,27705.9,0
2021-06-10 10:15:47,27705.8,0
2021-06-10 10:15:48,27706.25,0
2021-06-10 10:15:49,27705.55,0
2021-06-10 10:15:50,27705.35,0
2021-06-10 10:15:51,27705.1,0
2021-06-10 10:15:52,27705.45,0
2021-06-10 10:15:53,27705.3,0
2021-06-10 10:15:54,27705.75,0
2021-06-10 10:15:55,27705.95,0
2021-06-10 10:15:56,27706.1,0
2021-06-10 10:15:57,27705.55,0
2021-06-10 10:15:59,27706.05,0
2021-06-10 10:16:00,27705.95,0
2021-06-10 10:16:01,27705.55,0
2021-06-10 10:16:02,27705.6,0
2021-06-10 10:16:04,27705.95,0
2021-06-10 10:16:05,27705.5,0
2021-06-10 10:16:07,27705.45,0
2021-06-10 10:16:08,27703.85,0
2021-06-10 10:16:09,27704.3,0
2021-06-10 10:16:10,27703.7,0
2021-06-10 10:16:11,27702.15,0
2021-06-10 10:16:12,27701.45,0
2021-06-10 10:16:13,27701.75,0
2021-06-10 10:16:14,27699.5,0
2021-06-10 10:16:15,27700.3,0
2021-06-10 10:16:16,27700.7,0
2021-06-10 10:16:17,27701.25,0
2021-06-10 10:16:18,27701.75,0
2021-06-10 10:16:19,27701.45,0
2021-06-10 10:16:20,27702.2,0
2021-06-10 10:16:21,27702.65,0
2021-06-10 10:16:22,27702.85,0
2021-06-10 10:16:23,27702.6,0
2021-06-10 10:16:24,27703.6,0
2021-06-10 10:16:25,27705.2,0
2021-06-10 10:16:26,27704.2,0
2021-06-10 10:16:27,27703.65,0
2021-06-10 10:16:28,27701.9,0
2021-06-10 10:16:29,27702.55,0
2021-06-10 10:16:30,27704.35,0
2021-06-10 10:16:31,27703.3,0
2021-06-10 10:16:32,27702.9,0
2021-06-10 10:16:33,27702.55,0
2021-06-10 10:16:34,27702.1,0
2021-06-10 10:16:35,27702.6,0
2021-06-10 10:16:36,27702.6,0
2021-06-10 10:16:37,27701.75,0
2021-06-10 10:16:38,27703.65,0
2021-06-10 10:16:39,27702.75,0
2021-06-10 10:16:40,27701.05,0
2021-06-10 10:16:41,27699.2,0
2021-06-10 10:16:42,27692.95,0
2021-06-10 10:16:43,27691.75,0
2021-06-10 10:16:44,27694.6,0
2021-06-10 10:16:45,27695.3,0
2021-06-10 10:16:47,27693.75,0
2021-06-10 10:16:48,27688.5,0
2021-06-10 10:16:49,27686.6,0
2021-06-10 10:16:50,27687.1,0
2021-06-10 10:16:51,27683.8,0
2021-06-10 10:16:52,27684.35,0
2021-06-10 10:16:54,27687.6,0
2021-06-10 10:16:55,27686.9,0
2021-06-10 10:16:56,27690.85,0
2021-06-10 10:16:57,27691.5,0
2021-06-10 10:16:58,27690.4,0
2021-06-10 10:16:59,27689.75,0
2021-06-10 10:17:00,27687.8,0
2021-06-10 10:17:01,27690.45,0
2021-06-10 10:17:02,27689.05,0
2021-06-10 10:17:03,27688.0,0
2021-06-10 10:17:04,27690.95,0
2021-06-10 10:17:05,27687.95,0
2021-06-10 10:17:06,27689.35,0
2021-06-10 10:17:07,27689.2,0
2021-06-10 10:17:08,27689.1,0
2021-06-10 10:17:09,27690.75,0
2021-06-10 10:17:10,27689.75,0
2021-06-10 10:17:11,27689.2,0
2021-06-10 10:17:12,27689.55,0
2021-06-10 10:17:13,27690.25,0
2021-06-10 10:17:14,27690.3,0
2021-06-10 10:17:15,27688.7,0
2021-06-10 10:17:16,27689.55,0
2021-06-10 10:17:17,27688.85,0
2021-06-10 10:17:18,27692.25,0
2021-06-10 10:17:19,27692.5,0
2021-06-10 10:17:20,27690.6,0
2021-06-10 10:17:21,27692.45,0
2021-06-10 10:17:22,27691.5,0
2021-06-10 10:17:23,27689.6,0
2021-06-10 10:17:24,27690.0,0
2021-06-10 10:17:25,27691.7,0
2021-06-10 10:17:26,27691.35,0
2021-06-10 10:17:28,27691.8,0
2021-06-10 10:17:29,27694.0,0
2021-06-10 10:17:30,27693.6,0
2021-06-10 10:17:31,27691.25,0
2021-06-10 10:17:32,27692.35,0
2021-06-10 10:17:33,27691.1,0
2021-06-10 10:17:34,27691.75,0
2021-06-10 10:17:35,27691.8,0
2021-06-10 10:17:36,27691.1,0
2021-06-10 10:17:38,27691.75,0
2021-06-10 10:17:39,27692.25,0
2021-06-10 10:17:41,27693.8,0
2021-06-10 10:17:42,27693.8,0
2021-06-10 10:17:43,27691.75,0
2021-06-10 10:17:44,27692.7,0
2021-06-10 10:17:45,27692.6,0
2021-06-10 10:17:46,27692.6,0
2021-06-10 10:17:47,27692.4,0
2021-06-10 10:17:48,27692.9,0
2021-06-10 10:17:49,27692.5,0
2021-06-10 10:17:50,27692.45,0
2021-06-10 10:17:51,27692.55,0
2021-06-10 10:17:52,27693.05,0
2021-06-10 10:17:54,27692.6,0
2021-06-10 10:17:55,27692.65,0
2021-06-10 10:17:56,27693.4,0
2021-06-10 10:17:57,27691.9,0
2021-06-10 10:17:58,27693.4,0
2021-06-10 10:17:59,27692.5,0
2021-06-10 10:18:02,27694.35,0
2021-06-10 10:18:03,27694.95,0
