timestamp,ltp,volume
2021-06-10 09:16:06,16498.4,0
2021-06-10 09:16:17,16503.1,0
2021-06-10 09:16:28,16493.25,0
2021-06-10 09:16:30,16491.95,0
2021-06-10 09:16:49,16491.45,0
2021-06-10 09:16:54,16484.8,0
2021-06-10 09:16:55,16483.8,0
2021-06-10 09:16:58,16484.3,0
2021-06-10 09:16:59,16484.75,0
2021-06-10 09:17:07,16483.6,0
2021-06-10 09:17:08,16481.3,0
2021-06-10 09:17:09,16480.25,0
2021-06-10 09:17:16,16479.25,0
2021-06-10 09:17:27,16485.35,0
2021-06-10 09:17:38,16481.75,0
2021-06-10 09:17:40,16483.05,0
2021-06-10 09:17:41,16482.75,0
2021-06-10 09:17:44,16480.1,0
2021-06-10 09:17:51,16479.8,0
2021-06-10 09:17:57,16479.05,0
2021-06-10 09:17:59,16478.45,0
2021-06-10 09:18:01,16479.05,0
2021-06-10 09:18:14,16487.0,0
2021-06-10 09:18:40,16487.5,0
2021-06-10 09:18:41,16488.45,0
2021-06-10 09:18:46,16488.3,0
2021-06-10 09:18:47,16490.75,0
2021-06-10 09:18:48,16490.9,0
2021-06-10 09:18:49,16490.6,0
2021-06-10 09:18:59,16494.5,0
2021-06-10 09:19:00,16495.4,0
2021-06-10 09:19:21,16497.7,0
2021-06-10 09:19:36,16492.65,0
2021-06-10 09:19:37,16492.0,0
2021-06-10 09:19:43,16495.6,0
2021-06-10 09:19:49,16494.9,0
2021-06-10 09:19:56,16495.5,0
2021-06-10 09:20:03,16493.65,0
2021-06-10 09:20:24,16476.75,0
2021-06-10 09:20:26,16475.75,0
2021-06-10 09:20:27,16479.25,0
2021-06-10 09:20:54,16487.9,0
2021-06-10 09:20:56,16487.4,0
2021-06-10 09:21:00,16486.35,0
2021-06-10 09:21:02,16484.7,0
2021-06-10 09:21:03,16485.55,0
2021-06-10 09:21:09,16488.05,0
2021-06-10 09:21:10,16488.5,0
2021-06-10 09:21:23,16484.7,0
2021-06-10 09:21:35,16490.5,0
2021-06-10 09:21:39,16491.05,0
2021-06-10 09:21:40,16490.9,0
2021-06-10 09:21:51,16487.3,0
2021-06-10 09:21:54,16491.3,0
2021-06-10 09:21:56,16491.2,0
2021-06-10 09:21:58,16491.1,0
2021-06-10 09:22:02,16486.35,0
2021-06-10 09:22:03,16486.25,0
2021-06-10 09:22:04,16486.65,0
2021-06-10 09:22:07,16488.15,0
2021-06-10 09:22:08,16487.8,0
2021-06-10 09:22:15,16490.6,0
2021-06-10 09:22:19,16489.65,0
2021-06-10 09:22:20,16489.8,0
2021-06-10 09:22:22,16488.05,0
2021-06-10 09:22:23,16487.1,0
2021-06-10 09:22:26,16486.6,0
2021-06-10 09:22:27,16486.55,0
2021-06-10 09:22:31,16486.0,0
2021-06-10 09:22:48,16485.25,0
2021-06-10 09:22:50,16484.2,0
2021-06-10 09:22:55,16484.55,0
2021-06-10 09:23:04,16482.0,0
2021-06-10 09:23:17,16489.25,0
2021-06-10 09:23:26,16495.25,0
2021-06-10 09:23:32,16496.15,0
2021-06-10 09:23:34,16499.5,0
2021-06-10 09:23:45,16498.4,0
2021-06-10 09:23:46,16498.35,0
2021-06-10 09:23:55,16498.5,0
2021-06-10 09:23:59,16499.45,0
2021-06-10 09:24:03,16500.3,0
2021-06-10 09:24:04,16498.7,0
2021-06-10 09:24:08,16497.75,0
2021-06-10 09:24:17,16499.75,0
2021-06-10 09:24:18,16500.55,0
2021-06-10 09:24:23,16499.45,0
2021-06-10 09:24:29,16501.95,0
2021-06-10 09:24:31,16499.85,0
2021-06-10 09:24:42,16498.1,0
2021-06-10 09:25:03,16499.6,0
2021-06-10 09:25:06,16497.75,0
2021-06-10 09:25:08,16498.35,0
2021-06-10 09:25:12,16498.7,0
2021-06-10 09:25:26,16495.8,0
2021-06-10 09:25:32,16495.5,0
2021-06-10 09:25:35,16493.9,0
2021-06-10 09:25:36,16494.3,0
2021-06-10 09:25:44,16497.5,0
2021-06-10 09:25:45,16496.4,0
2021-06-10 09:25:59,16481.3,0
2021-06-10 09:26:01,16477.3,0
2021-06-10 09:26:06,16467.4,0
2021-06-10 09:26:07,16468.45,0
2021-06-10 09:26:09,16464.7,0
2021-06-10 09:26:17,16472.45,0
2021-06-10 09:26:23,16473.45,0
2021-06-10 09:26:28,16472.3,0
2021-06-10 09:26:39,16466.85,0
2021-06-10 09:26:40,16468.4,0
2021-06-10 09:26:55,16457.65,0
2021-06-10 09:27:05,16440.8,0
2021-06-10 09:27:11,16453.2,0
2021-06-10 09:27:13,16453.45,0
2021-06-10 09:27:16,16454.8,0
2021-06-10 09:27:27,16459.25,0
2021-06-10 09:27:28,16458.55,0
2021-06-10 09:27:30,16457.4,0
2021-06-10 09:27:32,16457.7,0
2021-06-10 09:27:33,16458.95,0
2021-06-10 09:27:46,16466.15,0
2021-06-10 09:28:00,16466.55,0
2021-06-10 09:28:01,16465.25,0
2021-06-10 09:28:07,16467.55,0
2021-06-10 09:28:17,16470.5,0
2021-06-10 09:28:19,16471.1,0
2021-06-10 09:28:25,16473.15,0
2021-06-10 09:28:31,16467.65,0
2021-06-10 09:28:35,16464.25,0
2021-06-10 09:28:37,16465.05,0
2021-06-10 09:28:43,16468.45,0
2021-06-10 09:28:48,16469.35,0
2021-06-10 09:28:53,16473.05,0
2021-06-10 09:28:57,16473.0,0
2021-06-10 09:29:01,16473.3,0
2021-06-10 09:29:02,16474.55,0
2021-06-10 09:29:03,16474.75,0
2021-06-10 09:29:06,16477.6,0
2021-06-10 09:29:13,16477.75,0
2021-06-10 09:29:15,16477.8,0
2021-06-10 09:29:16,16478.6,0
2021-06-10 09:29:28,16482.4,0
2021-06-10 09:29:31,16484.25,0
2021-06-10 09:29:36,16479.85,0
2021-06-10 09:29:44,16482.7,0
2021-06-10 09:29:45,16482.85,0
2021-06-10 09:29:46,16481.5,0
2021-06-10 09:29:49,16484.1,0
2021-06-10 09:29:56,16484.2,0
2021-06-10 09:29:59,16482.8,0
2021-06-10 09:30:00,16481.25,0
2021-06-10 09:30:04,16486.6,0
2021-06-10 09:30:08,16494.2,0
2021-06-10 09:30:12,16492.75,0
2021-06-10 09:30:18,16496.55,0
2021-06-10 09:30:21,16502.15,0
2021-06-10 09:30:25,16499.55,0
2021-06-10 09:30:35,16500.65,0
2021-06-10 09:30:38,16492.0,0
2021-06-10 09:30:42,16493.1,0
2021-06-10 09:30:43,16493.7,0
2021-06-10 09:30:50,16498.6,0
2021-06-10 09:30:55,16497.85,0
2021-06-10 09:31:02,16496.4,0
2021-06-10 09:31:08,16497.65,0
2021-06-10 09:31:11,16498.8,0
2021-06-10 09:31:13,16500.05,0
2021-06-10 09:31:20,16501.1,0
2021-06-10 09:31:25,16500.25,0
2021-06-10 09:31:32,16499.0,0
2021-06-10 09:31:36,16497.55,0
2021-06-10 09:31:38,16496.05,0
2021-06-10 09:31:48,16497.2,0
2021-06-10 09:31:51,16497.4,0
2021-06-10 09:31:54,16498.15,0
2021-06-10 09:31:55,16498.6,0
2021-06-10 09:32:08,16501.85,0
2021-06-10 09:32:11,16500.5,0
2021-06-10 09:32:14,16501.1,0
2021-06-10 09:32:17,16502.75,0
2021-06-10 09:32:18,16502.5,0
2021-06-10 09:32:19,16504.55,0
2021-06-10 09:32:20,16505.4,0
2021-06-10 09:32:24,16507.4,0
2021-06-10 09:32:25,16508.9,0
2021-06-10 09:32:30,16514.1,0
2021-06-10 09:32:37,16515.4,0
2021-06-10 09:32:52,16517.7,0
2021-06-10 09:32:56,16511.1,0
2021-06-10 09:32:58,16513.0,0
2021-06-10 09:33:13,16514.25,0
2021-06-10 09:33:15,16515.4,0
2021-06-10 09:33:26,16514.85,0
2021-06-10 09:33:35,16513.55,0
2021-06-10 09:33:36,16514.25,0
2021-06-10 09:33:41,16512.35,0
2021-06-10 09:33:42,16513.15,0
2021-06-10 09:33:53,16508.1,0
2021-06-10 09:33:58,16510.8,0
2021-06-10 09:34:10,16513.35,0
2021-06-10 09:34:14,16515.4,0
2021-06-10 09:34:17,16516.55,0
2021-06-10 09:34:18,16514.8,0
2021-06-10 09:34:24,16516.85,0
2021-06-10 09:34:32,16511.2,0
2021-06-10 09:34:33,16513.3,0
2021-06-10 09:34:38,16511.25,0
2021-06-10 09:34:39,16512.35,0
2021-06-10 09:34:41,16514.05,0
2021-06-10 09:34:50,16510.95,0
2021-06-10 09:34:51,16510.2,0
2021-06-10 09:34:57,16511.65,0
2021-06-10 09:34:59,16512.9,0
2021-06-10 09:35:02,16509.95,0
2021-06-10 09:35:10,16509.95,0
2021-06-10 09:35:20,16510.9,0
2021-06-10 09:35:23,16510.45,0
2021-06-10 09:35:25,16511.0,0
2021-06-10 09:35:28,16510.35,0
2021-06-10 09:35:35,16511.15,0
2021-06-10 09:35:38,16513.15,0
2021-06-10 09:35:41,16513.3,0
2021-06-10 09:35:43,16512.95,0
2021-06-10 09:35:46,16512.65,0
2021-06-10 09:35:47,16513.15,0
2021-06-10 09:35:51,16512.45,0
2021-06-10 09:35:53,16514.2,0
2021-06-10 09:35:58,16514.25,0
2021-06-10 09:36:04,16514.15,0
2021-06-10 09:36:21,16519.85,0
2021-06-10 09:36:34,16521.75,0
2021-06-10 09:36:35,16520.45,0
2021-06-10 09:36:37,16519.95,0
2021-06-10 09:36:46,16519.1,0
2021-06-10 09:36:48,16518.35,0
2021-06-10 09:37:10,16509.45,0
2021-06-10 09:37:13,16512.2,0
2021-06-10 09:37:14,16512.1,0
2021-06-10 09:37:15,16512.1,0
2021-06-10 09:37:25,16513.8,0
2021-06-10 09:37:26,16512.9,0
2021-06-10 09:37:31,16517.45,0
2021-06-10 09:37:32,16517.95,0
2021-06-10 09:37:35,16515.95,0
2021-06-10 09:37:44,16517.45,0
2021-06-10 09:37:47,16519.35,0
2021-06-10 09:37:48,16519.65,0
2021-06-10 09:37:52,16518.45,0
2021-06-10 09:37:59,16518.35,0
2021-06-10 09:38:06,16517.65,0
2021-06-10 09:38:12,16516.6,0
2021-06-10 09:38:25,16515.75,0
2021-06-10 09:38:26,16516.7,0
2021-06-10 09:38:37,16518.8,0
2021-06-10 09:38:41,16520.25,0
2021-06-10 09:38:55,16524.65,0
2021-06-10 09:38:59,16526.0,0
2021-06-10 09:39:02,16525.45,0
2021-06-10 09:39:03,16525.0,0
2021-06-10 09:39:05,16525.9,0
2021-06-10 09:39:09,16526.3,0
2021-06-10 09:39:12,16526.7,0
2021-06-10 09:39:13,16527.0,0
2021-06-10 09:39:14,16527.0,0
2021-06-10 09:39:15,16528.8,0
2021-06-10 09:39:22,16537.15,0
2021-06-10 09:39:29,16536.6,0
2021-06-10 09:39:32,16537.85,0
2021-06-10 09:39:37,16534.45,0
2021-06-10 09:39:38,16535.1,0
2021-06-10 09:39:39,16533.4,0
2021-06-10 09:39:44,16534.85,0
2021-06-10 09:39:51,16533.15,0
2021-06-10 09:39:54,16531.85,0
2021-06-10 09:39:55,16533.2,0
2021-06-10 09:39:57,16532.8,0
2021-06-10 09:39:58,16535.1,0
2021-06-10 09:39:59,16535.05,0
2021-06-10 09:40:00,16535.25,0
2021-06-10 09:40:08,16535.5,0
2021-06-10 09:40:30,16530.75,0
2021-06-10 09:40:32,16529.45,0
2021-06-10 09:40:35,16531.7,0
2021-06-10 09:40:36,16531.95,0
2021-06-10 09:40:38,16532.75,0
2021-06-10 09:40:39,16531.4,0
2021-06-10 09:40:41,16532.15,0
2021-06-10 09:40:48,16531.7,0
2021-06-10 09:40:49,16532.3,0
2021-06-10 09:40:51,16529.6,0
2021-06-10 09:40:54,16532.15,0
2021-06-10 09:40:55,16532.15,0
2021-06-10 09:40:59,16531.85,0
2021-06-10 09:41:05,16529.75,0
2021-06-10 09:41:09,16529.15,0
2021-06-10 09:41:12,16528.1,0
2021-06-10 09:41:13,16528.6,0
2021-06-10 09:41:25,16529.2,0
2021-06-10 09:41:30,16527.85,0
2021-06-10 09:41:33,16527.3,0
2021-06-10 09:41:47,16528.65,0
2021-06-10 09:41:49,16528.75,0
2021-06-10 09:41:58,16528.9,0
2021-06-10 09:42:03,16529.5,0
2021-06-10 09:42:10,16527.9,0
2021-06-10 09:42:18,16526.6,0
2021-06-10 09:42:20,16526.7,0
2021-06-10 09:42:21,16526.1,0
2021-06-10 09:42:22,16526.85,0
2021-06-10 09:42:25,16526.9,0
2021-06-10 09:42:27,16527.5,0
2021-06-10 09:42:33,16527.05,0
2021-06-10 09:42:45,16528.9,0
2021-06-10 09:42:47,16530.8,0
2021-06-10 09:42:49,16531.4,0
2021-06-10 09:42:50,16531.25,0
2021-06-10 09:42:51,16531.95,0
2021-06-10 09:43:03,16528.6,0
2021-06-10 09:43:04,16527.8,0
2021-06-10 09:43:08,16526.3,0
2021-06-10 09:43:11,16524.8,0
2021-06-10 09:43:12,16524.45,0
2021-06-10 09:43:13,16524.4,0
2021-06-10 09:43:16,16525.3,0
2021-06-10 09:43:21,16518.65,0
2021-06-10 09:43:24,16519.3,0
2021-06-10 09:43:45,16516.8,0
2021-06-10 09:43:48,16516.05,0
2021-06-10 09:43:54,16513.85,0
2021-06-10 09:44:01,16510.1,0
2021-06-10 09:44:08,16510.65,0
2021-06-10 09:44:14,16514.6,0
2021-06-10 09:44:18,16515.75,0
2021-06-10 09:44:19,16515.8,0
2021-06-10 09:44:20,16514.1,0
2021-06-10 09:44:26,16514.05,0
2021-06-10 09:44:30,16515.8,0
2021-06-10 09:44:31,16516.3,0
2021-06-10 09:44:36,16515.8,0
2021-06-10 09:44:40,16517.15,0
2021-06-10 09:44:43,16516.2,0
2021-06-10 09:44:45,16515.7,0
2021-06-10 09:44:54,16514.4,0
2021-06-10 09:45:00,16514.2,0
2021-06-10 09:45:13,16519.4,0
2021-06-10 09:45:18,16522.65,0
2021-06-10 09:45:20,16523.15,0
2021-06-10 09:45:25,16525.45,0
2021-06-10 09:45:29,16527.35,0
2021-06-10 09:45:30,16527.2,0
2021-06-10 09:45:32,16528.65,0
2021-06-10 09:45:41,16526.7,0
2021-06-10 09:45:46,16529.2,0
2021-06-10 09:45:49,16528.85,0
2021-06-10 09:45:53,16527.6,0
2021-06-10 09:45:59,16528.0,0
2021-06-10 09:46:05,16529.2,0
2021-06-10 09:46:10,16530.2,0
2021-06-10 09:46:11,16530.3,0
2021-06-10 09:46:16,16530.9,0
2021-06-10 09:46:17,16530.95,0
2021-06-10 09:46:32,16524.75,0
2021-06-10 09:46:33,16524.5,0
2021-06-10 09:46:59,16523.4,0
2021-06-10 09:47:00,16524.95,0
2021-06-10 09:47:16,16532.0,0
2021-06-10 09:47:17,16531.95,0
2021-06-10 09:47:18,16532.35,0
2021-06-10 09:47:22,16531.5,0
2021-06-10 09:47:27,16531.8,0
2021-06-10 09:47:29,16532.45,0
2021-06-10 09:47:30,16532.45,0
2021-06-10 09:47:31,16532.6,0
2021-06-10 09:47:34,16530.6,0
2021-06-10 09:47:45,16531.4,0
2021-06-10 09:47:49,16531.6,0
2021-06-10 09:47:51,16531.7,0
2021-06-10 09:47:52,16532.1,0
2021-06-10 09:48:04,16531.2,0
2021-06-10 09:48:08,16531.0,0
2021-06-10 09:48:13,16531.15,0
2021-06-10 09:48:28,16520.45,0
2021-06-10 09:48:32,16521.75,0
2021-06-10 09:48:35,16522.05,0
2021-06-10 09:48:37,16521.4,0
2021-06-10 09:48:42,16518.75,0
2021-06-10 09:48:44,16518.05,0
2021-06-10 09:48:46,16519.45,0
2021-06-10 09:48:49,16518.25,0
2021-06-10 09:48:54,16512.9,0
2021-06-10 09:49:03,16512.8,0
2021-06-10 09:49:06,16512.65,0
2021-06-10 09:49:07,16512.05,0
2021-06-10 09:49:08,16512.3,0
2021-06-10 09:49:10,16512.35,0
2021-06-10 09:49:19,16511.5,0
2021-06-10 09:49:25,16509.25,0
2021-06-10 09:49:31,16509.6,0
2021-06-10 09:49:35,16508.6,0
2021-06-10 09:49:37,16509.25,0
2021-06-10 09:49:38,16508.45,0
2021-06-10 09:49:39,16508.1,0
2021-06-10 09:49:40,16508.85,0
2021-06-10 09:49:42,16508.95,0
2021-06-10 09:49:50,16509.65,0
2021-06-10 09:49:57,16511.0,0
2021-06-10 09:49:59,16510.15,0
2021-06-10 09:50:00,16509.45,0
2021-06-10 09:50:12,16508.9,0
2021-06-10 09:50:19,16515.55,0
2021-06-10 09:50:23,16516.1,0
2021-06-10 09:50:24,16515.35,0
2021-06-10 09:50:29,16515.7,0
2021-06-10 09:50:30,16517.5,0
2021-06-10 09:50:33,16516.3,0
2021-06-10 09:50:40,16517.55,0
2021-06-10 09:50:56,16517.85,0
2021-06-10 09:50:59,16516.8,0
2021-06-10 09:51:02,16516.7,0
2021-06-10 09:51:03,16517.6,0
2021-06-10 09:51:05,16516.25,0
2021-06-10 09:51:07,16517.45,0
2021-06-10 09:51:10,16518.15,0
2021-06-10 09:51:11,16518.55,0
2021-06-10 09:51:14,16517.9,0
2021-06-10 09:51:20,16518.15,0
2021-06-10 09:51:21,16516.15,0
2021-06-10 09:51:26,16515.0,0
2021-06-10 09:51:29,16514.25,0
2021-06-10 09:51:35,16512.1,0
2021-06-10 09:51:37,16511.65,0
2021-06-10 09:51:39,16511.6,0
2021-06-10 09:51:43,16511.45,0
2021-06-10 09:51:50,16512.45,0
2021-06-10 09:51:51,16512.15,0
2021-06-10 09:51:52,16512.4,0
2021-06-10 09:51:55,16511.75,0
2021-06-10 09:51:57,16510.95,0
2021-06-10 09:52:00,16511.85,0
2021-06-10 09:52:06,16510.1,0
2021-06-10 09:52:16,16502.45,0
2021-06-10 09:52:17,16501.65,0
2021-06-10 09:52:42,16507.15,0
2021-06-10 09:52:43,16508.05,0
2021-06-10 09:52:47,16507.75,0
2021-06-10 09:52:50,16508.1,0
2021-06-10 09:52:51,16506.8,0
2021-06-10 09:52:52,16508.1,0
2021-06-10 09:52:55,16507.65,0
2021-06-10 09:53:00,16507.7,0
2021-06-10 09:53:06,16508.55,0
2021-06-10 09:53:11,16509.05,0
2021-06-10 09:53:14,16510.45,0
2021-06-10 09:53:18,16509.85,0
2021-06-10 09:53:19,16511.0,0
2021-06-10 09:53:22,16509.75,0
2021-06-10 09:53:27,16510.4,0
2021-06-10 09:53:33,16510.85,0
2021-06-10 09:53:37,16512.9,0
2021-06-10 09:53:43,16510.85,0
2021-06-10 09:53:45,16508.35,0
2021-06-10 09:53:47,16507.85,0
2021-06-10 09:53:48,16507.4,0
2021-06-10 09:54:01,16507.8,0
2021-06-10 09:54:05,16505.05,0
2021-06-10 09:54:09,16504.4,0
2021-06-10 09:54:13,16504.65,0
2021-06-10 09:54:27,16507.15,0
2021-06-10 09:54:33,16507.65,0
2021-06-10 09:54:34,16506.4,0
2021-06-10 09:54:37,16508.05,0
2021-06-10 09:54:45,16510.75,0
2021-06-10 09:54:47,16512.35,0
2021-06-10 09:54:48,16512.65,0
2021-06-10 09:54:50,16513.5,0
2021-06-10 09:54:58,16510.9,0
2021-06-10 09:55:02,16510.5,0
2021-06-10 09:55:03,16511.25,0
2021-06-10 09:55:15,16507.9,0
2021-06-10 09:55:19,16508.75,0
2021-06-10 09:55:29,16508.85,0
2021-06-10 09:55:33,16508.85,0
2021-06-10 09:55:38,16510.4,0
2021-06-10 09:55:40,16509.55,0
2021-06-10 09:55:45,16510.5,0
2021-06-10 09:55:48,16510.55,0
2021-06-10 09:55:50,16509.4,0
2021-06-10 09:55:51,16509.05,0
2021-06-10 09:55:56,16510.4,0
2021-06-10 09:56:02,16508.65,0
2021-06-10 09:56:03,16509.65,0
2021-06-10 09:56:07,16507.75,0
2021-06-10 09:56:13,16509.0,0
2021-06-10 09:56:19,16507.6,0
2021-06-10 09:56:24,16508.05,0
2021-06-10 09:56:25,16508.25,0
2021-06-10 09:56:30,16509.05,0
2021-06-10 09:56:32,16508.9,0
2021-06-10 09:56:41,16508.35,0
2021-06-10 09:56:56,16507.95,0
2021-06-10 09:56:58,16507.65,0
2021-06-10 09:56:59,16508.1,0
2021-06-10 09:57:05,16508.8,0
2021-06-10 09:57:09,16508.85,0
2021-06-10 09:57:14,16508.4,0
2021-06-10 09:57:19,16508.35,0
2021-06-10 09:57:22,16508.2,0
2021-06-10 09:57:26,16508.35,0
2021-06-10 09:57:27,16507.55,0
2021-06-10 09:57:36,16508.75,0
2021-06-10 09:57:43,16508.3,0
2021-06-10 09:57:44,16507.85,0
2021-06-10 09:57:50,16508.75,0
2021-06-10 09:57:54,16509.3,0
2021-06-10 09:57:55,16509.25,0
2021-06-10 09:57:58,16510.2,0
2021-06-10 09:58:01,16511.15,0
2021-06-10 09:58:09,16511.9,0
2021-06-10 09:58:12,16512.35,0
2021-06-10 09:58:23,16512.95,0
2021-06-10 09:58:24,16513.1,0
2021-06-10 09:58:27,16511.75,0
2021-06-10 09:58:32,16513.3,0
2021-06-10 09:58:33,16514.1,0
2021-06-10 09:58:35,16513.2,0
2021-06-10 09:58:43,16514.1,0
2021-06-10 09:58:48,16513.95,0
2021-06-10 09:58:53,16514.6,0
2021-06-10 09:58:55,16514.7,0
2021-06-10 09:58:57,16514.35,0
2021-06-10 09:59:00,16513.5,0
2021-06-10 09:59:07,16512.3,0
2021-06-10 09:59:11,16510.7,0
2021-06-10 09:59:19,16511.75,0
2021-06-10 09:59:21,16511.3,0
2021-06-10 09:59:22,16512.2,0
2021-06-10 09:59:24,16512.6,0
2021-06-10 09:59:32,16513.55,0
2021-06-10 09:59:33,16514.6,0
2021-06-10 09:59:35,16514.5,0
2021-06-10 09:59:36,16514.55,0
2021-06-10 09:59:42,16515.55,0
2021-06-10 09:59:43,16515.55,0
2021-06-10 09:59:54,16516.95,0
2021-06-10 10:00:01,16516.1,0
2021-06-10 10:00:05,16515.8,0
2021-06-10 10:00:09,16515.0,0
2021-06-10 10:00:13,16515.95,0
2021-06-10 10:00:15,16515.5,0
2021-06-10 10:00:17,16516.0,0
2021-06-10 10:00:20,16516.15,0
2021-06-10 10:00:23,16514.75,0
2021-06-10 10:00:31,16516.65,0
2021-06-10 10:00:33,16515.8,0
2021-06-10 10:00:39,16514.95,0
2021-06-10 10:00:40,16514.9,0
2021-06-10 10:00:41,16514.05,0
2021-06-10 10:00:56,16514.1,0
2021-06-10 10:00:58,16515.85,0
2021-06-10 10:00:59,16514.65,0
2021-06-10 10:01:02,16514.95,0
2021-06-10 10:01:05,16514.6,0
2021-06-10 10:01:06,16514.7,0
2021-06-10 10:01:11,16510.15,0
2021-06-10 10:01:19,16504.55,0
2021-06-10 10:01:22,16506.75,0
2021-06-10 10:01:39,16507.7,0
2021-06-10 10:01:43,16507.6,0
2021-06-10 10:01:49,16509.55,0
2021-06-10 10:01:51,16508.9,0
2021-06-10 10:01:55,16507.7,0
2021-06-10 10:02:02,16504.8,0
2021-06-10 10:02:09,16499.6,0
2021-06-10 10:02:16,16495.2,0
2021-06-10 10:02:17,16494.85,0
2021-06-10 10:02:30,16495.8,0
2021-06-10 10:02:37,16494.9,0
2021-06-10 10:02:39,16494.4,0
2021-06-10 10:02:45,16493.15,0
2021-06-10 10:02:48,16494.55,0
2021-06-10 10:02:50,16491.35,0
2021-06-10 10:03:00,16488.65,0
2021-06-10 10:03:09,16474.5,0
2021-06-10 10:03:11,16474.1,0
2021-06-10 10:03:14,16473.5,0
2021-06-10 10:03:18,16473.4,0
2021-06-10 10:03:25,16474.0,0
2021-06-10 10:03:33,16479.7,0
2021-06-10 10:03:34,16480.1,0
2021-06-10 10:03:37,16480.8,0
2021-06-10 10:03:39,16480.7,0
2021-06-10 10:03:46,16482.55,0
2021-06-10 10:03:49,16482.3,0
2021-06-10 10:03:55,16484.4,0
2021-06-10 10:04:12,16484.85,0
2021-06-10 10:04:17,16482.7,0
2021-06-10 10:04:19,16482.6,0
2021-06-10 10:04:21,16483.05,0
2021-06-10 10:04:23,16481.8,0
2021-06-10 10:04:33,16483.15,0
2021-06-10 10:04:39,16482.85,0
2021-06-10 10:04:40,16482.75,0
2021-06-10 10:04:41,16482.4,0
2021-06-10 10:04:42,16481.85,0
2021-06-10 10:04:46,16483.65,0
2021-06-10 10:04:47,16483.7,0
2021-06-10 10:04:54,16484.1,0
2021-06-10 10:04:59,16484.3,0
2021-06-10 10:05:02,16485.05,0
2021-06-10 10:05:11,16484.7,0
2021-06-10 10:05:12,16484.75,0
2021-06-10 10:05:32,16488.8,0
2021-06-10 10:05:33,16487.05,0
2021-06-10 10:05:41,16486.5,0
2021-06-10 10:05:42,16486.15,0
2021-06-10 10:05:43,16485.55,0
2021-06-10 10:05:45,16485.45,0
2021-06-10 10:05:47,16484.05,0
2021-06-10 10:05:49,16484.0,0
2021-06-10 10:05:53,16483.4,0
2021-06-10 10:05:54,16482.55,0
2021-06-10 10:06:02,16475.9,0
2021-06-10 10:06:05,16475.1,0
2021-06-10 10:06:06,16475.75,0
2021-06-10 10:06:10,16474.65,0
2021-06-10 10:06:16,16480.9,0
2021-06-10 10:06:17,16480.25,0
2021-06-10 10:06:20,16480.95,0
2021-06-10 10:06:29,16482.25,0
2021-06-10 10:06:34,16481.4,0
2021-06-10 10:06:35,16481.85,0
2021-06-10 10:06:37,16481.0,0
2021-06-10 10:06:38,16482.95,0
2021-06-10 10:06:41,16483.4,0
2021-06-10 10:06:48,16486.45,0
2021-06-10 10:06:49,16485.85,0
2021-06-10 10:06:50,16485.15,0
2021-06-10 10:06:52,16485.55,0
2021-06-10 10:06:59,16484.4,0
2021-06-10 10:07:01,16484.65,0
2021-06-10 10:07:05,16483.6,0
2021-06-10 10:07:10,16486.65,0
2021-06-10 10:07:12,16486.05,0
2021-06-10 10:07:20,16488.05,0
2021-06-10 10:07:25,16486.6,0
2021-06-10 10:07:28,16486.3,0
2021-06-10 10:07:30,16484.0,0
2021-06-10 10:07:33,16484.6,0
2021-06-10 10:07:34,16485.3,0
2021-06-10 10:07:35,16485.35,0
2021-06-10 10:07:36,16484.6,0
2021-06-10 10:07:37,16484.95,0
2021-06-10 10:07:50,16483.6,0
2021-06-10 10:07:54,16479.95,0
2021-06-10 10:07:55,16479.85,0
2021-06-10 10:08:01,16479.0,0
2021-06-10 10:08:04,16477.65,0
2021-06-10 10:08:09,16475.2,0
2021-06-10 10:08:14,16473.5,0
2021-06-10 10:08:16,16477.7,0
2021-06-10 10:08:20,16478.7,0
2021-06-10 10:08:21,16476.9,0
2021-06-10 10:08:27,16481.5,0
2021-06-10 10:08:36,16481.55,0
2021-06-10 10:08:38,16483.35,0
2021-06-10 10:08:41,16486.8,0
2021-06-10 10:08:48,16485.65,0
2021-06-10 10:08:50,16485.35,0
2021-06-10 10:08:53,16486.15,0
2021-06-10 10:08:57,16483.9,0
2021-06-10 10:09:10,16483.1,0
2021-06-10 10:09:11,16482.45,0
2021-06-10 10:09:16,16483.5,0
2021-06-10 10:09:19,16483.6,0
2021-06-10 10:09:20,16483.75,0
2021-06-10 10:09:21,16483.05,0
2021-06-10 10:09:28,16483.65,0
2021-06-10 10:09:32,16484.8,0
2021-06-10 10:09:37,16485.7,0
2021-06-10 10:09:45,16483.85,0
2021-06-10 10:09:46,16484.9,0
2021-06-10 10:09:52,16481.8,0
2021-06-10 10:09:54,16481.25,0
2021-06-10 10:09:55,16481.1,0
2021-06-10 10:09:56,16480.1,0
2021-06-10 10:10:04,16482.3,0
2021-06-10 10:10:11,16480.9,0
2021-06-10 10:10:12,16482.35,0
2021-06-10 10:10:13,16482.0,0
2021-06-10 10:10:14,16482.95,0
2021-06-10 10:10:17,16482.35,0
2021-06-10 10:10:23,16483.1,0
2021-06-10 10:10:26,16483.35,0
2021-06-10 10:10:31,16480.25,0
2021-06-10 10:10:33,16477.75,0
2021-06-10 10:10:40,16472.7,0
2021-06-10 10:10:50,16478.2,0
2021-06-10 10:10:51,16477.9,0
2021-06-10 10:10:54,16477.85,0
2021-06-10 10:10:56,16481.15,0
2021-06-10 10:11:07,16481.05,0
2021-06-10 10:11:16,16482.3,0
2021-06-10 10:11:18,16480.75,0
2021-06-10 10:11:19,16481.35,0
2021-06-10 10:11:20,16482.2,0
2021-06-10 10:11:22,16481.8,0
2021-06-10 10:11:28,16481.2,0
2021-06-10 10:11:32,16482.15,0
2021-06-10 10:11:33,16482.65,0
2021-06-10 10:11:38,16480.9,0
2021-06-10 10:11:40,16480.75,0
2021-06-10 10:11:44,16481.25,0
2021-06-10 10:11:51,16475.95,0
2021-06-10 10:12:00,16477.8,0
2021-06-10 10:12:11,16476.15,0
2021-06-10 10:12:15,16476.05,0
2021-06-10 10:12:17,16477.9,0
2021-06-10 10:12:18,16477.0,0
2021-06-10 10:12:22,16478.05,0
2021-06-10 10:12:23,16478.0,0
2021-06-10 10:12:24,16477.8,0
2021-06-10 10:12:31,16479.25,0
2021-06-10 10:12:36,16479.3,0
2021-06-10 10:12:43,16479.7,0
2021-06-10 10:12:55,16480.4,0
2021-06-10 10:12:57,16482.05,0
2021-06-10 10:13:02,16482.55,0
2021-06-10 10:13:03,16483.15,0
2021-06-10 10:13:04,16482.65,0
2021-06-10 10:13:06,16486.15,0
2021-06-10 10:13:14,16483.9,0
2021-06-10 10:13:19,16483.9,0
2021-06-10 10:13:23,16485.0,0
2021-06-10 10:13:28,16484.85,0
2021-06-10 10:13:30,16484.15,0
2021-06-10 10:13:32,16484.2,0
2021-06-10 10:13:33,16484.4,0
2021-06-10 10:13:34,16485.0,0
2021-06-10 10:13:35,16486.0,0
2021-06-10 10:13:45,16484.35,0
2021-06-10 10:13:46,16484.1,0
2021-06-10 10:13:54,16485.3,0
2021-06-10 10:13:56,16484.75,0
2021-06-10 10:13:59,16484.9,0
2021-06-10 10:14:01,16484.25,0
2021-06-10 10:14:04,16483.85,0
2021-06-10 10:14:09,16485.15,0
2021-06-10 10:14:10,16484.5,0
2021-06-10 10:14:11,16485.5,0
2021-06-10 10:14:14,16485.35,0
2021-06-10 10:14:18,16488.9,0
2021-06-10 10:14:22,16489.55,0
2021-06-10 10:14:34,16492.5,0
2021-06-10 10:14:37,16489.9,0
2021-06-10 10:14:40,16490.7,0
2021-06-10 10:14:41,16490.3,0
2021-06-10 10:14:47,16489.25,0
2021-06-10 10:14:48,16490.6,0
2021-06-10 10:14:53,16487.3,0
2021-06-10 10:14:58,16487.1,0
2021-06-10 10:15:00,16488.0,0
2021-06-10 10:15:05,16487.7,0
2021-06-10 10:15:10,16488.75,0
2021-06-10 10:15:16,16489.55,0
2021-06-10 10:15:20,16490.85,0
2021-06-10 10:15:22,16489.8,0
2021-06-10 10:15:26,16490.55,0
2021-06-10 10:15:28,16490.25,0
2021-06-10 10:15:29,16491.3,0
2021-06-10 10:15:30,16491.05,0
2021-06-10 10:15:32,16491.15,0
2021-06-10 10:15:43,16493.8,0
2021-06-10 10:15:46,16489.75,0
2021-06-10 10:15:56,16483.55,0
2021-06-10 10:16:00,16481.95,0
2021-06-10 10:16:02,16481.85,0
2021-06-10 10:16:05,16482.05,0
2021-06-10 10:16:06,16482.8,0
2021-06-10 10:16:08,16483.45,0
2021-06-10 10:16:13,16485.45,0
2021-06-10 10:16:17,16484.5,0
2021-06-10 10:16:23,16485.1,0
2021-06-10 10:16:34,16485.3,0
2021-06-10 10:16:41,16486.55,0
2021-06-10 10:16:45,16487.2,0
2021-06-10 10:16:47,16488.3,0
2021-06-10 10:16:55,16490.05,0
2021-06-10 10:17:01,16489.6,0
2021-06-10 10:17:05,16490.35,0
2021-06-10 10:17:09,16492.4,0
2021-06-10 10:17:10,16491.8,0
2021-06-10 10:17:15,16492.45,0
2021-06-10 10:17:17,16491.8,0
2021-06-10 10:17:18,16492.85,0
2021-06-10 10:17:20,16492.45,0
2021-06-10 10:17:24,16491.35,0
2021-06-10 10:17:25,16491.95,0
2021-06-10 10:17:32,16492.85,0
2021-06-10 10:17:33,16491.85,0
2021-06-10 10:17:35,16492.0,0
2021-06-10 10:17:40,16489.95,0
2021-06-10 10:17:44,16489.6,0
2021-06-10 10:17:55,16486.1,0
2021-06-10 10:17:57,16482.5,0
2021-06-10 10:18:03,16481.25,0
2021-06-10 10:18:08,16479.55,0
2021-06-10 10:18:11,16477.6,0
2021-06-10 10:18:13,16479.4,0
2021-06-10 10:18:23,16482.3,0
2021-06-10 10:18:31,16486.8,0
2021-06-10 10:18:35,16485.85,0
2021-06-10 10:18:39,16488.35,0
2021-06-10 10:18:43,16486.55,0
2021-06-10 10:18:44,16486.9,0
2021-06-10 10:18:45,16486.95,0
2021-06-10 10:18:46,16487.3,0
2021-06-10 10:18:49,16488.0,0
2021-06-10 10:18:55,16488.05,0
2021-06-10 10:19:00,16490.45,0
2021-06-10 10:19:07,16490.7,0
2021-06-10 10:19:11,16491.75,0
2021-06-10 10:19:38,16497.35,0
2021-06-10 10:19:40,16495.8,0
2021-06-10 10:19:50,16494.05,0
2021-06-10 10:19:55,16495.35,0
2021-06-10 10:20:00,16492.55,0
2021-06-10 10:20:05,16491.85,0
2021-06-10 10:20:18,16492.3,0
2021-06-10 10:20:27,16492.85,0
2021-06-10 10:20:29,16492.45,0
2021-06-10 10:20:32,16491.7,0
2021-06-10 10:20:33,16491.7,0
2021-06-10 10:20:45,16491.65,0
2021-06-10 10:20:48,16489.7,0
2021-06-10 10:20:54,16489.8,0
2021-06-10 10:20:57,16491.1,0
2021-06-10 10:21:00,16489.95,0
2021-06-10 10:21:01,16490.6,0
2021-06-10 10:21:04,16490.85,0
2021-06-10 10:21:05,16491.5,0
2021-06-10 10:21:10,16491.7,0
2021-06-10 10:21:15,16494.05,0
2021-06-10 10:21:20,16493.95,0
2021-06-10 10:21:22,16493.7,0
2021-06-10 10:21:31,16495.85,0
2021-06-10 10:21:37,16494.5,0
2021-06-10 10:21:40,16494.45,0
2021-06-10 10:21:46,16494.65,0
2021-06-10 10:21:50,16493.8,0
2021-06-10 10:22:03,16496.55,0
2021-06-10 10:22:11,16499.9,0
2021-06-10 10:22:12,16499.85,0
2021-06-10 10:22:15,16500.85,0
2021-06-10 10:22:18,16500.75,0
2021-06-10 10:22:19,16500.05,0
2021-06-10 10:22:21,16499.25,0
2021-06-10 10:22:24,16499.3,0
2021-06-10 10:22:25,16498.9,0
2021-06-10 10:22:28,16496.2,0
2021-06-10 10:22:29,16496.25,0
2021-06-10 10:22:48,16494.65,0
2021-06-10 10:22:53,16497.9,0
2021-06-10 10:23:01,16497.6,0
2021-06-10 10:23:04,16496.8,0
2021-06-10 10:23:06,16497.15,0
2021-06-10 10:23:15,16496.5,0
2021-06-10 10:23:17,16495.7,0
2021-06-10 10:23:20,16495.35,0
2021-06-10 10:23:28,16497.1,0
2021-06-10 10:23:30,16497.4,0
2021-06-10 10:23:32,16496.6,0
2021-06-10 10:23:33,16497.25,0
2021-06-10 10:23:41,16504.1,0
2021-06-10 10:23:52,16514.25,0
2021-06-10 10:23:55,16514.5,0
2021-06-10 10:23:56,16513.7,0
2021-06-10 10:24:01,16515.35,0
2021-06-10 10:24:03,16514.25,0
2021-06-10 10:24:05,16516.2,0
2021-06-10 10:24:07,16515.55,0
2021-06-10 10:24:09,16517.95,0
2021-06-10 10:24:10,16516.8,0
2021-06-10 10:24:16,16517.25,0
2021-06-10 10:24:17,16518.15,0
2021-06-10 10:24:18,16517.95,0
2021-06-10 10:24:24,16518.5,0
2021-06-10 10:24:32,16519.35,0
2021-06-10 10:24:34,16517.05,0
2021-06-10 10:24:39,16517.8,0
2021-06-10 10:24:46,16515.65,0
2021-06-10 10:24:49,16517.15,0
2021-06-10 10:24:51,16517.6,0
2021-06-10 10:24:53,16517.6,0
2021-06-10 10:24:54,16517.55,0
2021-06-10 10:25:06,16520.8,0
2021-06-10 10:25:07,16521.0,0
2021-06-10 10:25:22,16519.35,0
2021-06-10 10:25:27,16519.35,0
2021-06-10 10:25:32,16518.9,0
2021-06-10 10:25:33,16518.95,0
2021-06-10 10:25:42,16518.6,0
2021-06-10 10:25:45,16516.25,0
2021-06-10 10:25:51,16518.6,0
2021-06-10 10:25:53,16514.5,0
2021-06-10 10:26:44,16529.6,0
2021-06-10 10:26:47,16528.0,0
2021-06-10 10:26:51,16526.0,0
2021-06-10 10:26:55,16526.85,0
2021-06-10 10:26:57,16527.85,0
2021-06-10 10:27:00,16526.75,0
2021-06-10 10:27:02,16526.15,0
2021-06-10 10:27:10,16524.2,0
2021-06-10 10:27:12,16525.6,0
2021-06-10 10:27:20,16524.0,0
2021-06-10 10:27:33,16522.45,0
2021-06-10 10:27:34,16522.65,0
2021-06-10 10:27:40,16525.25,0
2021-06-10 10:27:46,16524.3,0
2021-06-10 10:27:49,16524.05,0
2021-06-10 10:27:54,16524.7,0
2021-06-10 10:27:55,16525.6,0
2021-06-10 10:27:59,16527.5,0
2021-06-10 10:28:01,16527.7,0
2021-06-10 10:28:03,16527.95,0
2021-06-10 10:28:16,16524.3,0
2021-06-10 10:28:24,16524.8,0
2021-06-10 10:28:25,16525.25,0
2021-06-10 10:28:32,16527.3,0
2021-06-10 10:28:35,16527.25,0
2021-06-10 10:28:36,16527.55,0
2021-06-10 10:28:41,16527.35,0
2021-06-10 10:28:43,16528.25,0
2021-06-10 10:28:49,16528.2,0
2021-06-10 10:28:50,16528.8,0
2021-06-10 10:28:59,16531.2,0
2021-06-10 10:29:06,16529.4,0
2021-06-10 10:29:15,16529.45,0
2021-06-10 10:29:16,16528.05,0
2021-06-10 10:29:22,16531.95,0
2021-06-10 10:29:23,16532.45,0
2021-06-10 10:29:26,16532.35,0
2021-06-10 10:29:38,16530.2,0
2021-06-10 10:29:39,16529.25,0
2021-06-10 10:29:40,16529.25,0
2021-06-10 10:29:42,16529.1,0
2021-06-10 10:29:43,16528.7,0
2021-06-10 10:29:45,16529.05,0
2021-06-10 10:29:57,16529.2,0
2021-06-10 10:30:02,16530.35,0
2021-06-10 10:30:09,16529.45,0
2021-06-10 10:30:14,16530.4,0
2021-06-10 10:30:22,16526.2,0
2021-06-10 10:30:29,16527.0,0
2021-06-10 10:30:33,16525.85,0
2021-06-10 10:30:40,16526.4,0
2021-06-10 10:30:44,16526.6,0
2021-06-10 10:30:46,16524.55,0
2021-06-10 10:30:58,16522.7,0
2021-06-10 10:31:02,16522.45,0
2021-06-10 10:31:07,16523.45,0
2021-06-10 10:31:08,16523.75,0
2021-06-10 10:31:09,16523.9,0
2021-06-10 10:31:10,16523.75,0
2021-06-10 10:31:12,16522.95,0
2021-06-10 10:31:16,16524.05,0
2021-06-10 10:31:19,16523.4,0
2021-06-10 10:31:28,16525.0,0
2021-06-10 10:31:30,16523.35,0
2021-06-10 10:31:38,16526.15,0
2021-06-10 10:31:42,16525.7,0
2021-06-10 10:31:45,16525.45,0
2021-06-10 10:31:55,16524.8,0
2021-06-10 10:31:56,16524.6,0
2021-06-10 10:31:57,16524.7,0
2021-06-10 10:32:04,16523.1,0
2021-06-10 10:32:13,16522.9,0
2021-06-10 10:32:16,16523.0,0
2021-06-10 10:32:22,16525.4,0
2021-06-10 10:32:29,16524.75,0
2021-06-10 10:32:31,16524.7,0
2021-06-10 10:32:33,16523.85,0
2021-06-10 10:32:34,16524.75,0
2021-06-10 10:32:36,16525.65,0
2021-06-10 10:32:39,16526.45,0
2021-06-10 10:32:43,16526.1,0
2021-06-10 10:32:46,16526.35,0
2021-06-10 10:32:49,16525.9,0
2021-06-10 10:32:52,16525.55,0
2021-06-10 10:33:09,16525.65,0
2021-06-10 10:33:23,16526.5,0
2021-06-10 10:33:34,16527.9,0
2021-06-10 10:33:37,16529.15,0
2021-06-10 10:33:51,16531.85,0
2021-06-10 10:34:08,16529.0,0
2021-06-10 10:34:18,16530.9,0
2021-06-10 10:34:23,16529.6,0
2021-06-10 10:34:32,16528.75,0
2021-06-10 10:34:37,16524.65,0
2021-06-10 10:34:48,16525.85,0
2021-06-10 10:34:51,16524.8,0
2021-06-10 10:34:52,16525.05,0
2021-06-10 10:34:57,16525.35,0
2021-06-10 10:35:03,16525.6,0
2021-06-10 10:35:12,16524.35,0
2021-06-10 10:35:19,16522.15,0
2021-06-10 10:35:22,16522.65,0
2021-06-10 10:35:26,16522.95,0
2021-06-10 10:35:32,16523.45,0
2021-06-10 10:35:39,16524.1,0
2021-06-10 10:35:40,16523.8,0
2021-06-10 10:35:48,16522.9,0
2021-06-10 10:35:49,16522.85,0
2021-06-10 10:35:50,16523.55,0
2021-06-10 10:35:52,16524.0,0
2021-06-10 10:35:58,16523.4,0
2021-06-10 10:36:01,16523.35,0
2021-06-10 10:36:03,16523.45,0
2021-06-10 10:36:04,16523.6,0
2021-06-10 10:36:09,16524.35,0
2021-06-10 10:36:16,16517.05,0
2021-06-10 10:36:27,16519.1,0
2021-06-10 10:36:28,16517.25,0
2021-06-10 10:36:30,16517.25,0
2021-06-10 10:36:33,16516.3,0
2021-06-10 10:36:37,16515.65,0
2021-06-10 10:36:43,16515.2,0
2021-06-10 10:36:44,16516.3,0
2021-06-10 10:36:48,16513.95,0
2021-06-10 10:36:50,16511.55,0
2021-06-10 10:36:51,16511.1,0
2021-06-10 10:36:55,16510.5,0
2021-06-10 10:36:56,16508.95,0
2021-06-10 10:36:57,16510.65,0
2021-06-10 10:36:59,16511.7,0
2021-06-10 10:37:01,16509.4,0
2021-06-10 10:37:04,16509.6,0
2021-06-10 10:37:08,16510.95,0
2021-06-10 10:37:11,16514.55,0
2021-06-10 10:37:12,16515.9,0
2021-06-10 10:37:20,16517.7,0
2021-06-10 10:37:22,16515.55,0
2021-06-10 10:37:25,16518.4,0
2021-06-10 10:37:30,16516.75,0
2021-06-10 10:37:31,16518.8,0
2021-06-10 10:37:34,16516.5,0
2021-06-10 10:37:35,16516.25,0
2021-06-10 10:37:36,16516.5,0
2021-06-10 10:37:40,16516.65,0
2021-06-10 10:37:41,16516.4,0
2021-06-10 10:37:45,16515.85,0
2021-06-10 10:38:03,16517.3,0
2021-06-10 10:38:08,16517.4,0
2021-06-10 10:38:09,16517.95,0
2021-06-10 10:38:13,16515.9,0
2021-06-10 10:38:16,16516.6,0
2021-06-10 10:38:21,16515.95,0
2021-06-10 10:38:23,16516.3,0
2021-06-10 10:38:26,16516.6,0
2021-06-10 10:38:37,16518.55,0
2021-06-10 10:38:39,16517.7,0
2021-06-10 10:38:40,16517.2,0
2021-06-10 10:38:49,16517.25,0
2021-06-10 10:38:56,16517.6,0
2021-06-10 10:38:57,16517.7,0
2021-06-10 10:39:04,16518.6,0
2021-06-10 10:39:12,16521.95,0
2021-06-10 10:39:17,16521.3,0
2021-06-10 10:39:26,16522.65,0
2021-06-10 10:39:28,16522.95,0
2021-06-10 10:39:31,16523.8,0
2021-06-10 10:39:32,16523.75,0
2021-06-10 10:39:38,16525.1,0
2021-06-10 10:39:39,16524.85,0
2021-06-10 10:39:51,16526.9,0
2021-06-10 10:39:55,16527.95,0
2021-06-10 10:39:59,16527.05,0
2021-06-10 10:40:11,16521.1,0
2021-06-10 10:40:12,16519.9,0
2021-06-10 10:40:21,16516.15,0
2021-06-10 10:40:23,16517.2,0
2021-06-10 10:40:31,16519.8,0
2021-06-10 10:40:38,16522.5,0
2021-06-10 10:40:42,16521.9,0
2021-06-10 10:40:43,16521.6,0
2021-06-10 10:40:44,16521.75,0
2021-06-10 10:40:48,16522.2,0
2021-06-10 10:40:51,16523.9,0
2021-06-10 10:40:52,16523.55,0
2021-06-10 10:41:00,16525.5,0
2021-06-10 10:41:02,16526.95,0
2021-06-10 10:41:06,16526.7,0
2021-06-10 10:41:08,16526.75,0
2021-06-10 10:41:14,16527.4,0
2021-06-10 10:41:20,16526.65,0
2021-06-10 10:41:22,16526.95,0
2021-06-10 10:41:24,16526.8,0
2021-06-10 10:41:29,16526.95,0
2021-06-10 10:41:30,16527.1,0
2021-06-10 10:41:31,16526.8,0
2021-06-10 10:41:33,16526.5,0
2021-06-10 10:41:34,16526.7,0
2021-06-10 10:41:39,16526.45,0
2021-06-10 10:41:41,16526.85,0
2021-06-10 10:41:44,16525.25,0
2021-06-10 10:41:48,16524.25,0
2021-06-10 10:41:49,16524.2,0
2021-06-10 10:41:53,16523.1,0
2021-06-10 10:41:56,16523.8,0
2021-06-10 10:42:00,16523.15,0
2021-06-10 10:42:07,16523.6,0
2021-06-10 10:42:10,16523.35,0
2021-06-10 10:42:16,16525.35,0
2021-06-10 10:42:21,16525.2,0
2021-06-10 10:42:25,16526.75,0
2021-06-10 10:42:27,16527.05,0
2021-06-10 10:42:28,16526.85,0
2021-06-10 10:42:29,16527.35,0
2021-06-10 10:42:30,16526.8,0
2021-06-10 10:42:44,16527.85,0
2021-06-10 10:42:50,16527.9,0
2021-06-10 10:42:55,16527.3,0
2021-06-10 10:42:56,16527.2,0
2021-06-10 10:43:07,16527.65,0
2021-06-10 10:43:27,16526.55,0
2021-06-10 10:43:29,16527.2,0
2021-06-10 10:43:35,16528.8,0
2021-06-10 10:43:38,16528.85,0
2021-06-10 10:43:57,16529.35,0
2021-06-10 10:44:02,16528.75,0
2021-06-10 10:44:07,16526.2,0
2021-06-10 10:44:10,16527.2,0
2021-06-10 10:44:21,16525.65,0
2021-06-10 10:44:27,16528.9,0
2021-06-10 10:44:33,16529.3,0
2021-06-10 10:44:38,16534.05,0
2021-06-10 10:44:39,16533.8,0
2021-06-10 10:44:42,16533.65,0
2021-06-10 10:44:49,16530.9,0
2021-06-10 10:44:51,16531.3,0
2021-06-10 10:44:54,16532.05,0
2021-06-10 10:44:56,16532.0,0
2021-06-10 10:45:02,16530.8,0
2021-06-10 10:45:05,16531.7,0
2021-06-10 10:45:09,16529.7,0
2021-06-10 10:45:18,16532.15,0
2021-06-10 10:45:30,16530.8,0
2021-06-10 10:45:43,16532.9,0
2021-06-10 10:45:49,16532.8,0
2021-06-10 10:45:50,16531.6,0
2021-06-10 10:45:52,16531.2,0
2021-06-10 10:45:54,16531.1,0
2021-06-10 10:46:01,16531.05,0
2021-06-10 10:46:02,16530.4,0
2021-06-10 10:46:03,16530.15,0
2021-06-10 10:46:10,16529.8,0
2021-06-10 10:46:12,16524.45,0
2021-06-10 10:46:19,16525.55,0
2021-06-10 10:46:26,16528.0,0
2021-06-10 10:46:27,16528.45,0
2021-06-10 10:46:29,16528.35,0
2021-06-10 10:46:36,16528.05,0
2021-06-10 10:46:39,16527.0,0
2021-06-10 10:46:40,16528.0,0
2021-06-10 10:46:48,16526.95,0
2021-06-10 10:46:49,16527.8,0
2021-06-10 10:46:58,16527.4,0
2021-06-10 10:47:08,16527.75,0
2021-06-10 10:47:12,16527.25,0
2021-06-10 10:47:14,16527.55,0
2021-06-10 10:47:18,16527.15,0
2021-06-10 10:47:23,16527.25,0
2021-06-10 10:47:24,16526.8,0
2021-06-10 10:47:26,16527.35,0
2021-06-10 10:47:34,16526.05,0
2021-06-10 10:47:36,16525.7,0
2021-06-10 10:47:42,16524.6,0
2021-06-10 10:47:47,16526.1,0
2021-06-10 10:47:50,16525.65,0
2021-06-10 10:47:52,16526.1,0
2021-06-10 10:47:54,16525.5,0
2021-06-10 10:47:57,16525.1,0
2021-06-10 10:48:01,16524.35,0
2021-06-10 10:48:04,16524.4,0
2021-06-10 10:48:06,16524.15,0
2021-06-10 10:48:07,16524.0,0
2021-06-10 10:48:15,16525.0,0
2021-06-10 10:48:19,16524.45,0
2021-06-10 10:48:24,16523.75,0
2021-06-10 10:48:25,16523.9,0
2021-06-10 10:48:34,16525.1,0
2021-06-10 10:48:39,16524.2,0
2021-06-10 10:48:40,16524.75,0
2021-06-10 10:48:42,16524.6,0
2021-06-10 10:48:54,16526.0,0
2021-06-10 10:48:55,16525.05,0
2021-06-10 10:48:57,16525.65,0
2021-06-10 10:49:00,16525.3,0
2021-06-10 10:49:02,16524.9,0
2021-06-10 10:49:05,16524.95,0
2021-06-10 10:49:09,16524.6,0
2021-06-10 10:49:12,16527.1,0
2021-06-10 10:49:14,16525.2,0
2021-06-10 10:49:15,16524.35,0
2021-06-10 10:49:19,16525.0,0
2021-06-10 10:49:20,16525.15,0
2021-06-10 10:49:29,16525.2,0
2021-06-10 10:49:34,16526.0,0
2021-06-10 10:49:37,16525.3,0
2021-06-10 10:49:45,16526.7,0
2021-06-10 10:49:48,16526.05,0
2021-06-10 10:49:50,16527.55,0
2021-06-10 10:49:51,16527.55,0
2021-06-10 10:49:53,16527.4,0
2021-06-10 10:49:58,16528.75,0
2021-06-10 10:50:00,16528.35,0
2021-06-10 10:50:02,16526.65,0
2021-06-10 10:50:03,16526.3,0
2021-06-10 10:50:05,16527.55,0
2021-06-10 10:50:08,16528.1,0
2021-06-10 10:50:13,16527.9,0
2021-06-10 10:50:16,16528.15,0
2021-06-10 10:50:26,16523.5,0
2021-06-10 10:50:30,16524.55,0
2021-06-10 10:50:32,16522.95,0
2021-06-10 10:50:33,16524.85,0
2021-06-10 10:50:53,16527.7,0
2021-06-10 10:50:54,16529.5,0
2021-06-10 10:50:55,16530.8,0
2021-06-10 10:50:56,16531.9,0
2021-06-10 10:51:04,16533.35,0
2021-06-10 10:51:05,16532.8,0
2021-06-10 10:51:10,16532.15,0
2021-06-10 10:51:16,16532.3,0
2021-06-10 10:51:18,16532.15,0
2021-06-10 10:51:19,16532.2,0
2021-06-10 10:51:24,16531.4,0
2021-06-10 10:51:29,16531.45,0
2021-06-10 10:51:33,16531.2,0
2021-06-10 10:51:45,16531.45,0
2021-06-10 10:51:48,16531.4,0
2021-06-10 10:51:49,16531.35,0
2021-06-10 10:51:53,16531.1,0
2021-06-10 10:51:58,16531.9,0
2021-06-10 10:52:01,16531.2,0
2021-06-10 10:52:03,16531.5,0
2021-06-10 10:52:10,16533.95,0
2021-06-10 10:52:17,16533.2,0
2021-06-10 10:52:22,16532.65,0
2021-06-10 10:52:24,16533.4,0
2021-06-10 10:52:39,16537.15,0
2021-06-10 10:52:46,16535.75,0
2021-06-10 10:52:52,16533.5,0
2021-06-10 10:52:53,16534.5,0
2021-06-10 10:52:56,16533.7,0
2021-06-10 10:52:57,16533.6,0
2021-06-10 10:53:02,16532.4,0
2021-06-10 10:53:07,16533.3,0
2021-06-10 10:53:13,16531.85,0
2021-06-10 10:53:14,16532.5,0
2021-06-10 10:53:20,16531.8,0
2021-06-10 10:53:24,16532.45,0
2021-06-10 10:53:27,16532.8,0
2021-06-10 10:53:34,16532.95,0
2021-06-10 10:53:37,16533.7,0
2021-06-10 10:53:41,16533.95,0
2021-06-10 10:53:43,16533.6,0
2021-06-10 10:53:49,16535.15,0
2021-06-10 10:53:50,16535.35,0
2021-06-10 10:53:52,16534.8,0
2021-06-10 10:53:56,16536.05,0
2021-06-10 10:54:01,16535.25,0
2021-06-10 10:54:05,16535.5,0
2021-06-10 10:54:07,16535.0,0
2021-06-10 10:54:10,16535.2,0
2021-06-10 10:54:16,16535.15,0
2021-06-10 10:54:18,16535.35,0
2021-06-10 10:54:19,16533.9,0
2021-06-10 10:54:22,16533.2,0
2021-06-10 10:54:23,16532.6,0
2021-06-10 10:54:24,16532.8,0
2021-06-10 10:54:26,16533.2,0
2021-06-10 10:54:32,16532.85,0
2021-06-10 10:54:38,16533.5,0
2021-06-10 10:54:40,16531.75,0
2021-06-10 10:54:57,16532.5,0
2021-06-10 10:55:01,16532.4,0
2021-06-10 10:55:06,16533.2,0
2021-06-10 10:55:07,16533.1,0
2021-06-10 10:55:12,16532.4,0
2021-06-10 10:55:17,16529.95,0
2021-06-10 10:55:20,16529.75,0
2021-06-10 10:55:28,16529.3,0
2021-06-10 10:55:32,16528.1,0
2021-06-10 10:55:35,16528.85,0
2021-06-10 10:55:37,16529.05,0
2021-06-10 10:55:38,16528.45,0
2021-06-10 10:55:44,16529.0,0
2021-06-10 10:55:46,16529.25,0
2021-06-10 10:55:50,16528.55,0
2021-06-10 10:55:53,16528.9,0
2021-06-10 10:55:57,16528.6,0
2021-06-10 10:56:05,16529.9,0
2021-06-10 10:56:14,16530.25,0
2021-06-10 10:56:15,16530.5,0
2021-06-10 10:56:21,16529.65,0
2021-06-10 10:56:22,16529.65,0
2021-06-10 10:56:25,16529.65,0
2021-06-10 10:56:30,16529.8,0
2021-06-10 10:56:33,16529.6,0
2021-06-10 10:56:34,16530.35,0
2021-06-10 10:57:05,16529.8,0
2021-06-10 10:57:12,16529.35,0
2021-06-10 10:57:13,16529.7,0
2021-06-10 10:57:17,16528.7,0
2021-06-10 10:57:44,16534.75,0
2021-06-10 10:57:46,16534.75,0
2021-06-10 10:57:57,16535.8,0
2021-06-10 10:57:58,16536.65,0
2021-06-10 10:57:59,16535.75,0
2021-06-10 10:58:02,16536.2,0
2021-06-10 10:58:14,16534.55,0
2021-06-10 10:58:19,16532.75,0
2021-06-10 10:58:20,16532.9,0
2021-06-10 10:58:27,16532.2,0
2021-06-10 10:58:28,16532.15,0
2021-06-10 10:58:31,16533.05,0
2021-06-10 10:58:38,16534.2,0
2021-06-10 10:58:43,16533.4,0
2021-06-10 10:58:55,16533.25,0
2021-06-10 10:59:00,16534.1,0
2021-06-10 10:59:01,16534.3,0
2021-06-10 10:59:03,16533.65,0
2021-06-10 10:59:07,16533.1,0
2021-06-10 10:59:09,16533.55,0
2021-06-10 10:59:11,16535.25,0
2021-06-10 10:59:13,16534.85,0
2021-06-10 10:59:14,16534.9,0
2021-06-10 10:59:21,16533.65,0
2021-06-10 10:59:37,16535.2,0
2021-06-10 10:59:38,16535.55,0
2021-06-10 10:59:56,16537.3,0
2021-06-10 10:59:59,16536.6,0
2021-06-10 11:00:10,16539.35,0
2021-06-10 11:00:14,16540.85,0
2021-06-10 11:00:20,16545.2,0
2021-06-10 11:00:23,16544.6,0
2021-06-10 11:00:27,16544.3,0
2021-06-10 11:00:34,16544.65,0
2021-06-10 11:00:35,16544.3,0
2021-06-10 11:00:40,16542.6,0
2021-06-10 11:01:06,16541.5,0
2021-06-10 11:01:13,16541.25,0
2021-06-10 11:01:20,16542.15,0
2021-06-10 11:01:25,16542.35,0
2021-06-10 11:01:27,16542.3,0
2021-06-10 11:01:29,16541.45,0
2021-06-10 11:01:31,16539.75,0
2021-06-10 11:01:32,16539.1,0
2021-06-10 11:01:36,16539.35,0
2021-06-10 11:01:47,16537.1,0
2021-06-10 11:01:48,16537.75,0
2021-06-10 11:01:51,16536.25,0
2021-06-10 11:01:53,16536.7,0
2021-06-10 11:02:05,16536.85,0
2021-06-10 14:32:13,16643.9,0
2021-06-10 14:32:15,16643.65,0
2021-06-10 14:32:17,16644.05,0
2021-06-10 14:32:22,16643.05,0
2021-06-10 14:32:33,16643.35,0
2021-06-10 14:32:41,16641.4,0
2021-06-10 14:32:47,16641.15,0
2021-06-10 14:32:49,16641.2,0
2021-06-10 14:32:50,16640.45,0
2021-06-10 14:32:51,16639.85,0
2021-06-10 14:32:55,16640.1,0
2021-06-10 14:33:03,16640.7,0
2021-06-10 14:33:12,16638.35,0
2021-06-10 14:33:31,16640.8,0
2021-06-10 14:33:33,16642.9,0
2021-06-10 14:33:39,16643.4,0
2021-06-10 14:33:43,16643.6,0
2021-06-10 14:33:47,16643.2,0
2021-06-10 14:33:55,16641.65,0
2021-06-10 14:33:56,16642.35,0
2021-06-10 14:33:57,16642.25,0
2021-06-10 14:33:58,16643.2,0
2021-06-10 14:34:08,16643.4,0
2021-06-10 14:34:13,16644.8,0
2021-06-10 14:34:14,16645.45,0
2021-06-10 14:34:15,16645.35,0
2021-06-10 14:34:17,16645.7,0
2021-06-10 14:34:26,16648.65,0
2021-06-10 14:34:27,16647.65,0
2021-06-10 14:34:29,16647.35,0
2021-06-10 14:34:32,16647.65,0
2021-06-10 14:34:36,16648.6,0
2021-06-10 14:34:38,16648.9,0
2021-06-10 14:34:39,16648.55,0
2021-06-10 14:34:42,16647.9,0
2021-06-10 14:34:48,16650.7,0
2021-06-10 14:34:56,16653.65,0
2021-06-10 14:35:02,16656.7,0
2021-06-10 14:35:06,16657.0,0
2021-06-10 14:35:17,16657.7,0
2021-06-10 14:35:18,16659.3,0
2021-06-10 14:35:19,16658.75,0
2021-06-10 14:35:20,16660.95,0
2021-06-10 14:35:24,16661.55,0
2021-06-10 14:35:31,16663.5,0
2021-06-10 14:35:34,16663.25,0
2021-06-10 14:35:35,16663.5,0
2021-06-10 14:35:38,16662.8,0
2021-06-10 14:35:41,16662.25,0
2021-06-10 14:35:44,16663.75,0
2021-06-10 14:35:50,16665.95,0
2021-06-10 14:35:52,16666.2,0
2021-06-10 14:35:54,16665.4,0
2021-06-10 14:35:58,16665.3,0
2021-06-10 14:35:59,16665.1,0
2021-06-10 14:36:02,16666.15,0
2021-06-10 14:36:06,16665.4,0
2021-06-10 14:36:07,16664.2,0
2021-06-10 14:36:11,16664.45,0
2021-06-10 14:36:12,16663.1,0
2021-06-10 14:36:14,16663.45,0
2021-06-10 14:36:15,16663.7,0
2021-06-10 14:36:17,16662.5,0
2021-06-10 14:36:20,16662.05,0
2021-06-10 14:36:21,16661.6,0
2021-06-10 14:36:27,16662.1,0
2021-06-10 14:36:31,16661.35,0
2021-06-10 14:36:42,16659.0,0
2021-06-10 14:36:46,16658.6,0
2021-06-10 14:36:53,16659.4,0
2021-06-10 14:36:55,16659.8,0
2021-06-10 14:36:59,16658.1,0
2021-06-10 14:37:00,16657.7,0
2021-06-10 14:37:05,16656.6,0
2021-06-10 14:37:09,16656.6,0
2021-06-10 14:37:16,16659.25,0
2021-06-10 14:37:20,16661.3,0
2021-06-10 14:37:22,16661.65,0
2021-06-10 14:37:23,16661.6,0
2021-06-10 14:37:26,16662.15,0
2021-06-10 14:37:32,16663.4,0
2021-06-10 14:37:36,16665.1,0
2021-06-10 14:37:50,16667.25,0
2021-06-10 14:37:51,16667.75,0
2021-06-10 14:37:53,16668.3,0
2021-06-10 14:38:01,16671.0,0
2021-06-10 14:38:18,16670.45,0
2021-06-10 14:38:19,16670.0,0
2021-06-10 14:38:26,16668.1,0
2021-06-10 14:38:28,16667.4,0
2021-06-10 14:38:32,16668.35,0
2021-06-10 14:38:33,16668.1,0
2021-06-10 14:38:34,16667.85,0
2021-06-10 14:38:39,16666.95,0
2021-06-10 14:38:43,16667.1,0
2021-06-10 14:38:49,16666.25,0
2021-06-10 14:38:51,16665.8,0
2021-06-10 14:38:52,16665.15,0
2021-06-10 14:39:01,16668.9,0
2021-06-10 14:39:11,16669.2,0
2021-06-10 14:39:16,16668.9,0
2021-06-10 14:39:26,16666.8,0
2021-06-10 14:39:29,16667.55,0
2021-06-10 14:39:35,16667.9,0
2021-06-10 14:39:36,16668.35,0
2021-06-10 14:39:37,16668.3,0
2021-06-10 14:39:38,16667.7,0
2021-06-10 14:39:39,16664.45,0
2021-06-10 14:39:42,16666.5,0
2021-06-10 14:39:46,16665.9,0
2021-06-10 14:39:48,16666.5,0
2021-06-10 14:39:50,16666.45,0
2021-06-10 14:39:53,16666.8,0
2021-06-10 14:40:00,16664.85,0
2021-06-10 14:40:01,16665.3,0
2021-06-10 14:40:11,16662.25,0
2021-06-10 14:40:12,16663.55,0
2021-06-10 14:40:22,16660.55,0
2021-06-10 14:40:25,16660.2,0
2021-06-10 14:40:28,16660.95,0
2021-06-10 14:40:29,16661.3,0
2021-06-10 14:40:31,16661.7,0
2021-06-10 14:40:37,16662.5,0
2021-06-10 14:40:39,16662.95,0
2021-06-10 14:40:45,16663.55,0
2021-06-10 14:40:46,16662.95,0
2021-06-10 14:40:48,16662.85,0
2021-06-10 14:40:58,16667.2,0
2021-06-10 14:41:05,16667.65,0
2021-06-10 14:41:08,16667.4,0
2021-06-10 14:41:14,16665.65,0
2021-06-10 14:41:18,16664.8,0
2021-06-10 14:41:30,16664.8,0
2021-06-10 14:41:44,16665.0,0
2021-06-10 14:41:47,16664.2,0
2021-06-10 14:41:53,16663.15,0
2021-06-10 14:41:54,16663.0,0
2021-06-10 14:41:55,16662.65,0
2021-06-10 14:41:58,16662.75,0
2021-06-10 14:41:59,16661.7,0
2021-06-10 14:42:01,16661.6,0
2021-06-10 14:42:09,16661.1,0
2021-06-10 14:42:13,16658.15,0
2021-06-10 14:42:20,16657.9,0
2021-06-10 14:42:24,16658.1,0
2021-06-10 14:42:27,16657.7,0
2021-06-10 14:42:30,16659.6,0
2021-06-10 14:42:32,16660.0,0
2021-06-10 14:42:33,16660.5,0
2021-06-10 14:42:39,16660.65,0
2021-06-10 14:42:43,16661.5,0
2021-06-10 14:42:44,16661.3,0
2021-06-10 14:42:46,16661.2,0
2021-06-10 14:42:55,16662.15,0
2021-06-10 14:42:59,16665.4,0
2021-06-10 14:43:13,16663.4,0
2021-06-10 14:43:15,16663.4,0
2021-06-10 14:43:16,16663.4,0
2021-06-10 14:43:24,16663.6,0
2021-06-10 14:43:25,16663.55,0
2021-06-10 14:43:29,16664.25,0
2021-06-10 14:43:33,16664.35,0
2021-06-10 14:43:43,16664.3,0
2021-06-10 14:43:45,16664.1,0
2021-06-10 14:43:49,16662.7,0
2021-06-10 14:43:50,16662.7,0
2021-06-10 14:43:53,16661.85,0
2021-06-10 14:43:54,16661.5,0
2021-06-10 14:43:55,16662.25,0
2021-06-10 14:44:07,16661.0,0
2021-06-10 14:44:09,16660.9,0
2021-06-10 14:44:21,16658.25,0
2021-06-10 14:44:22,16658.85,0
2021-06-10 14:44:24,16658.95,0
2021-06-10 14:44:25,16658.45,0
2021-06-10 14:44:26,16658.4,0
2021-06-10 14:44:28,16659.65,0
2021-06-10 14:44:43,16657.1,0
2021-06-10 14:44:44,16657.7,0
2021-06-10 14:44:46,16658.55,0
2021-06-10 14:44:49,16657.8,0
2021-06-10 14:45:00,16657.5,0
2021-06-10 14:45:08,16657.85,0
2021-06-10 14:45:12,16658.35,0
2021-06-10 14:45:17,16657.55,0
2021-06-10 14:45:20,16656.45,0
2021-06-10 14:45:30,16651.9,0
2021-06-10 14:45:33,16650.35,0
2021-06-10 14:45:35,16648.15,0
2021-06-10 14:45:46,16647.4,0
2021-06-10 14:45:48,16647.3,0
2021-06-10 14:45:49,16646.9,0
2021-06-10 14:45:53,16646.15,0
2021-06-10 14:45:57,16646.75,0
2021-06-10 14:46:03,16645.85,0
2021-06-10 14:46:14,16652.95,0
2021-06-10 14:46:16,16653.25,0
2021-06-10 14:46:22,16653.75,0
2021-06-10 14:46:26,16652.25,0
2021-06-10 14:46:27,16652.1,0
2021-06-10 14:46:33,16652.9,0
2021-06-10 14:46:46,16652.8,0
2021-06-10 14:46:52,16652.3,0
2021-06-10 14:46:53,16651.2,0
2021-06-10 14:46:55,16651.85,0
2021-06-10 14:47:00,16657.85,0
2021-06-10 14:47:13,16658.75,0
2021-06-10 14:47:15,16658.45,0
2021-06-10 14:47:18,16659.4,0
2021-06-10 14:47:21,16658.35,0
2021-06-10 14:47:27,16655.05,0
2021-06-10 14:47:28,16655.3,0
2021-06-10 14:47:39,16654.15,0
2021-06-10 14:47:42,16653.5,0
2021-06-10 14:47:43,16653.25,0
2021-06-10 14:47:45,16653.6,0
2021-06-10 14:47:46,16653.3,0
2021-06-10 14:47:48,16653.8,0
2021-06-10 14:47:52,16653.15,0
2021-06-10 14:47:54,16653.1,0
2021-06-10 14:47:57,16652.4,0
2021-06-10 14:48:01,16652.55,0
2021-06-10 14:48:03,16652.4,0
2021-06-10 14:48:08,16652.35,0
2021-06-10 14:48:14,16648.7,0
2021-06-10 14:48:22,16647.65,0
2021-06-10 14:48:27,16646.4,0
2021-06-10 14:48:32,16645.2,0
2021-06-10 14:48:34,16646.3,0
2021-06-10 14:48:40,16646.35,0
2021-06-10 14:48:41,16646.05,0
2021-06-10 14:48:43,16645.2,0
2021-06-10 14:48:51,16645.6,0
2021-06-10 14:49:00,16643.95,0
2021-06-10 14:49:06,16638.7,0
2021-06-10 14:49:11,16636.75,0
2021-06-10 14:49:26,16633.15,0
2021-06-10 14:49:32,16635.5,0
2021-06-10 14:49:45,16637.0,0
2021-06-10 14:49:47,16636.4,0
2021-06-10 14:50:05,16638.25,0
2021-06-10 14:50:07,16637.6,0
2021-06-10 14:50:09,16637.25,0
2021-06-10 14:50:12,16636.6,0
2021-06-10 14:50:17,16635.15,0
2021-06-10 14:50:19,16635.45,0
2021-06-10 14:50:20,16635.75,0
2021-06-10 14:50:26,16635.2,0
2021-06-10 14:50:28,16637.05,0
2021-06-10 14:50:52,16640.85,0
2021-06-10 14:50:58,16640.5,0
2021-06-10 14:51:03,16641.15,0
2021-06-10 14:51:04,16641.0,0
2021-06-10 14:51:06,16641.1,0
2021-06-10 14:51:07,16642.5,0
2021-06-10 14:51:08,16642.3,0
2021-06-10 14:51:19,16638.7,0
2021-06-10 14:51:22,16639.9,0
2021-06-10 14:51:23,16640.1,0
2021-06-10 14:51:30,16640.7,0
2021-06-10 14:51:33,16639.05,0
2021-06-10 14:51:39,16638.3,0
2021-06-10 14:51:41,16638.65,0
2021-06-10 14:51:42,16634.3,0
2021-06-10 14:51:44,16636.7,0
2021-06-10 14:51:45,16634.85,0
2021-06-10 14:51:46,16633.05,0
2021-06-10 14:51:53,16635.65,0
2021-06-10 14:52:03,16638.8,0
2021-06-10 14:52:06,16638.2,0
2021-06-10 14:52:08,16638.6,0
2021-06-10 14:52:09,16638.15,0
2021-06-10 14:52:12,16638.5,0
2021-06-10 14:52:17,16637.1,0
2021-06-10 14:52:20,16637.2,0
2021-06-10 14:52:21,16633.75,0
2021-06-10 14:52:26,16633.65,0
2021-06-10 14:52:35,16635.75,0
2021-06-10 14:52:41,16635.95,0
2021-06-10 14:52:48,16633.6,0
2021-06-10 14:52:50,16633.4,0
2021-06-10 14:53:05,16632.85,0
2021-06-10 14:53:06,16633.4,0
2021-06-10 14:53:08,16633.95,0
2021-06-10 14:53:09,16634.65,0
2021-06-10 14:53:25,16635.7,0
2021-06-10 14:53:31,16636.8,0
2021-06-10 14:53:35,16637.25,0
2021-06-10 14:53:40,16639.4,0
2021-06-10 14:53:41,16639.45,0
2021-06-10 14:53:44,16639.4,0
2021-06-10 14:53:49,16640.35,0
2021-06-10 14:53:50,16640.4,0
2021-06-10 14:53:51,16640.55,0
2021-06-10 14:53:53,16639.55,0
2021-06-10 14:53:59,16640.6,0
2021-06-10 14:54:02,16640.4,0
2021-06-10 14:54:17,16635.7,0
2021-06-10 14:54:20,16633.35,0
2021-06-10 14:54:22,16634.7,0
2021-06-10 14:54:30,16635.0,0
2021-06-10 14:54:32,16635.4,0
2021-06-10 14:54:44,16637.15,0
2021-06-10 14:54:46,16636.55,0
2021-06-10 14:54:48,16636.35,0
2021-06-10 14:54:55,16636.9,0
2021-06-10 14:54:56,16637.35,0
2021-06-10 14:55:01,16635.05,0
2021-06-10 14:55:03,16634.8,0
2021-06-10 14:55:04,16634.05,0
2021-06-10 14:55:06,16631.45,0
2021-06-10 14:55:09,16632.5,0
2021-06-10 14:55:15,16633.3,0
2021-06-10 14:55:19,16634.35,0
2021-06-10 14:55:24,16634.45,0
2021-06-10 14:55:25,16635.0,0
2021-06-10 14:55:28,16633.3,0
2021-06-10 14:55:31,16633.05,0
2021-06-10 14:55:36,16633.85,0
2021-06-10 14:55:49,16632.05,0
2021-06-10 14:55:50,16632.85,0
2021-06-10 14:55:52,16632.6,0
2021-06-10 14:55:58,16632.35,0
2021-06-10 14:55:59,16633.4,0
2021-06-10 14:56:02,16631.55,0
2021-06-10 14:56:12,16633.8,0
2021-06-10 14:56:15,16632.6,0
2021-06-10 14:56:18,16633.3,0
2021-06-10 14:56:20,16634.3,0
2021-06-10 14:56:21,16634.25,0
2021-06-10 14:56:29,16635.25,0
2021-06-10 14:56:30,16634.15,0
2021-06-10 14:56:33,16633.15,0
2021-06-10 14:56:36,16634.95,0
2021-06-10 14:56:37,16634.35,0
2021-06-10 14:56:39,16633.9,0
2021-06-10 14:56:40,16633.25,0
2021-06-10 14:56:45,16633.15,0
2021-06-10 14:56:48,16632.85,0
2021-06-10 14:56:54,16633.75,0
2021-06-10 14:56:55,16634.4,0
2021-06-10 14:56:56,16633.2,0
2021-06-10 14:56:57,16634.0,0
2021-06-10 14:56:59,16632.35,0
2021-06-10 14:57:00,16632.15,0
2021-06-10 14:57:06,16632.0,0
2021-06-10 14:57:07,16632.3,0
2021-06-10 14:57:10,16632.1,0
2021-06-10 14:57:11,16631.85,0
2021-06-10 14:57:14,16632.85,0
2021-06-10 14:57:22,16631.25,0
2021-06-10 14:57:23,16631.35,0
2021-06-10 14:57:25,16631.2,0
2021-06-10 14:57:26,16629.6,0
2021-06-10 14:57:30,16628.95,0
2021-06-10 14:57:31,16628.95,0
2021-06-10 14:57:36,16630.4,0
2021-06-10 14:57:37,16631.05,0
2021-06-10 14:57:50,16627.85,0
2021-06-10 14:57:51,16626.65,0
2021-06-10 14:57:53,16627.65,0
2021-06-10 14:57:54,16627.3,0
2021-06-10 14:57:55,16626.8,0
2021-06-10 14:58:04,16627.9,0
2021-06-10 14:58:09,16627.45,0
2021-06-10 14:58:10,16627.3,0
2021-06-10 14:58:11,16627.55,0
2021-06-10 14:58:22,16630.15,0
2021-06-10 14:58:26,16630.35,0
2021-06-10 14:58:27,16630.85,0
2021-06-10 14:58:33,16631.5,0
2021-06-10 14:58:36,16633.55,0
2021-06-10 14:58:37,16633.35,0
2021-06-10 14:58:52,16635.85,0
2021-06-10 14:58:57,16635.4,0
2021-06-10 14:59:06,16635.15,0
2021-06-10 14:59:08,16636.15,0
2021-06-10 14:59:09,16636.35,0
2021-06-10 14:59:11,16635.35,0
2021-06-10 14:59:19,16638.35,0
2021-06-10 14:59:21,16638.8,0
2021-06-10 14:59:28,16642.6,0
2021-06-10 14:59:27,16643.45,0
2021-06-10 14:59:33,16642.2,0
2021-06-10 14:59:37,16641.9,0
2021-06-10 14:59:46,16639.85,0
2021-06-10 14:59:52,16639.35,0
2021-06-10 14:59:53,16639.6,0
2021-06-10 14:59:56,16637.65,0
2021-06-10 15:00:00,16639.0,0
2021-06-10 15:00:05,16637.8,0
2021-06-10 15:00:11,16636.8,0
2021-06-10 15:00:13,16635.65,0
2021-06-10 15:00:14,16635.0,0
2021-06-10 15:00:19,16636.2,0
2021-06-10 15:00:21,16636.95,0
2021-06-10 15:00:25,16638.15,0
2021-06-10 15:00:27,16638.15,0
2021-06-10 15:00:29,16636.9,0
2021-06-10 15:00:32,16636.95,0
2021-06-10 15:00:38,16637.65,0
2021-06-10 15:00:39,16637.35,0
2021-06-10 15:00:45,16638.25,0
2021-06-10 15:00:47,16637.45,0
2021-06-10 15:00:56,16637.1,0
2021-06-10 15:00:57,16638.75,0
2021-06-10 15:00:58,16638.7,0
2021-06-10 15:01:15,16641.0,0
2021-06-10 15:01:19,16641.6,0
2021-06-10 15:01:20,16641.1,0
2021-06-10 15:01:27,16642.8,0
2021-06-10 15:01:29,16642.4,0
2021-06-10 15:01:31,16643.65,0
2021-06-10 15:01:32,16642.85,0
2021-06-10 15:01:33,16642.8,0
2021-06-10 15:01:35,16644.55,0
2021-06-10 15:01:51,16643.9,0
2021-06-10 15:01:52,16643.35,0
2021-06-10 15:01:54,16645.35,0
2021-06-10 15:01:57,16646.6,0
2021-06-10 15:01:59,16645.45,0
2021-06-10 15:02:01,16646.15,0
2021-06-10 15:02:05,16645.45,0
2021-06-10 15:02:12,16647.55,0
2021-06-10 15:02:22,16649.15,0
2021-06-10 15:02:23,16650.5,0
2021-06-10 15:02:27,16651.65,0
2021-06-10 15:02:32,16649.4,0
2021-06-10 15:02:45,16643.0,0
2021-06-10 15:02:46,16641.8,0
2021-06-10 15:02:52,16641.25,0
2021-06-10 15:03:03,16641.95,0
2021-06-10 15:03:04,16641.85,0
2021-06-10 15:03:06,16642.15,0
2021-06-10 15:03:07,16642.5,0
2021-06-10 15:03:17,16641.2,0
2021-06-10 15:03:22,16643.85,0
2021-06-10 15:03:23,16643.8,0
2021-06-10 15:03:26,16644.5,0
2021-06-10 15:03:28,16643.4,0
2021-06-10 15:03:33,16647.35,0
2021-06-10 15:03:34,16647.15,0
2021-06-10 15:03:37,16648.4,0
2021-06-10 15:03:40,16650.3,0
2021-06-10 15:03:41,16651.1,0
2021-06-10 15:03:45,16652.1,0
2021-06-10 15:03:53,16653.4,0
2021-06-10 15:03:58,16652.85,0
2021-06-10 15:04:01,16653.65,0
2021-06-10 15:04:10,16654.25,0
2021-06-10 15:04:13,16652.65,0
2021-06-10 15:04:14,16653.15,0
2021-06-10 15:04:20,16652.65,0
2021-06-10 15:04:23,16653.95,0
2021-06-10 15:04:24,16653.2,0
2021-06-10 15:04:27,16653.3,0
2021-06-10 15:04:34,16654.75,0
2021-06-10 15:04:42,16655.55,0
2021-06-10 15:04:50,16655.7,0
2021-06-10 15:04:54,16658.05,0
2021-06-10 15:05:03,16656.8,0
2021-06-10 15:05:04,16657.3,0
2021-06-10 15:05:11,16656.8,0
2021-06-10 15:05:14,16657.15,0
2021-06-10 15:05:18,16656.9,0
2021-06-10 15:05:21,16657.5,0
2021-06-10 15:05:24,16658.4,0
2021-06-10 15:05:25,16658.4,0
2021-06-10 15:05:27,16658.6,0
2021-06-10 15:05:31,16659.3,0
2021-06-10 15:05:32,16659.75,0
2021-06-10 15:05:40,16660.95,0
2021-06-10 15:05:46,16661.55,0
2021-06-10 15:05:47,16661.25,0
2021-06-10 15:05:54,16663.25,0
2021-06-10 15:05:57,16664.45,0
2021-06-10 15:06:01,16668.45,0
2021-06-10 15:06:04,16670.05,0
2021-06-10 15:06:18,16671.9,0
2021-06-10 15:06:24,16673.35,0
2021-06-10 15:06:26,16673.85,0
2021-06-10 15:06:30,16671.9,0
2021-06-10 15:06:39,16670.75,0
2021-06-10 15:06:45,16671.65,0
2021-06-10 15:06:51,16672.45,0
2021-06-10 15:06:52,16673.15,0
2021-06-10 15:07:00,16675.0,0
2021-06-10 15:07:10,16675.8,0
2021-06-10 15:07:13,16674.25,0
2021-06-10 15:07:23,16672.5,0
2021-06-10 15:07:24,16672.55,0
2021-06-10 15:07:25,16673.85,0
2021-06-10 15:07:26,16674.2,0
2021-06-10 15:07:32,16673.15,0
2021-06-10 15:07:33,16672.65,0
2021-06-10 15:07:34,16673.35,0
2021-06-10 15:07:36,16672.75,0
2021-06-10 15:07:39,16672.65,0
2021-06-10 15:07:40,16673.1,0
2021-06-10 15:07:50,16669.6,0
2021-06-10 15:07:51,16670.15,0
2021-06-10 15:07:55,16671.85,0
2021-06-10 15:07:56,16671.95,0
2021-06-10 15:08:00,16672.1,0
2021-06-10 15:08:01,16671.65,0
2021-06-10 15:08:02,16672.4,0
2021-06-10 15:08:04,16672.3,0
2021-06-10 15:08:06,16672.65,0
2021-06-10 15:08:09,16672.3,0
2021-06-10 15:08:11,16672.65,0
2021-06-10 15:08:13,16671.65,0
2021-06-10 15:08:16,16670.9,0
2021-06-10 15:08:17,16670.95,0
2021-06-10 15:08:22,16670.45,0
2021-06-10 15:08:23,16671.0,0
2021-06-10 15:08:29,16670.9,0
2021-06-10 15:08:31,16671.05,0
2021-06-10 15:08:32,16670.4,0
2021-06-10 15:08:36,16671.75,0
2021-06-10 15:08:38,16671.2,0
2021-06-10 15:08:40,16671.75,0
2021-06-10 15:08:41,16671.85,0
2021-06-10 15:08:47,16672.0,0
2021-06-10 15:08:48,16673.0,0
2021-06-10 15:08:49,16673.05,0
2021-06-10 15:08:54,16673.05,0
2021-06-10 15:09:04,16673.6,0
2021-06-10 15:09:07,16674.9,0
2021-06-10 15:09:10,16675.35,0
2021-06-10 15:09:17,16672.8,0
2021-06-10 15:09:23,16675.65,0
2021-06-10 15:09:26,16676.15,0
2021-06-10 15:09:28,16674.25,0
2021-06-10 15:09:30,16676.1,0
2021-06-10 15:09:39,16674.35,0
2021-06-10 15:09:42,16675.05,0
2021-06-10 15:09:46,16675.65,0
2021-06-10 15:09:48,16676.0,0
2021-06-10 15:09:51,16675.1,0
2021-06-10 15:09:53,16678.05,0
2021-06-10 15:09:56,16677.15,0
2021-06-10 15:09:59,16678.1,0
2021-06-10 15:10:08,16677.85,0
2021-06-10 15:10:12,16680.15,0
2021-06-10 15:10:19,16679.8,0
2021-06-10 15:10:21,16681.65,0
2021-06-10 15:10:24,16679.65,0
2021-06-10 15:10:25,16680.8,0
2021-06-10 15:10:26,16678.9,0
2021-06-10 15:10:28,16678.8,0
2021-06-10 15:10:34,16678.9,0
2021-06-10 15:10:35,16678.3,0
2021-06-10 15:10:38,16678.75,0
2021-06-10 15:10:40,16678.35,0
2021-06-10 15:10:43,16676.7,0
2021-06-10 15:10:46,16678.25,0
2021-06-10 15:10:51,16676.1,0
2021-06-10 15:10:52,16675.8,0
2021-06-10 15:10:54,16678.1,0
2021-06-10 15:11:09,16670.8,0
2021-06-10 15:11:14,16671.25,0
2021-06-10 15:11:17,16671.15,0
2021-06-10 15:11:25,16670.3,0
2021-06-10 15:11:27,16670.45,0
2021-06-10 15:11:28,16669.4,0
2021-06-10 15:11:35,16668.8,0
2021-06-10 15:11:44,16669.5,0
2021-06-10 15:11:45,16672.35,0
2021-06-10 15:11:51,16667.95,0
2021-06-10 15:12:03,16667.95,0
2021-06-10 15:12:04,16668.75,0
2021-06-10 15:12:08,16667.9,0
2021-06-10 15:12:10,16667.7,0
2021-06-10 15:12:13,16667.75,0
2021-06-10 15:12:15,16668.55,0
2021-06-10 15:12:25,16667.3,0
2021-06-10 15:12:36,16668.85,0
2021-06-10 15:12:40,16669.05,0
2021-06-10 15:12:41,16669.85,0
2021-06-10 15:12:42,16669.8,0
2021-06-10 15:12:43,16669.2,0
2021-06-10 15:12:44,16668.5,0
2021-06-10 15:12:45,16668.35,0
2021-06-10 15:12:49,16667.05,0
2021-06-10 15:12:50,16667.25,0
2021-06-10 15:12:55,16668.0,0
2021-06-10 15:12:58,16668.5,0
2021-06-10 15:13:08,16666.8,0
2021-06-10 15:13:09,16666.6,0
2021-06-10 15:13:10,16667.15,0
2021-06-10 15:13:16,16669.85,0
2021-06-10 15:13:18,16669.65,0
2021-06-10 15:13:20,16669.35,0
2021-06-10 15:13:23,16672.5,0
2021-06-10 15:13:28,16673.2,0
2021-06-10 15:13:36,16672.9,0
2021-06-10 15:13:43,16673.7,0
2021-06-10 15:13:44,16674.8,0
2021-06-10 15:13:56,16671.05,0
2021-06-10 15:13:57,16672.8,0
2021-06-10 15:14:02,16670.05,0
2021-06-10 15:14:09,16670.1,0
2021-06-10 15:14:23,16665.85,0
2021-06-10 15:14:32,16662.95,0
2021-06-10 15:14:37,16664.3,0
2021-06-10 15:14:38,16666.0,0
2021-06-10 15:14:39,16665.1,0
2021-06-10 15:14:48,16668.15,0
2021-06-10 15:14:49,16666.65,0
2021-06-10 15:14:50,16667.55,0
2021-06-10 15:14:58,16664.7,0
2021-06-10 15:14:59,16664.5,0
2021-06-10 15:15:00,16662.65,0
2021-06-10 15:15:04,16662.35,0
2021-06-10 15:15:11,16661.15,0
2021-06-10 15:15:18,16661.65,0
2021-06-10 15:15:21,16659.75,0
2021-06-10 15:15:31,16659.8,0
2021-06-10 15:15:32,16659.2,0
2021-06-10 15:15:33,16659.65,0
2021-06-10 15:15:34,16658.8,0
2021-06-10 15:15:38,16658.55,0
2021-06-10 15:15:39,16658.6,0
2021-06-10 15:16:08,16666.1,0
2021-06-10 15:16:35,16667.35,0
2021-06-10 15:16:36,16667.75,0
2021-06-10 15:16:54,16666.95,0
2021-06-10 15:16:58,16669.4,0
2021-06-10 15:17:03,16667.95,0
2021-06-10 15:17:10,16667.25,0
2021-06-10 15:17:20,16666.0,0
2021-06-10 15:17:23,16667.85,0
2021-06-10 15:17:28,16667.5,0
2021-06-10 15:17:36,16668.05,0
2021-06-10 15:17:40,16668.45,0
2021-06-10 15:17:46,16667.35,0
2021-06-10 15:17:48,16668.65,0
2021-06-10 15:17:59,16667.2,0
2021-06-10 15:18:03,16666.55,0
2021-06-10 15:18:06,16666.85,0
2021-06-10 15:18:09,16665.4,0
2021-06-10 15:18:12,16666.0,0
2021-06-10 15:18:17,16666.45,0
2021-06-10 15:18:27,16667.1,0
2021-06-10 15:18:31,16666.3,0
2021-06-10 15:18:37,16667.05,0
2021-06-10 15:18:45,16667.4,0
2021-06-10 15:18:46,16666.25,0
2021-06-10 15:18:53,16666.35,0
2021-06-10 15:18:56,16665.9,0
2021-06-10 15:18:57,16665.6,0
2021-06-10 15:19:09,16667.95,0
2021-06-10 15:19:14,16665.4,0
2021-06-10 15:19:18,16666.35,0
2021-06-10 15:19:24,16667.25,0
2021-06-10 15:19:26,16667.95,0
2021-06-10 15:19:30,16668.9,0
2021-06-10 15:19:38,16668.15,0
2021-06-10 15:19:49,16668.9,0
2021-06-10 15:19:50,16667.3,0
2021-06-10 15:19:52,16668.25,0
2021-06-10 15:19:54,16667.65,0
2021-06-10 15:20:00,16667.8,0
2021-06-10 15:20:01,16666.85,0
2021-06-10 15:20:04,16666.65,0
2021-06-10 15:20:05,16666.35,0
2021-06-10 15:20:13,16665.05,0
2021-06-10 15:20:19,16662.85,0
2021-06-10 15:20:28,16661.95,0
2021-06-10 15:20:32,16660.6,0
2021-06-10 15:20:35,16660.4,0
2021-06-10 15:20:40,16662.3,0
2021-06-10 15:20:43,16666.15,0
2021-06-10 15:20:48,16666.95,0
2021-06-10 15:20:52,16667.8,0
2021-06-10 15:20:54,16667.3,0
2021-06-10 15:21:08,16670.9,0
2021-06-10 15:21:15,16672.05,0
2021-06-10 15:21:26,16674.9,0
2021-06-10 15:21:29,16673.1,0
2021-06-10 15:21:31,16671.9,0
2021-06-10 15:21:32,16671.9,0
2021-06-10 15:21:36,16668.4,0
2021-06-10 15:21:37,16668.7,0
2021-06-10 15:21:41,16667.75,0
2021-06-10 15:21:43,16668.45,0
2021-06-10 15:22:06,16670.5,0
2021-06-10 15:22:07,16670.2,0
2021-06-10 15:22:08,16670.55,0
2021-06-10 15:22:09,16670.6,0
2021-06-10 15:22:12,16671.35,0
2021-06-10 15:22:18,16671.8,0
2021-06-10 15:22:21,16673.55,0
2021-06-10 15:22:24,16673.75,0
2021-06-10 15:22:25,16674.7,0
2021-06-10 15:22:29,16674.6,0
2021-06-10 15:22:38,16678.7,0
2021-06-10 15:22:39,16678.55,0
2021-06-10 15:22:48,16678.8,0
2021-06-10 15:22:49,16678.85,0
2021-06-10 15:22:54,16681.85,0
2021-06-10 15:22:55,16681.4,0
2021-06-10 15:22:57,16681.75,0
2021-06-10 15:22:58,16681.7,0
2021-06-10 15:23:01,16681.4,0
2021-06-10 15:23:10,16681.05,0
2021-06-10 15:23:13,16678.55,0
2021-06-10 15:23:15,16676.85,0
2021-06-10 15:23:19,16676.45,0
2021-06-10 15:23:22,16677.4,0
2021-06-10 15:23:25,16677.15,0
2021-06-10 15:23:32,16677.05,0
2021-06-10 15:23:35,16677.75,0
2021-06-10 15:23:36,16678.3,0
2021-06-10 15:23:39,16677.6,0
2021-06-10 15:23:46,16677.8,0
2021-06-10 15:23:49,16677.1,0
2021-06-10 15:23:51,16677.85,0
2021-06-10 15:23:55,16678.85,0
2021-06-10 15:23:57,16679.0,0
2021-06-10 15:23:58,16679.95,0
2021-06-10 15:23:59,16677.45,0
2021-06-10 15:24:01,16678.8,0
2021-06-10 15:24:02,16678.9,0
2021-06-10 15:24:09,16675.8,0
2021-06-10 15:24:17,16678.1,0
2021-06-10 15:24:19,16676.3,0
2021-06-10 15:24:21,16677.8,0
2021-06-10 15:24:22,16677.85,0
2021-06-10 15:24:26,16679.2,0
2021-06-10 15:24:29,16679.65,0
2021-06-10 15:24:35,16681.6,0
2021-06-10 15:24:40,16680.55,0
2021-06-10 15:24:53,16681.15,0
2021-06-10 15:24:55,16682.55,0
2021-06-10 15:25:01,16683.25,0
2021-06-10 15:25:02,16683.4,0
2021-06-10 15:25:03,16682.95,0
2021-06-10 15:25:06,16682.45,0
2021-06-10 15:25:09,16681.45,0
2021-06-10 15:25:10,16681.65,0
2021-06-10 15:25:11,16681.65,0
2021-06-10 15:25:12,16682.25,0
2021-06-10 15:25:17,16683.05,0
2021-06-10 15:25:18,16683.05,0
2021-06-10 15:25:25,16682.3,0
2021-06-10 15:25:29,16680.8,0
2021-06-10 15:25:33,16682.15,0
2021-06-10 15:25:48,16682.15,0
2021-06-10 15:25:50,16679.9,0
2021-06-10 15:25:51,16681.25,0
2021-06-10 15:25:52,16680.85,0
2021-06-10 15:26:02,16678.9,0
2021-06-10 15:26:05,16680.4,0
2021-06-10 15:26:06,16679.7,0
2021-06-10 15:26:08,16679.65,0
2021-06-10 15:26:10,16679.55,0
2021-06-10 15:26:11,16678.85,0
2021-06-10 15:26:12,16680.35,0
2021-06-10 15:26:13,16680.55,0
2021-06-10 15:26:14,16679.3,0
2021-06-10 15:26:16,16679.95,0
2021-06-10 15:26:18,16677.2,0
2021-06-10 15:26:22,16677.45,0
2021-06-10 15:26:23,16676.7,0
2021-06-10 15:26:26,16676.85,0
2021-06-10 15:26:27,16677.0,0
2021-06-10 15:26:28,16677.0,0
2021-06-10 15:26:32,16677.6,0
2021-06-10 15:26:34,16676.35,0
2021-06-10 15:26:36,16676.5,0
2021-06-10 15:26:38,16676.55,0
2021-06-10 15:26:42,16676.75,0
2021-06-10 15:26:47,16675.8,0
2021-06-10 15:26:53,16675.1,0
2021-06-10 15:26:58,16675.45,0
2021-06-10 15:27:00,16676.65,0
2021-06-10 15:27:10,16675.65,0
2021-06-10 15:27:16,16678.05,0
2021-06-10 15:27:18,16676.05,0
2021-06-10 15:27:20,16677.3,0
2021-06-10 15:27:21,16677.4,0
2021-06-10 15:27:26,16679.9,0
2021-06-10 15:27:29,16679.55,0
2021-06-10 15:27:30,16680.25,0
2021-06-10 15:27:36,16675.6,0
2021-06-10 15:27:38,16675.0,0
2021-06-10 15:27:40,16675.25,0
2021-06-10 15:27:43,16678.1,0
2021-06-10 15:27:47,16677.15,0
2021-06-10 15:27:48,16678.15,0
2021-06-10 15:27:52,16676.45,0
2021-06-10 15:27:54,16675.15,0
2021-06-10 15:27:56,16675.1,0
2021-06-10 15:28:07,16673.5,0
2021-06-10 15:28:08,16673.75,0
2021-06-10 15:28:12,16672.0,0
2021-06-10 15:28:13,16674.3,0
2021-06-10 15:28:16,16670.3,0
2021-06-10 15:28:24,16672.55,0
2021-06-10 15:28:31,16674.6,0
2021-06-10 15:28:38,16675.1,0
2021-06-10 15:28:47,16670.7,0
2021-06-10 15:28:52,16674.6,0
2021-06-10 15:28:59,16672.7,0
2021-06-10 15:29:00,16669.45,0
2021-06-10 15:29:19,16674.95,0
2021-06-10 15:29:22,16677.2,0
2021-06-10 15:29:32,16673.2,0
2021-06-10 15:29:34,16676.45,0
2021-06-10 15:29:36,16670.05,0
2021-06-10 15:29:45,16670.2,0
2021-06-10 15:29:46,16677.15,0
2021-06-10 15:29:56,16671.5,0
2021-06-10 15:29:59,16671.65,0
2021-06-10 15:30:04,16674.95,0
2021-06-10 15:30:07,16674.95,0
2021-06-10 15:30:15,16674.95,0
2021-06-10 15:30:25,16674.95,0
2021-06-10 15:30:26,16674.95,0
2021-06-10 15:30:27,16674.95,0
2021-06-10 15:30:28,16674.95,0
2021-06-10 15:30:32,16674.95,0
2021-06-10 15:30:33,16674.95,0
2021-06-10 15:30:35,16674.95,0
2021-06-10 15:30:36,16674.95,0
2021-06-10 15:30:37,16674.95,0
2021-06-10 15:30:39,16674.95,0
2021-06-10 15:30:40,16674.95,0
2021-06-10 15:30:43,16674.95,0
2021-06-10 15:30:44,16674.95,0
2021-06-10 15:30:52,16674.95,0
2021-06-10 15:30:58,16674.95,0
2021-06-10 15:31:01,16671.7,0
2021-06-10 15:31:09,16667.25,0
2021-06-10 15:31:10,16667.25,0
2021-06-10 15:31:14,16667.25,0
2021-06-10 15:31:15,16667.25,0
2021-06-10 15:31:16,16667.25,0
2021-06-10 15:31:17,16667.25,0
2021-06-10 15:31:18,16667.25,0
2021-06-10 15:31:22,16667.25,0
2021-06-10 15:31:24,16667.25,0
2021-06-10 15:31:26,16667.25,0
2021-06-10 15:31:27,16667.25,0
2021-06-10 15:31:28,16667.25,0
2021-06-10 15:31:29,16667.25,0
2021-06-10 15:31:37,16667.25,0
2021-06-10 15:31:42,16667.25,0
2021-06-10 15:31:45,16667.25,0
2021-06-10 15:31:53,16667.25,0
2021-06-10 15:31:54,16667.25,0
2021-06-10 15:31:55,16667.25,0
2021-06-10 15:31:59,16667.25,0
2021-06-10 15:32:00,16667.25,0
2021-06-10 15:32:03,16667.25,0
2021-06-10 15:32:04,16667.25,0
2021-06-10 15:32:07,16667.25,0
2021-06-10 15:32:09,16667.25,0
2021-06-10 15:32:10,16667.25,0
2021-06-10 15:32:18,16667.25,0
2021-06-10 15:32:21,16667.25,0
2021-06-10 15:32:22,16667.25,0
2021-06-10 15:32:24,16667.25,0
2021-06-10 15:32:25,16667.25,0
2021-06-10 15:32:26,16667.25,0
2021-06-10 15:32:27,16667.25,0
2021-06-10 15:32:30,16667.25,0
2021-06-10 15:32:39,16667.25,0
2021-06-10 15:32:41,16667.25,0
2021-06-10 15:32:42,16667.25,0
2021-06-10 15:32:45,16667.25,0
2021-06-10 15:32:47,16667.25,0
2021-06-10 15:32:48,16667.25,0
2021-06-10 15:32:50,16667.25,0
2021-06-10 15:32:59,16667.25,0
2021-06-10 15:33:00,16667.25,0
2021-06-10 15:33:07,16667.25,0
2021-06-10 15:33:16,16667.25,0
2021-06-10 15:33:17,16667.25,0
2021-06-10 15:33:21,16667.25,0
2021-06-10 15:33:24,16667.25,0
2021-06-10 15:33:25,16667.25,0
2021-06-10 15:33:26,16667.25,0
2021-06-10 15:33:27,16667.25,0
2021-06-10 15:33:28,16667.25,0
2021-06-10 15:33:29,16667.25,0
2021-06-10 15:33:30,16667.25,0
2021-06-10 15:33:31,16667.25,0
2021-06-10 15:33:41,16667.25,0
2021-06-10 15:33:42,16667.25,0
2021-06-10 15:33:53,16667.25,0
2021-06-10 15:33:59,16667.25,0
2021-06-10 15:34:01,16667.25,0
2021-06-10 15:34:02,16667.25,0
2021-06-10 15:34:11,16667.25,0
2021-06-10 15:34:12,16667.25,0
2021-06-10 15:34:13,16667.25,0
2021-06-10 15:34:14,16667.25,0
2021-06-10 15:34:15,16667.25,0
2021-06-10 15:34:25,16667.25,0
2021-06-10 15:34:26,16667.25,0
2021-06-10 15:34:27,16667.25,0
2021-06-10 15:34:28,16667.25,0
2021-06-10 15:34:29,16667.25,0
2021-06-10 15:34:30,16667.25,0
2021-06-10 15:34:32,16667.25,0
2021-06-10 15:34:33,16667.25,0
2021-06-10 15:34:41,16667.25,0
2021-06-10 15:34:54,16667.25,0
2021-06-10 15:35:05,16667.25,0
2021-06-10 15:35:12,16667.25,0
2021-06-10 15:35:16,16667.25,0
2021-06-10 15:35:19,16667.25,0
2021-06-10 15:35:22,16667.25,0
2021-06-10 15:35:25,16667.25,0
2021-06-10 15:35:26,16667.25,0
2021-06-10 15:35:29,16667.25,0
2021-06-10 15:35:33,16667.25,0
2021-06-10 15:35:40,16667.25,0
2021-06-10 15:35:41,16667.25,0
2021-06-10 15:35:52,16667.25,0
2021-06-10 15:36:00,16667.25,0
2021-06-10 15:36:01,16667.25,0
2021-06-10 15:36:03,16667.25,0
2021-06-10 15:36:23,16667.25,0
2021-06-10 15:36:25,16667.25,0
2021-06-10 15:36:26,16667.25,0
2021-06-10 15:36:29,16667.25,0
2021-06-10 15:36:35,16667.25,0
2021-06-10 15:36:39,16667.25,0
2021-06-10 15:36:40,16667.25,0
2021-06-10 15:36:42,16667.25,0
2021-06-10 15:36:44,16667.25,0
2021-06-10 15:36:54,16667.25,0
2021-06-10 15:36:55,16667.25,0
2021-06-10 15:37:08,16667.25,0
2021-06-10 15:37:09,16667.25,0
2021-06-10 15:37:10,16667.25,0
2021-06-10 15:37:18,16667.25,0
2021-06-10 15:37:19,16667.25,0
2021-06-10 15:37:26,16667.25,0
2021-06-10 15:37:28,16667.25,0
2021-06-10 15:37:33,16667.25,0
2021-06-10 15:37:36,16667.25,0
2021-06-10 15:37:40,16667.25,0
2021-06-10 15:37:58,16667.25,0
2021-06-10 15:38:00,16667.25,0
2021-06-10 15:38:09,16667.25,0
2021-06-10 15:38:13,16667.25,0
2021-06-10 15:38:16,16667.25,0
2021-06-10 15:38:21,16667.25,0
2021-06-10 15:38:30,16667.25,0
2021-06-10 15:38:42,16667.25,0
2021-06-10 15:38:59,16667.25,0
2021-06-10 15:39:06,16667.25,0
2021-06-10 15:39:07,16667.25,0
2021-06-10 15:39:28,16667.25,0
2021-06-10 15:39:37,16667.25,0
2021-06-10 15:39:40,16667.25,0
2021-06-10 15:39:48,16667.25,0
2021-06-10 15:40:01,16667.25,0
2021-06-10 15:40:04,16667.25,0
2021-06-10 15:40:25,16667.25,0
2021-06-10 15:40:34,16667.25,0
2021-06-10 15:40:36,16667.25,0
2021-06-10 15:40:37,16667.25,0
2021-06-10 15:40:42,16667.25,0
2021-06-10 15:40:55,16667.25,0
2021-06-10 15:40:56,16667.25,0
2021-06-10 15:40:57,16667.25,0
2021-06-10 15:41:07,16667.25,0
2021-06-10 15:41:18,16667.25,0
2021-06-10 15:41:47,16667.25,0
2021-06-10 15:41:52,16667.25,0
2021-06-10 15:41:53,16667.25,0
2021-06-10 15:41:55,16667.25,0
2021-06-10 15:41:59,16667.25,0
2021-06-10 15:42:02,16667.25,0
2021-06-10 15:42:03,16667.25,0
2021-06-10 15:42:29,16667.25,0
2021-06-10 15:42:31,16667.25,0
2021-06-10 15:42:39,16667.25,0
2021-06-10 15:42:43,16667.25,0
2021-06-10 15:42:45,16667.25,0
2021-06-10 15:42:49,16667.25,0
2021-06-10 15:42:53,16667.25,0
2021-06-10 15:42:56,16667.25,0
2021-06-10 15:43:02,16667.25,0
2021-06-10 15:43:04,16667.25,0
2021-06-10 15:43:05,16667.25,0
2021-06-10 15:43:16,16667.25,0
2021-06-10 15:43:36,16667.25,0
2021-06-10 15:43:45,16667.25,0
2021-06-10 15:43:47,16667.25,0
2021-06-10 15:43:58,16667.25,0
2021-06-10 15:44:03,16667.25,0
2021-06-10 15:44:11,16667.25,0
2021-06-10 15:44:13,16667.25,0
2021-06-10 15:44:20,16667.25,0
2021-06-10 15:44:54,16667.25,0
2021-06-10 15:44:55,16667.25,0
2021-06-10 15:45:00,16667.25,0
2021-06-10 15:45:05,16667.25,0
2021-06-10 15:45:08,16667.25,0
2021-06-10 15:45:09,16667.25,0
2021-06-10 15:45:11,16667.25,0
2021-06-10 15:45:12,16667.25,0
2021-06-10 15:45:19,16667.25,0
2021-06-10 15:45:29,16667.25,0
2021-06-10 15:45:33,16667.25,0
2021-06-10 15:45:36,16667.25,0
2021-06-10 15:45:38,16667.25,0
2021-06-10 15:45:53,16667.25,0
2021-06-10 15:45:54,16667.25,0
2021-06-10 15:45:55,16667.25,0
2021-06-10 15:45:56,16667.25,0
2021-06-10 15:46:04,16667.25,0
2021-06-10 15:46:05,16667.25,0
2021-06-10 15:46:06,16667.25,0
2021-06-10 15:46:17,16667.25,0
2021-06-10 15:46:23,16667.25,0
2021-06-10 15:46:27,16667.25,0
2021-06-10 15:46:37,16667.25,0
2021-06-10 15:46:38,16667.25,0
2021-06-10 15:46:45,16667.25,0
2021-06-10 15:46:47,16667.25,0
2021-06-10 15:46:50,16667.25,0
2021-06-10 15:46:52,16667.25,0
2021-06-10 15:46:54,16667.25,0
2021-06-10 15:46:59,16667.25,0
2021-06-10 15:47:02,16667.25,0
2021-06-10 15:47:12,16667.25,0
2021-06-10 15:47:23,16667.25,0
2021-06-10 15:47:24,16667.25,0
2021-06-10 15:47:30,16667.25,0
2021-06-10 15:47:33,16667.25,0
2021-06-10 15:47:36,16667.25,0
2021-06-10 15:47:46,16667.25,0
2021-06-10 15:47:51,16667.25,0
2021-06-10 15:47:53,16667.25,0
2021-06-10 15:48:00,16667.25,0
2021-06-10 15:48:07,16667.25,0
2021-06-10 15:48:10,16667.25,0
2021-06-10 15:48:14,16667.25,0
2021-06-10 15:48:20,16667.25,0
2021-06-10 15:48:21,16667.25,0
2021-06-10 15:48:25,16667.25,0
2021-06-10 15:48:26,16667.25,0
2021-06-10 15:48:39,16667.25,0
2021-06-10 15:48:40,16667.25,0
2021-06-10 15:48:46,16667.25,0
2021-06-10 15:48:50,16667.25,0
2021-06-10 15:48:52,16667.25,0
2021-06-10 15:49:02,16667.25,0
2021-06-10 15:49:03,16667.25,0
2021-06-10 15:49:07,16667.25,0
2021-06-10 15:49:09,16667.25,0
2021-06-10 15:49:16,16667.25,0
2021-06-10 15:49:42,16667.25,0
2021-06-10 15:49:45,16667.25,0
2021-06-10 15:49:53,16667.25,0
2021-06-10 15:50:10,16667.25,0
2021-06-10 15:50:14,16667.25,0
2021-06-10 15:50:37,16667.25,0
2021-06-10 15:50:40,16667.25,0
2021-06-10 15:50:42,16667.25,0
2021-06-10 15:51:07,16667.25,0
2021-06-10 15:51:25,16667.25,0
2021-06-10 15:51:27,16667.25,0
2021-06-10 15:51:39,16667.25,0
2021-06-10 15:51:42,16667.25,0
2021-06-10 15:51:46,16667.25,0
2021-06-10 15:51:52,16667.25,0
2021-06-10 15:51:59,16667.25,0
2021-06-10 15:52:06,16667.25,0
2021-06-10 15:52:12,16667.25,0
2021-06-10 15:52:21,16667.25,0
2021-06-10 15:52:23,16667.25,0
2021-06-10 15:52:29,16667.25,0
2021-06-10 15:52:30,16667.25,0
2021-06-10 15:52:31,16667.25,0
2021-06-10 15:52:32,16667.25,0
2021-06-10 15:52:36,16667.25,0
2021-06-10 15:52:44,16667.25,0
2021-06-10 15:52:52,16667.25,0
2021-06-10 15:53:03,16667.25,0
2021-06-10 15:53:29,16667.25,0
2021-06-10 15:53:30,16667.25,0
2021-06-10 15:53:31,16667.25,0
2021-06-10 15:53:32,16667.25,0
2021-06-10 15:53:39,16667.25,0
2021-06-10 15:53:40,16667.25,0
2021-06-10 15:54:01,16667.25,0
2021-06-10 15:54:02,16667.25,0
2021-06-10 15:54:13,16667.25,0
2021-06-10 15:54:18,16667.25,0
2021-06-10 15:54:25,16667.25,0
2021-06-10 15:54:27,16667.25,0
2021-06-10 15:54:30,16667.25,0
2021-06-10 15:54:32,16667.25,0
2021-06-10 15:54:38,16667.25,0
2021-06-10 15:54:47,16667.25,0
2021-06-10 15:55:06,16667.25,0
2021-06-10 15:55:09,16667.25,0
2021-06-10 15:55:12,16667.25,0
2021-06-10 15:55:18,16667.25,0
2021-06-10 15:55:23,16667.25,0
2021-06-10 15:55:24,16667.25,0
2021-06-10 15:55:25,16667.25,0
2021-06-10 15:55:26,16667.25,0
2021-06-10 15:55:28,16667.25,0
2021-06-10 15:55:30,16667.25,0
2021-06-10 15:55:31,16667.25,0
2021-06-10 15:55:32,16667.25,0
2021-06-10 15:55:43,16667.25,0
2021-06-10 15:56:00,16667.25,0
2021-06-10 15:56:05,16667.25,0
2021-06-10 15:56:09,16667.25,0
2021-06-10 15:56:12,16667.25,0
2021-06-10 15:56:16,16667.25,0
2021-06-10 15:56:17,16667.25,0
2021-06-10 15:56:18,16667.25,0
2021-06-10 15:56:25,16667.25,0
2021-06-10 15:56:27,16667.25,0
2021-06-10 15:56:28,16667.25,0
2021-06-10 15:56:29,16667.25,0
2021-06-10 15:56:30,16667.25,0
2021-06-10 15:56:31,16667.25,0
2021-06-10 15:56:32,16667.25,0
2021-06-10 15:56:34,16667.25,0
2021-06-10 15:56:35,16667.25,0
2021-06-10 15:56:39,16667.25,0
2021-06-10 15:56:40,16667.25,0
2021-06-10 15:56:48,16667.25,0
2021-06-10 15:56:52,16667.25,0
2021-06-10 15:56:54,16667.25,0
2021-06-10 15:56:56,16667.25,0
2021-06-10 15:57:02,16667.25,0
2021-06-10 15:57:04,16667.25,0
2021-06-10 15:57:14,16667.25,0
2021-06-10 15:57:26,16667.25,0
2021-06-10 15:57:27,16667.25,0
2021-06-10 15:57:29,16667.25,0
2021-06-10 15:57:31,16667.25,0
2021-06-10 15:57:45,16667.25,0
2021-06-10 15:57:52,16667.25,0
2021-06-10 15:57:56,16667.25,0
2021-06-10 15:58:07,16667.25,0
2021-06-10 15:58:12,16667.25,0
2021-06-10 15:58:18,16667.25,0
2021-06-10 15:58:20,16667.25,0
2021-06-10 15:58:21,16667.25,0
2021-06-10 15:58:26,16667.25,0
2021-06-10 15:58:28,16667.25,0
2021-06-10 15:58:47,16667.25,0
2021-06-10 15:58:48,16667.25,0
2021-06-10 15:58:50,16667.25,0
2021-06-10 15:59:07,16667.25,0
2021-06-10 15:59:08,16667.25,0
2021-06-10 15:59:12,16667.25,0
2021-06-10 15:59:20,16667.25,0
2021-06-10 15:59:34,16667.25,0
2021-06-10 15:59:45,16667.25,0
2021-06-10 15:59:50,16667.25,0
2021-06-10 15:59:54,16667.25,0
2021-06-10 15:59:55,16667.25,0
2021-06-10 15:59:56,16667.25,0
2021-06-10 15:59:57,16667.25,0
2021-06-10 15:59:59,16667.25,0
2021-06-10 16:00:08,16667.25,0
2021-06-10 16:00:10,16667.25,0
2021-06-10 16:00:27,16667.25,0
2021-06-10 16:00:33,16667.25,0
2021-06-10 16:00:35,16667.25,0
2021-06-10 16:00:56,16667.25,0
2021-06-10 16:01:01,16667.25,0
2021-06-10 16:01:02,16667.25,0
2021-06-10 16:01:04,16667.25,0
2021-06-10 16:01:28,16667.25,0
2021-06-10 16:01:30,16667.25,0
2021-06-10 16:01:34,16667.25,0
2021-06-10 16:01:36,16667.25,0
2021-06-10 16:01:39,16667.25,0
2021-06-10 16:01:46,16667.25,0
2021-06-10 16:02:01,16667.25,0
