timestamp,ltp,volume
2021-06-10 09:16:12,14215.4,0
2021-06-10 09:16:16,14224.6,0
2021-06-10 09:16:19,14225.4,0
2021-06-10 09:16:20,14218.5,0
2021-06-10 09:16:21,14220.5,0
2021-06-10 09:16:22,14217.35,0
2021-06-10 09:16:24,14213.3,0
2021-06-10 09:16:26,14213.6,0
2021-06-10 09:16:27,14212.4,0
2021-06-10 09:16:29,14215.15,0
2021-06-10 09:16:31,14216.85,0
2021-06-10 09:16:32,14219.4,0
2021-06-10 09:16:34,14216.95,0
2021-06-10 09:16:36,14217.4,0
2021-06-10 09:16:37,14216.35,0
2021-06-10 09:16:38,14213.05,0
2021-06-10 09:16:39,14212.65,0
2021-06-10 09:16:40,14215.5,0
2021-06-10 09:16:41,14216.45,0
2021-06-10 09:16:42,14216.9,0
2021-06-10 09:16:43,14216.4,0
2021-06-10 09:16:45,14214.0,0
2021-06-10 09:16:46,14215.85,0
2021-06-10 09:16:47,14217.2,0
2021-06-10 09:16:48,14215.75,0
2021-06-10 09:16:49,14217.7,0
2021-06-10 09:16:50,14219.45,0
2021-06-10 09:16:51,14218.7,0
2021-06-10 09:16:54,14221.5,0
2021-06-10 09:16:55,14217.15,0
2021-06-10 09:16:56,14220.05,0
2021-06-10 09:16:57,14212.7,0
2021-06-10 09:16:59,14214.75,0
2021-06-10 09:17:01,14218.8,0
2021-06-10 09:17:02,14218.6,0
2021-06-10 09:17:03,14224.3,0
2021-06-10 09:17:04,14223.3,0
2021-06-10 09:17:05,14224.55,0
2021-06-10 09:17:06,14226.7,0
2021-06-10 09:17:07,14227.3,0
2021-06-10 09:17:08,14228.55,0
2021-06-10 09:17:09,14226.05,0
2021-06-10 09:17:11,14230.45,0
2021-06-10 09:17:12,14228.45,0
2021-06-10 09:17:13,14229.75,0
2021-06-10 09:17:14,14231.75,0
2021-06-10 09:17:15,14234.3,0
2021-06-10 09:17:16,14235.5,0
2021-06-10 09:17:17,14234.65,0
2021-06-10 09:17:18,14233.5,0
2021-06-10 09:17:19,14234.35,0
2021-06-10 09:17:20,14237.1,0
2021-06-10 09:17:21,14237.2,0
2021-06-10 09:17:22,14236.15,0
2021-06-10 09:17:23,14234.9,0
2021-06-10 09:17:24,14235.5,0
2021-06-10 09:17:25,14235.3,0
2021-06-10 09:17:28,14233.85,0
2021-06-10 09:17:29,14235.25,0
2021-06-10 09:17:30,14233.45,0
2021-06-10 09:17:31,14235.55,0
2021-06-10 09:17:32,14235.25,0
2021-06-10 09:17:33,14235.9,0
2021-06-10 09:17:35,14235.9,0
2021-06-10 09:17:36,14235.6,0
2021-06-10 09:17:37,14235.25,0
2021-06-10 09:17:38,14234.3,0
2021-06-10 09:17:39,14237.55,0
2021-06-10 09:17:40,14235.05,0
2021-06-10 09:17:42,14235.35,0
2021-06-10 09:17:43,14236.3,0
2021-06-10 09:17:44,14235.3,0
2021-06-10 09:17:46,14234.45,0
2021-06-10 09:17:47,14234.95,0
2021-06-10 09:17:48,14235.8,0
2021-06-10 09:17:50,14234.9,0
2021-06-10 09:17:51,14236.05,0
2021-06-10 09:17:52,14234.75,0
2021-06-10 09:17:54,14234.7,0
2021-06-10 09:17:55,14233.15,0
2021-06-10 09:17:56,14231.9,0
2021-06-10 09:17:57,14230.5,0
2021-06-10 09:17:58,14230.25,0
2021-06-10 09:17:59,14228.85,0
2021-06-10 09:18:00,14227.1,0
2021-06-10 09:18:01,14230.6,0
2021-06-10 09:18:02,14230.2,0
2021-06-10 09:18:03,14229.4,0
2021-06-10 09:18:04,14232.45,0
2021-06-10 09:18:05,14232.6,0
2021-06-10 09:18:06,14231.5,0
2021-06-10 09:18:08,14232.5,0
2021-06-10 09:18:09,14231.1,0
2021-06-10 09:18:16,14237.1,0
2021-06-10 09:18:18,14234.95,0
2021-06-10 09:18:21,14234.8,0
2021-06-10 09:18:23,14235.1,0
2021-06-10 09:18:26,14224.4,0
2021-06-10 09:18:28,14225.35,0
2021-06-10 09:18:30,14228.8,0
2021-06-10 09:18:32,14226.95,0
2021-06-10 09:18:34,14229.1,0
2021-06-10 09:18:36,14227.9,0
2021-06-10 09:18:37,14227.4,0
2021-06-10 09:18:38,14228.05,0
2021-06-10 09:18:41,14229.55,0
2021-06-10 09:18:42,14227.8,0
2021-06-10 09:18:43,14227.2,0
2021-06-10 09:18:44,14227.1,0
2021-06-10 09:18:45,14226.65,0
2021-06-10 09:18:46,14228.3,0
2021-06-10 09:18:47,14227.45,0
2021-06-10 09:18:48,14228.45,0
2021-06-10 09:18:49,14227.3,0
2021-06-10 09:18:50,14226.9,0
2021-06-10 09:18:51,14224.35,0
2021-06-10 09:18:52,14227.0,0
2021-06-10 09:18:53,14226.65,0
2021-06-10 09:18:54,14227.1,0
2021-06-10 09:18:55,14221.9,0
2021-06-10 09:18:56,14222.5,0
2021-06-10 09:18:57,14222.1,0
2021-06-10 09:18:58,14221.4,0
2021-06-10 09:19:00,14220.25,0
2021-06-10 09:19:01,14222.35,0
2021-06-10 09:19:02,14222.0,0
2021-06-10 09:19:03,14220.15,0
2021-06-10 09:19:04,14220.2,0
2021-06-10 09:19:05,14220.25,0
2021-06-10 09:19:06,14218.75,0
2021-06-10 09:19:07,14219.0,0
2021-06-10 09:19:08,14217.45,0
2021-06-10 09:19:09,14219.85,0
2021-06-10 09:19:10,14217.6,0
2021-06-10 09:19:11,14218.6,0
2021-06-10 09:19:12,14218.05,0
2021-06-10 09:19:13,14214.0,0
2021-06-10 09:19:14,14217.6,0
2021-06-10 09:19:15,14215.85,0
2021-06-10 09:19:16,14216.8,0
2021-06-10 09:19:17,14218.5,0
2021-06-10 09:19:18,14221.35,0
2021-06-10 09:19:19,14218.85,0
2021-06-10 09:19:20,14223.15,0
2021-06-10 09:19:21,14219.7,0
2021-06-10 09:19:22,14222.0,0
2021-06-10 09:19:23,14223.8,0
2021-06-10 09:19:24,14225.15,0
2021-06-10 09:19:25,14224.75,0
2021-06-10 09:19:26,14228.1,0
2021-06-10 09:19:27,14226.55,0
2021-06-10 09:19:28,14224.9,0
2021-06-10 09:19:29,14224.85,0
2021-06-10 09:19:30,14225.75,0
2021-06-10 09:19:31,14226.75,0
2021-06-10 09:19:32,14226.6,0
2021-06-10 09:19:33,14224.9,0
2021-06-10 09:19:34,14223.15,0
2021-06-10 09:19:35,14225.2,0
2021-06-10 09:19:36,14225.75,0
2021-06-10 09:19:37,14227.2,0
2021-06-10 09:19:38,14229.8,0
2021-06-10 09:19:39,14227.9,0
2021-06-10 09:19:40,14228.2,0
2021-06-10 09:19:41,14229.95,0
2021-06-10 09:19:42,14230.7,0
2021-06-10 09:19:44,14228.85,0
2021-06-10 09:19:45,14229.15,0
2021-06-10 09:19:46,14231.05,0
2021-06-10 09:19:47,14229.8,0
2021-06-10 09:19:48,14229.35,0
2021-06-10 09:19:50,14228.3,0
2021-06-10 09:19:51,14228.1,0
2021-06-10 09:19:53,14228.55,0
2021-06-10 09:19:54,14229.3,0
2021-06-10 09:19:55,14226.5,0
2021-06-10 09:19:57,14225.3,0
2021-06-10 09:19:58,14226.35,0
2021-06-10 09:19:59,14226.45,0
2021-06-10 09:20:02,14222.85,0
2021-06-10 09:20:03,14223.95,0
2021-06-10 09:20:04,14224.6,0
2021-06-10 09:20:05,14226.9,0
2021-06-10 09:20:06,14227.55,0
2021-06-10 09:20:07,14228.8,0
2021-06-10 09:20:08,14229.25,0
2021-06-10 09:20:09,14230.0,0
2021-06-10 09:20:10,14229.5,0
2021-06-10 09:20:11,14229.6,0
2021-06-10 09:20:12,14229.0,0
2021-06-10 09:20:13,14229.15,0
2021-06-10 09:20:14,14229.95,0
2021-06-10 09:20:15,14230.0,0
2021-06-10 09:20:17,14230.3,0
2021-06-10 09:20:18,14230.8,0
2021-06-10 09:20:19,14231.35,0
2021-06-10 09:20:20,14230.75,0
2021-06-10 09:20:21,14235.1,0
2021-06-10 09:20:22,14235.65,0
2021-06-10 09:20:23,14232.6,0
2021-06-10 09:20:24,14235.85,0
2021-06-10 09:20:26,14237.9,0
2021-06-10 09:20:29,14239.25,0
2021-06-10 09:20:30,14239.25,0
2021-06-10 09:20:31,14237.3,0
2021-06-10 09:20:33,14236.75,0
2021-06-10 09:20:36,14239.7,0
2021-06-10 09:20:38,14240.45,0
2021-06-10 09:20:39,14240.9,0
2021-06-10 09:20:41,14241.55,0
2021-06-10 09:20:42,14241.55,0
2021-06-10 09:20:47,14242.5,0
2021-06-10 09:20:48,14242.0,0
2021-06-10 09:20:49,14241.2,0
2021-06-10 09:20:50,14241.85,0
2021-06-10 09:20:52,14236.55,0
2021-06-10 09:20:53,14235.8,0
2021-06-10 09:20:54,14238.9,0
2021-06-10 09:20:55,14238.5,0
2021-06-10 09:20:57,14237.55,0
2021-06-10 09:20:58,14237.15,0
2021-06-10 09:21:00,14237.7,0
2021-06-10 09:21:03,14234.15,0
2021-06-10 09:21:04,14234.05,0
2021-06-10 09:21:05,14230.05,0
2021-06-10 09:21:06,14229.2,0
2021-06-10 09:21:07,14231.05,0
2021-06-10 09:21:08,14228.85,0
2021-06-10 09:21:09,14228.0,0
2021-06-10 09:21:10,14229.15,0
2021-06-10 09:21:11,14229.65,0
2021-06-10 09:21:12,14227.75,0
2021-06-10 09:21:13,14227.8,0
2021-06-10 09:21:14,14228.75,0
2021-06-10 09:21:15,14226.9,0
2021-06-10 09:21:16,14227.0,0
2021-06-10 09:21:18,14227.1,0
2021-06-10 09:21:19,14226.9,0
2021-06-10 09:21:20,14226.95,0
2021-06-10 09:21:21,14224.95,0
2021-06-10 09:21:22,14225.2,0
2021-06-10 09:21:23,14220.0,0
2021-06-10 09:21:24,14219.75,0
2021-06-10 09:21:25,14220.95,0
2021-06-10 09:21:26,14221.75,0
2021-06-10 09:21:27,14222.7,0
2021-06-10 09:21:28,14220.15,0
2021-06-10 09:21:29,14220.45,0
2021-06-10 09:21:30,14220.95,0
2021-06-10 09:21:31,14220.25,0
2021-06-10 09:21:32,14219.5,0
2021-06-10 09:21:33,14220.6,0
2021-06-10 09:21:35,14220.0,0
2021-06-10 09:21:36,14219.2,0
2021-06-10 09:21:37,14221.15,0
2021-06-10 09:21:38,14219.5,0
2021-06-10 09:21:39,14219.25,0
2021-06-10 09:21:40,14216.5,0
2021-06-10 09:21:41,14217.4,0
2021-06-10 09:21:42,14213.4,0
2021-06-10 09:21:43,14213.2,0
2021-06-10 09:21:44,14213.25,0
2021-06-10 09:21:45,14213.85,0
2021-06-10 09:21:46,14214.15,0
2021-06-10 09:21:47,14213.35,0
2021-06-10 09:21:48,14213.05,0
2021-06-10 09:21:49,14214.1,0
2021-06-10 09:21:50,14214.0,0
2021-06-10 09:21:51,14213.5,0
2021-06-10 09:21:52,14215.0,0
2021-06-10 09:21:53,14215.6,0
2021-06-10 09:21:55,14215.95,0
2021-06-10 09:21:56,14214.9,0
2021-06-10 09:21:57,14215.25,0
2021-06-10 09:21:58,14214.8,0
2021-06-10 09:21:59,14215.0,0
2021-06-10 09:22:00,14212.2,0
2021-06-10 09:22:01,14212.35,0
2021-06-10 09:22:03,14213.05,0
2021-06-10 09:22:04,14211.45,0
2021-06-10 09:22:05,14211.5,0
2021-06-10 09:22:06,14209.75,0
2021-06-10 09:22:07,14210.85,0
2021-06-10 09:22:08,14212.35,0
2021-06-10 09:22:09,14212.55,0
2021-06-10 09:22:10,14212.85,0
2021-06-10 09:22:11,14213.0,0
2021-06-10 09:22:13,14212.55,0
2021-06-10 09:22:14,14211.5,0
2021-06-10 09:22:15,14213.05,0
2021-06-10 09:22:16,14214.75,0
2021-06-10 09:22:17,14213.85,0
2021-06-10 09:22:19,14212.6,0
2021-06-10 09:22:20,14212.5,0
2021-06-10 09:22:21,14211.55,0
2021-06-10 09:22:22,14211.6,0
2021-06-10 09:22:23,14211.7,0
2021-06-10 09:22:24,14210.75,0
2021-06-10 09:22:25,14211.6,0
2021-06-10 09:22:26,14211.05,0
2021-06-10 09:22:27,14211.75,0
2021-06-10 09:22:28,14211.25,0
2021-06-10 09:22:29,14210.5,0
2021-06-10 09:22:30,14211.7,0
2021-06-10 09:22:31,14212.5,0
2021-06-10 09:22:32,14213.05,0
2021-06-10 09:22:33,14213.05,0
2021-06-10 09:22:34,14213.75,0
2021-06-10 09:22:35,14213.7,0
2021-06-10 09:22:37,14213.55,0
2021-06-10 09:22:39,14216.15,0
2021-06-10 09:22:40,14214.15,0
2021-06-10 09:22:41,14213.95,0
2021-06-10 09:22:42,14215.4,0
2021-06-10 09:22:43,14213.95,0
2021-06-10 09:22:44,14213.5,0
2021-06-10 09:22:45,14215.25,0
2021-06-10 09:22:46,14214.15,0
2021-06-10 09:22:47,14214.5,0
2021-06-10 09:22:48,14215.1,0
2021-06-10 09:22:49,14214.5,0
2021-06-10 09:22:51,14214.9,0
2021-06-10 09:22:50,14214.8,0
2021-06-10 09:22:52,14214.35,0
2021-06-10 09:22:53,14215.2,0
2021-06-10 09:22:54,14215.55,0
2021-06-10 09:22:55,14216.4,0
2021-06-10 09:22:56,14215.65,0
2021-06-10 09:22:58,14216.5,0
2021-06-10 09:22:59,14215.05,0
2021-06-10 09:23:00,14215.75,0
2021-06-10 09:23:01,14216.05,0
2021-06-10 09:23:02,14217.55,0
2021-06-10 09:23:03,14217.8,0
2021-06-10 09:23:04,14216.85,0
2021-06-10 09:23:05,14216.1,0
2021-06-10 09:23:06,14217.85,0
2021-06-10 09:23:07,14218.45,0
2021-06-10 09:23:08,14218.85,0
2021-06-10 09:23:09,14219.05,0
2021-06-10 09:23:10,14217.15,0
2021-06-10 09:23:11,14218.85,0
2021-06-10 09:23:12,14218.85,0
2021-06-10 09:23:13,14217.8,0
2021-06-10 09:23:16,14218.95,0
2021-06-10 09:23:17,14219.15,0
2021-06-10 09:23:19,14219.15,0
2021-06-10 09:23:20,14219.0,0
2021-06-10 09:23:22,14219.85,0
2021-06-10 09:23:23,14218.6,0
2021-06-10 09:23:24,14218.4,0
2021-06-10 09:23:25,14218.3,0
2021-06-10 09:23:26,14218.9,0
2021-06-10 09:23:27,14219.6,0
2021-06-10 09:23:29,14218.85,0
2021-06-10 09:23:30,14219.4,0
2021-06-10 09:23:31,14218.75,0
2021-06-10 09:23:32,14220.5,0
2021-06-10 09:23:33,14221.15,0
2021-06-10 09:23:34,14222.05,0
2021-06-10 09:23:36,14223.8,0
2021-06-10 09:23:37,14220.95,0
2021-06-10 09:23:38,14221.05,0
2021-06-10 09:23:40,14221.5,0
2021-06-10 09:23:41,14218.65,0
2021-06-10 09:23:42,14219.55,0
2021-06-10 09:23:43,14220.0,0
2021-06-10 09:23:44,14220.05,0
2021-06-10 09:23:45,14219.35,0
2021-06-10 09:23:46,14220.65,0
2021-06-10 09:23:47,14219.2,0
2021-06-10 09:23:48,14220.75,0
2021-06-10 09:23:49,14219.45,0
2021-06-10 09:23:50,14219.2,0
2021-06-10 09:23:51,14214.7,0
2021-06-10 09:23:52,14214.9,0
2021-06-10 09:23:53,14213.85,0
2021-06-10 09:23:54,14214.25,0
2021-06-10 09:23:56,14212.05,0
2021-06-10 09:23:57,14213.9,0
2021-06-10 09:23:58,14214.45,0
2021-06-10 09:23:59,14214.8,0
2021-06-10 09:24:02,14213.35,0
2021-06-10 09:24:03,14212.65,0
2021-06-10 09:24:04,14211.8,0
2021-06-10 09:24:06,14213.8,0
2021-06-10 09:24:07,14212.1,0
2021-06-10 09:24:08,14211.05,0
2021-06-10 09:24:10,14210.7,0
2021-06-10 09:24:12,14210.85,0
2021-06-10 09:24:13,14209.9,0
2021-06-10 09:24:14,14210.9,0
2021-06-10 09:24:15,14211.55,0
2021-06-10 09:24:16,14210.7,0
2021-06-10 09:24:17,14210.55,0
2021-06-10 09:24:19,14211.3,0
2021-06-10 09:24:20,14212.2,0
2021-06-10 09:24:21,14212.05,0
2021-06-10 09:24:22,14211.05,0
2021-06-10 09:24:24,14212.85,0
2021-06-10 09:24:25,14212.85,0
2021-06-10 09:24:26,14213.95,0
2021-06-10 09:24:27,14213.0,0
2021-06-10 09:24:28,14213.2,0
2021-06-10 09:24:30,14212.85,0
2021-06-10 09:24:31,14214.15,0
2021-06-10 09:24:32,14211.35,0
2021-06-10 09:24:33,14212.9,0
2021-06-10 09:24:34,14212.9,0
2021-06-10 09:24:35,14212.9,0
2021-06-10 09:24:36,14213.4,0
2021-06-10 09:24:38,14213.25,0
2021-06-10 09:24:39,14213.55,0
2021-06-10 09:24:40,14212.45,0
2021-06-10 09:24:41,14211.95,0
2021-06-10 09:24:42,14210.85,0
2021-06-10 09:24:44,14210.05,0
2021-06-10 09:24:46,14210.15,0
2021-06-10 09:24:48,14213.05,0
2021-06-10 09:24:49,14211.5,0
2021-06-10 09:24:50,14211.15,0
2021-06-10 09:24:51,14212.35,0
2021-06-10 09:24:54,14212.5,0
2021-06-10 09:24:56,14213.65,0
2021-06-10 09:24:57,14214.05,0
2021-06-10 09:24:59,14213.3,0
2021-06-10 09:25:00,14214.2,0
2021-06-10 09:25:01,14214.3,0
2021-06-10 09:25:02,14214.7,0
2021-06-10 09:25:03,14214.5,0
2021-06-10 09:25:04,14215.15,0
2021-06-10 09:25:05,14213.9,0
2021-06-10 09:25:06,14216.15,0
2021-06-10 09:25:07,14216.9,0
2021-06-10 09:25:08,14217.65,0
2021-06-10 09:25:09,14217.85,0
2021-06-10 09:25:10,14218.15,0
2021-06-10 09:25:11,14220.0,0
2021-06-10 09:25:12,14218.45,0
2021-06-10 09:25:16,14220.25,0
2021-06-10 09:25:17,14220.35,0
2021-06-10 09:25:19,14222.7,0
2021-06-10 09:25:20,14221.85,0
2021-06-10 09:25:21,14223.2,0
2021-06-10 09:25:22,14223.2,0
2021-06-10 09:25:23,14224.9,0
2021-06-10 09:25:24,14224.35,0
2021-06-10 09:25:26,14223.8,0
2021-06-10 09:25:27,14223.5,0
2021-06-10 09:25:28,14226.0,0
2021-06-10 09:25:30,14231.8,0
2021-06-10 09:25:29,14230.3,0
2021-06-10 09:25:31,14233.9,0
2021-06-10 09:25:33,14233.25,0
2021-06-10 09:25:34,14232.65,0
2021-06-10 09:25:35,14231.65,0
2021-06-10 09:25:36,14231.9,0
2021-06-10 09:25:37,14231.0,0
2021-06-10 09:25:38,14230.9,0
2021-06-10 09:25:40,14233.8,0
2021-06-10 09:25:41,14235.25,0
2021-06-10 09:25:43,14234.1,0
2021-06-10 09:25:44,14234.85,0
2021-06-10 09:25:45,14235.2,0
2021-06-10 09:25:46,14234.75,0
2021-06-10 09:25:47,14234.4,0
2021-06-10 09:25:48,14232.65,0
2021-06-10 09:25:49,14230.5,0
2021-06-10 09:25:51,14230.45,0
2021-06-10 09:25:52,14232.05,0
2021-06-10 09:25:53,14232.75,0
2021-06-10 09:25:54,14230.45,0
2021-06-10 09:25:58,14230.9,0
2021-06-10 09:26:00,14231.95,0
2021-06-10 09:26:01,14229.75,0
2021-06-10 09:26:03,14225.95,0
2021-06-10 09:26:04,14224.15,0
2021-06-10 09:26:05,14226.0,0
2021-06-10 09:26:06,14225.4,0
2021-06-10 09:26:07,14225.3,0
2021-06-10 09:26:08,14222.85,0
2021-06-10 09:26:09,14225.35,0
2021-06-10 09:26:10,14223.95,0
2021-06-10 09:26:11,14225.95,0
2021-06-10 09:26:12,14224.7,0
2021-06-10 09:26:13,14225.0,0
2021-06-10 09:26:14,14224.15,0
2021-06-10 09:26:15,14224.6,0
2021-06-10 09:26:16,14224.35,0
2021-06-10 09:26:17,14223.4,0
2021-06-10 09:26:18,14225.05,0
2021-06-10 09:26:19,14224.75,0
2021-06-10 09:26:20,14226.15,0
2021-06-10 09:26:21,14225.25,0
2021-06-10 09:26:22,14222.85,0
2021-06-10 09:26:23,14222.0,0
2021-06-10 09:26:24,14223.7,0
2021-06-10 09:26:26,14225.4,0
2021-06-10 09:26:27,14225.85,0
2021-06-10 09:26:28,14225.1,0
2021-06-10 09:26:29,14224.85,0
2021-06-10 09:26:30,14225.25,0
2021-06-10 09:26:31,14224.75,0
2021-06-10 09:26:32,14223.55,0
2021-06-10 09:26:33,14223.35,0
2021-06-10 09:26:34,14222.65,0
2021-06-10 09:26:35,14223.45,0
2021-06-10 09:26:36,14220.6,0
2021-06-10 09:26:37,14220.5,0
2021-06-10 09:26:38,14218.9,0
2021-06-10 09:26:39,14218.0,0
2021-06-10 09:26:40,14217.25,0
2021-06-10 09:26:44,14220.15,0
2021-06-10 09:26:47,14218.95,0
2021-06-10 09:26:48,14219.6,0
2021-06-10 09:26:49,14218.05,0
2021-06-10 09:26:52,14213.25,0
2021-06-10 09:26:53,14209.9,0
2021-06-10 09:26:54,14209.6,0
2021-06-10 09:26:55,14210.0,0
2021-06-10 09:26:56,14210.95,0
2021-06-10 09:26:57,14209.1,0
2021-06-10 09:26:58,14208.75,0
2021-06-10 09:26:59,14209.9,0
2021-06-10 09:27:00,14209.1,0
2021-06-10 09:27:01,14209.7,0
2021-06-10 09:27:02,14208.4,0
2021-06-10 09:27:03,14207.2,0
2021-06-10 09:27:04,14208.05,0
2021-06-10 09:27:06,14209.3,0
2021-06-10 09:27:07,14209.05,0
2021-06-10 09:27:08,14210.6,0
2021-06-10 09:27:09,14211.95,0
2021-06-10 09:27:10,14213.25,0
2021-06-10 09:27:11,14212.85,0
2021-06-10 09:27:12,14214.95,0
2021-06-10 09:27:13,14213.85,0
2021-06-10 09:27:14,14216.8,0
2021-06-10 09:27:16,14217.15,0
2021-06-10 09:27:17,14218.1,0
2021-06-10 09:27:20,14219.2,0
2021-06-10 09:27:21,14218.4,0
2021-06-10 09:27:22,14219.65,0
2021-06-10 09:27:23,14222.35,0
2021-06-10 09:27:24,14221.5,0
2021-06-10 09:27:25,14225.05,0
2021-06-10 09:27:27,14222.4,0
2021-06-10 09:27:28,14223.55,0
2021-06-10 09:27:30,14225.6,0
2021-06-10 09:27:32,14227.15,0
2021-06-10 09:27:33,14229.6,0
2021-06-10 09:27:34,14229.0,0
2021-06-10 09:27:35,14228.95,0
2021-06-10 09:27:36,14227.3,0
2021-06-10 09:27:37,14226.95,0
2021-06-10 09:27:39,14229.4,0
2021-06-10 09:27:40,14230.1,0
2021-06-10 09:27:42,14230.75,0
2021-06-10 09:27:44,14233.0,0
2021-06-10 09:27:45,14233.2,0
2021-06-10 09:27:46,14233.2,0
2021-06-10 09:27:47,14232.65,0
2021-06-10 09:27:48,14232.75,0
2021-06-10 09:27:49,14232.3,0
2021-06-10 09:27:50,14228.8,0
2021-06-10 09:27:51,14231.15,0
2021-06-10 09:27:52,14230.3,0
2021-06-10 09:27:54,14226.05,0
2021-06-10 09:27:57,14226.35,0
2021-06-10 09:27:58,14225.6,0
2021-06-10 09:27:59,14224.25,0
2021-06-10 09:28:03,14224.85,0
2021-06-10 09:28:04,14226.35,0
2021-06-10 09:28:05,14227.4,0
2021-06-10 09:28:06,14227.6,0
2021-06-10 09:28:07,14227.2,0
2021-06-10 09:28:08,14226.55,0
2021-06-10 09:28:09,14227.95,0
2021-06-10 09:28:10,14227.75,0
2021-06-10 09:28:11,14226.65,0
2021-06-10 09:28:12,14229.1,0
2021-06-10 09:28:14,14228.05,0
2021-06-10 09:28:16,14228.75,0
2021-06-10 09:28:17,14227.1,0
2021-06-10 09:28:19,14227.85,0
2021-06-10 09:28:21,14228.8,0
2021-06-10 09:28:22,14227.3,0
2021-06-10 09:28:23,14229.1,0
2021-06-10 09:28:24,14228.55,0
2021-06-10 09:28:25,14227.95,0
2021-06-10 09:28:26,14224.8,0
2021-06-10 09:28:27,14225.7,0
2021-06-10 09:28:31,14225.0,0
2021-06-10 09:28:32,14224.3,0
2021-06-10 09:28:33,14226.05,0
2021-06-10 09:28:35,14224.9,0
2021-06-10 09:28:36,14225.95,0
2021-06-10 09:28:37,14225.45,0
2021-06-10 09:28:38,14225.9,0
2021-06-10 09:28:39,14225.15,0
2021-06-10 09:28:40,14224.95,0
2021-06-10 09:28:41,14224.3,0
2021-06-10 09:28:42,14224.5,0
2021-06-10 09:28:44,14228.4,0
2021-06-10 09:28:43,14229.55,0
2021-06-10 09:28:45,14229.55,0
2021-06-10 09:28:46,14229.6,0
2021-06-10 09:28:47,14228.05,0
2021-06-10 09:28:48,14227.85,0
2021-06-10 09:28:49,14228.25,0
2021-06-10 09:28:50,14228.25,0
2021-06-10 09:28:51,14228.95,0
2021-06-10 09:28:52,14230.65,0
2021-06-10 09:28:53,14229.4,0
2021-06-10 09:28:54,14229.0,0
2021-06-10 09:28:56,14230.3,0
2021-06-10 09:28:57,14230.4,0
2021-06-10 09:28:58,14230.75,0
2021-06-10 09:28:59,14232.15,0
2021-06-10 09:29:00,14230.0,0
2021-06-10 09:29:01,14231.6,0
2021-06-10 09:29:02,14231.4,0
2021-06-10 09:29:03,14231.55,0
2021-06-10 09:29:04,14231.6,0
2021-06-10 09:29:05,14232.45,0
2021-06-10 09:29:06,14232.6,0
2021-06-10 09:29:07,14233.2,0
2021-06-10 09:29:08,14232.9,0
2021-06-10 09:29:09,14236.75,0
2021-06-10 09:29:11,14236.55,0
2021-06-10 09:29:12,14237.1,0
2021-06-10 09:29:14,14235.95,0
2021-06-10 09:29:15,14236.95,0
2021-06-10 09:29:16,14239.25,0
2021-06-10 09:29:17,14238.95,0
2021-06-10 09:29:18,14240.05,0
2021-06-10 09:29:19,14240.25,0
2021-06-10 09:29:20,14242.1,0
2021-06-10 09:29:21,14241.45,0
2021-06-10 09:29:22,14241.75,0
2021-06-10 09:29:23,14243.0,0
2021-06-10 09:29:24,14243.15,0
2021-06-10 09:29:25,14243.85,0
2021-06-10 09:29:26,14244.1,0
2021-06-10 09:29:27,14240.85,0
2021-06-10 09:29:28,14245.0,0
2021-06-10 09:29:29,14245.35,0
2021-06-10 09:29:30,14244.3,0
2021-06-10 09:29:32,14247.3,0
2021-06-10 09:29:33,14247.85,0
2021-06-10 09:29:34,14247.75,0
2021-06-10 09:29:35,14249.05,0
2021-06-10 09:29:36,14248.3,0
2021-06-10 09:29:37,14248.6,0
2021-06-10 09:29:39,14250.15,0
2021-06-10 09:29:40,14250.4,0
2021-06-10 09:29:41,14249.65,0
2021-06-10 09:29:42,14250.5,0
2021-06-10 09:29:43,14251.05,0
2021-06-10 09:29:44,14252.2,0
2021-06-10 09:29:45,14252.1,0
2021-06-10 09:29:46,14252.55,0
2021-06-10 09:29:47,14252.15,0
2021-06-10 09:29:48,14250.55,0
2021-06-10 09:29:49,14251.75,0
2021-06-10 09:29:50,14251.3,0
2021-06-10 09:29:51,14252.3,0
2021-06-10 09:29:52,14253.2,0
2021-06-10 09:29:55,14252.85,0
2021-06-10 09:29:56,14253.9,0
2021-06-10 09:29:57,14252.55,0
2021-06-10 09:29:59,14253.6,0
2021-06-10 09:30:01,14252.0,0
2021-06-10 09:30:02,14252.45,0
2021-06-10 09:30:04,14254.0,0
2021-06-10 09:30:06,14253.55,0
2021-06-10 09:30:08,14254.9,0
2021-06-10 09:30:09,14254.45,0
2021-06-10 09:30:10,14254.05,0
2021-06-10 09:30:11,14256.0,0
2021-06-10 09:30:12,14257.8,0
2021-06-10 09:30:13,14256.15,0
2021-06-10 09:30:14,14258.0,0
2021-06-10 09:30:15,14255.05,0
2021-06-10 09:30:16,14255.5,0
2021-06-10 09:30:18,14258.15,0
2021-06-10 09:30:19,14263.05,0
2021-06-10 09:30:21,14261.35,0
2021-06-10 09:30:22,14263.2,0
2021-06-10 09:30:24,14265.5,0
2021-06-10 09:30:25,14262.6,0
2021-06-10 09:30:26,14264.05,0
2021-06-10 09:30:27,14263.25,0
2021-06-10 09:30:28,14263.5,0
2021-06-10 09:30:30,14263.7,0
2021-06-10 09:30:31,14266.85,0
2021-06-10 09:30:33,14263.95,0
2021-06-10 09:30:34,14264.0,0
2021-06-10 09:30:35,14265.35,0
2021-06-10 09:30:36,14263.45,0
2021-06-10 09:30:37,14262.1,0
2021-06-10 09:30:39,14261.7,0
2021-06-10 09:30:40,14261.8,0
2021-06-10 09:30:42,14267.15,0
2021-06-10 09:30:43,14267.35,0
2021-06-10 09:30:44,14267.25,0
2021-06-10 09:30:46,14268.65,0
2021-06-10 09:30:47,14269.1,0
2021-06-10 09:30:48,14268.75,0
2021-06-10 09:30:49,14270.3,0
2021-06-10 09:30:50,14270.3,0
2021-06-10 09:30:51,14269.9,0
2021-06-10 09:30:53,14271.4,0
2021-06-10 09:30:54,14268.75,0
2021-06-10 09:30:55,14271.6,0
2021-06-10 09:30:58,14269.55,0
2021-06-10 09:30:59,14272.15,0
2021-06-10 09:31:01,14271.05,0
2021-06-10 09:31:02,14270.6,0
2021-06-10 09:31:04,14270.15,0
2021-06-10 09:31:05,14267.8,0
2021-06-10 09:31:06,14270.15,0
2021-06-10 09:31:07,14270.0,0
2021-06-10 09:31:08,14269.3,0
2021-06-10 09:31:10,14267.55,0
2021-06-10 09:31:11,14270.65,0
2021-06-10 09:31:12,14268.85,0
2021-06-10 09:31:16,14269.15,0
2021-06-10 09:31:17,14269.4,0
2021-06-10 09:31:19,14268.95,0
2021-06-10 09:31:20,14269.75,0
2021-06-10 09:31:21,14269.1,0
2021-06-10 09:31:22,14267.35,0
2021-06-10 09:31:23,14268.1,0
2021-06-10 09:31:24,14268.55,0
2021-06-10 09:31:25,14267.8,0
2021-06-10 09:31:27,14269.75,0
2021-06-10 09:31:28,14270.95,0
2021-06-10 09:31:29,14268.8,0
2021-06-10 09:31:31,14266.9,0
2021-06-10 09:31:32,14268.75,0
2021-06-10 09:31:34,14267.6,0
2021-06-10 09:31:35,14269.05,0
2021-06-10 09:31:36,14267.3,0
2021-06-10 09:31:38,14267.25,0
2021-06-10 09:31:39,14266.4,0
2021-06-10 09:31:40,14266.7,0
2021-06-10 09:31:41,14264.5,0
2021-06-10 09:31:42,14267.65,0
2021-06-10 09:31:43,14268.2,0
2021-06-10 09:31:44,14267.6,0
2021-06-10 09:31:45,14266.75,0
2021-06-10 09:31:46,14267.8,0
2021-06-10 09:31:47,14267.15,0
2021-06-10 09:31:48,14266.85,0
2021-06-10 09:31:49,14267.85,0
2021-06-10 09:31:50,14269.55,0
2021-06-10 09:31:51,14268.0,0
2021-06-10 09:31:53,14268.95,0
2021-06-10 09:31:54,14268.85,0
2021-06-10 09:31:55,14271.6,0
2021-06-10 09:31:56,14271.15,0
2021-06-10 09:31:57,14270.25,0
2021-06-10 09:31:58,14271.3,0
2021-06-10 09:31:59,14270.75,0
2021-06-10 09:32:00,14270.05,0
2021-06-10 09:32:01,14272.05,0
2021-06-10 09:32:02,14271.1,0
2021-06-10 09:32:05,14270.2,0
2021-06-10 09:32:08,14270.8,0
2021-06-10 09:32:09,14272.15,0
2021-06-10 09:32:10,14269.45,0
2021-06-10 09:32:11,14267.0,0
2021-06-10 09:32:12,14269.3,0
2021-06-10 09:32:13,14269.95,0
2021-06-10 09:32:14,14268.1,0
2021-06-10 09:32:15,14268.0,0
2021-06-10 09:32:16,14268.25,0
2021-06-10 09:32:17,14266.5,0
2021-06-10 09:32:18,14268.35,0
2021-06-10 09:32:19,14268.65,0
2021-06-10 09:32:20,14268.6,0
2021-06-10 09:32:21,14268.35,0
2021-06-10 09:32:22,14268.1,0
2021-06-10 09:32:24,14269.25,0
2021-06-10 09:32:25,14268.2,0
2021-06-10 09:32:27,14270.35,0
2021-06-10 09:32:28,14268.3,0
2021-06-10 09:32:29,14267.55,0
2021-06-10 09:32:30,14266.8,0
2021-06-10 09:32:31,14266.4,0
2021-06-10 09:32:32,14264.95,0
2021-06-10 09:32:33,14264.1,0
2021-06-10 09:32:34,14264.5,0
2021-06-10 09:32:35,14264.7,0
2021-06-10 09:32:36,14265.3,0
2021-06-10 09:32:37,14265.6,0
2021-06-10 09:32:38,14265.6,0
2021-06-10 09:32:39,14265.9,0
2021-06-10 09:32:40,14266.5,0
2021-06-10 09:32:41,14263.85,0
2021-06-10 09:32:42,14264.4,0
2021-06-10 09:32:43,14264.2,0
2021-06-10 09:32:44,14264.85,0
2021-06-10 09:32:45,14262.7,0
2021-06-10 09:32:47,14261.9,0
2021-06-10 09:32:48,14263.6,0
2021-06-10 09:32:49,14262.6,0
2021-06-10 09:32:50,14263.05,0
2021-06-10 09:32:51,14262.75,0
2021-06-10 09:32:52,14263.75,0
2021-06-10 09:32:53,14262.35,0
2021-06-10 09:32:55,14259.65,0
2021-06-10 09:32:56,14259.5,0
2021-06-10 09:32:57,14259.0,0
2021-06-10 09:32:58,14258.75,0
2021-06-10 09:33:00,14257.8,0
2021-06-10 09:33:01,14259.65,0
2021-06-10 09:33:02,14261.25,0
2021-06-10 09:33:03,14262.0,0
2021-06-10 09:33:04,14260.95,0
2021-06-10 09:33:05,14261.0,0
2021-06-10 09:33:06,14261.5,0
2021-06-10 09:33:07,14262.1,0
2021-06-10 09:33:08,14261.4,0
2021-06-10 09:33:11,14260.45,0
2021-06-10 09:33:13,14261.8,0
2021-06-10 09:33:14,14261.35,0
2021-06-10 09:33:15,14263.25,0
2021-06-10 09:33:16,14261.65,0
2021-06-10 09:33:17,14262.25,0
2021-06-10 09:33:18,14261.45,0
2021-06-10 09:33:20,14263.55,0
2021-06-10 09:33:22,14264.35,0
2021-06-10 09:33:24,14262.85,0
2021-06-10 09:33:25,14263.15,0
2021-06-10 09:33:26,14262.8,0
2021-06-10 09:33:27,14262.9,0
2021-06-10 09:33:28,14261.7,0
2021-06-10 09:33:29,14260.7,0
2021-06-10 09:33:30,14260.8,0
2021-06-10 09:33:31,14262.6,0
2021-06-10 09:33:32,14264.1,0
2021-06-10 09:33:33,14260.0,0
2021-06-10 09:33:34,14256.25,0
2021-06-10 09:33:35,14256.5,0
2021-06-10 09:33:38,14256.05,0
2021-06-10 09:33:39,14254.7,0
2021-06-10 09:33:40,14256.0,0
2021-06-10 09:33:41,14256.0,0
2021-06-10 09:33:42,14256.25,0
2021-06-10 09:33:43,14255.6,0
2021-06-10 09:33:44,14255.3,0
2021-06-10 09:33:45,14256.95,0
2021-06-10 09:33:46,14256.15,0
2021-06-10 09:33:48,14257.4,0
2021-06-10 09:33:49,14256.85,0
2021-06-10 09:33:50,14256.6,0
2021-06-10 09:33:51,14258.55,0
2021-06-10 09:33:53,14254.75,0
2021-06-10 09:33:55,14252.6,0
2021-06-10 09:33:56,14253.8,0
2021-06-10 09:33:58,14253.95,0
2021-06-10 09:34:00,14252.75,0
2021-06-10 09:34:02,14253.4,0
2021-06-10 09:34:03,14254.15,0
2021-06-10 09:34:04,14253.25,0
2021-06-10 09:34:05,14253.65,0
2021-06-10 09:34:06,14253.65,0
2021-06-10 09:34:08,14251.2,0
2021-06-10 09:34:09,14253.05,0
2021-06-10 09:34:10,14254.35,0
2021-06-10 09:34:11,14254.4,0
2021-06-10 09:34:12,14251.65,0
2021-06-10 09:34:13,14250.95,0
2021-06-10 09:34:14,14250.85,0
2021-06-10 09:34:16,14250.5,0
2021-06-10 09:34:17,14251.65,0
2021-06-10 09:34:18,14250.05,0
2021-06-10 09:34:19,14250.6,0
2021-06-10 09:34:21,14248.7,0
2021-06-10 09:34:23,14247.9,0
2021-06-10 09:34:24,14249.5,0
2021-06-10 09:34:25,14249.05,0
2021-06-10 09:34:26,14249.8,0
2021-06-10 09:34:27,14249.6,0
2021-06-10 09:34:28,14246.55,0
2021-06-10 09:34:30,14245.75,0
2021-06-10 09:34:32,14244.85,0
2021-06-10 09:34:33,14245.25,0
2021-06-10 09:34:34,14247.0,0
2021-06-10 09:34:35,14247.9,0
2021-06-10 09:34:36,14247.45,0
2021-06-10 09:34:37,14247.6,0
2021-06-10 09:34:38,14246.45,0
2021-06-10 09:34:39,14248.35,0
2021-06-10 09:34:41,14246.9,0
2021-06-10 09:34:42,14245.2,0
2021-06-10 09:34:43,14246.4,0
2021-06-10 09:34:45,14244.4,0
2021-06-10 09:34:46,14245.3,0
2021-06-10 09:34:47,14245.8,0
2021-06-10 09:34:48,14245.25,0
2021-06-10 09:34:51,14244.2,0
2021-06-10 09:34:52,14244.55,0
2021-06-10 09:34:53,14245.35,0
2021-06-10 09:34:54,14245.2,0
2021-06-10 09:34:55,14246.0,0
2021-06-10 09:34:57,14246.8,0
2021-06-10 09:34:59,14249.65,0
2021-06-10 09:35:01,14247.8,0
2021-06-10 09:35:02,14247.75,0
2021-06-10 09:35:03,14248.1,0
2021-06-10 09:35:04,14250.3,0
2021-06-10 09:35:05,14249.45,0
2021-06-10 09:35:06,14252.05,0
2021-06-10 09:35:07,14251.05,0
2021-06-10 09:35:08,14254.1,0
2021-06-10 09:35:09,14254.15,0
2021-06-10 09:35:10,14253.15,0
2021-06-10 09:35:11,14253.65,0
2021-06-10 09:35:13,14253.35,0
2021-06-10 09:35:14,14254.85,0
2021-06-10 09:35:15,14254.5,0
2021-06-10 09:35:16,14254.75,0
2021-06-10 09:35:19,14254.25,0
2021-06-10 09:35:20,14253.7,0
2021-06-10 09:35:22,14255.5,0
2021-06-10 09:35:23,14255.1,0
2021-06-10 09:35:25,14256.7,0
2021-06-10 09:35:27,14255.9,0
2021-06-10 09:35:28,14256.1,0
2021-06-10 09:35:29,14255.45,0
2021-06-10 09:35:30,14256.85,0
2021-06-10 09:35:31,14256.9,0
2021-06-10 09:35:32,14256.05,0
2021-06-10 09:35:33,14255.5,0
2021-06-10 09:35:34,14257.2,0
2021-06-10 09:35:35,14258.9,0
2021-06-10 09:35:36,14257.5,0
2021-06-10 09:35:38,14256.5,0
2021-06-10 09:35:39,14256.35,0
2021-06-10 09:35:40,14256.75,0
2021-06-10 09:35:41,14257.15,0
2021-06-10 09:35:42,14256.05,0
2021-06-10 09:35:44,14255.2,0
2021-06-10 09:35:45,14254.15,0
2021-06-10 09:35:46,14253.85,0
2021-06-10 09:35:47,14254.05,0
2021-06-10 09:35:48,14254.2,0
2021-06-10 09:35:49,14255.6,0
2021-06-10 09:35:50,14255.5,0
2021-06-10 09:35:51,14255.2,0
2021-06-10 09:35:52,14252.25,0
2021-06-10 09:35:53,14253.55,0
2021-06-10 09:35:55,14252.65,0
2021-06-10 09:35:56,14252.7,0
2021-06-10 09:35:57,14254.3,0
2021-06-10 09:35:58,14253.55,0
2021-06-10 09:35:59,14253.6,0
2021-06-10 09:36:01,14253.7,0
2021-06-10 09:36:02,14253.9,0
2021-06-10 09:36:04,14252.7,0
2021-06-10 09:36:05,14254.0,0
2021-06-10 09:36:06,14253.85,0
2021-06-10 09:36:07,14253.5,0
2021-06-10 09:36:08,14253.9,0
2021-06-10 09:36:09,14253.6,0
2021-06-10 09:36:10,14254.35,0
2021-06-10 09:36:11,14254.65,0
2021-06-10 09:36:13,14254.9,0
2021-06-10 09:36:14,14254.4,0
2021-06-10 09:36:16,14254.8,0
2021-06-10 09:36:17,14252.1,0
2021-06-10 09:36:18,14255.7,0
2021-06-10 09:36:19,14254.4,0
2021-06-10 09:36:20,14254.35,0
2021-06-10 09:36:21,14255.65,0
2021-06-10 09:36:22,14256.25,0
2021-06-10 09:36:23,14256.95,0
2021-06-10 09:36:24,14253.95,0
2021-06-10 09:36:25,14256.35,0
2021-06-10 09:36:26,14256.6,0
2021-06-10 09:36:27,14254.3,0
2021-06-10 09:36:28,14254.75,0
2021-06-10 09:36:30,14254.05,0
2021-06-10 09:36:31,14256.7,0
2021-06-10 09:36:32,14255.75,0
2021-06-10 09:36:33,14256.5,0
2021-06-10 09:36:34,14256.15,0
2021-06-10 09:36:35,14256.5,0
2021-06-10 09:36:36,14258.45,0
2021-06-10 09:36:37,14256.9,0
2021-06-10 09:36:38,14256.55,0
2021-06-10 09:36:39,14255.6,0
2021-06-10 09:36:40,14256.15,0
2021-06-10 09:36:42,14255.4,0
2021-06-10 09:36:44,14254.8,0
2021-06-10 09:36:45,14256.0,0
2021-06-10 09:36:46,14254.25,0
2021-06-10 09:36:47,14254.4,0
2021-06-10 09:36:48,14254.1,0
2021-06-10 09:36:49,14254.3,0
2021-06-10 09:36:52,14254.5,0
2021-06-10 09:36:53,14254.75,0
2021-06-10 09:36:54,14255.45,0
2021-06-10 09:36:55,14255.1,0
2021-06-10 09:36:56,14255.2,0
2021-06-10 09:36:57,14254.7,0
2021-06-10 09:36:58,14252.2,0
2021-06-10 09:36:59,14254.35,0
2021-06-10 09:37:02,14254.4,0
2021-06-10 09:37:04,14254.1,0
2021-06-10 09:37:05,14253.8,0
2021-06-10 09:37:06,14255.05,0
2021-06-10 09:37:08,14253.4,0
2021-06-10 09:37:09,14253.55,0
2021-06-10 09:37:10,14254.3,0
2021-06-10 09:37:11,14254.05,0
2021-06-10 09:37:12,14255.5,0
2021-06-10 09:37:13,14255.55,0
2021-06-10 09:37:14,14255.7,0
2021-06-10 09:37:15,14256.15,0
2021-06-10 09:37:16,14255.1,0
2021-06-10 09:37:17,14255.05,0
2021-06-10 09:37:19,14257.0,0
2021-06-10 09:37:20,14256.0,0
2021-06-10 09:37:21,14256.0,0
2021-06-10 09:37:22,14253.85,0
2021-06-10 09:37:23,14255.2,0
2021-06-10 09:37:24,14256.1,0
2021-06-10 09:37:25,14255.25,0
2021-06-10 09:37:26,14254.85,0
2021-06-10 09:37:27,14254.45,0
2021-06-10 09:37:28,14255.7,0
2021-06-10 09:37:29,14253.85,0
2021-06-10 09:37:31,14256.2,0
2021-06-10 09:37:32,14255.1,0
2021-06-10 09:37:33,14256.05,0
2021-06-10 09:37:34,14257.0,0
2021-06-10 09:37:35,14256.5,0
2021-06-10 09:37:36,14256.85,0
2021-06-10 09:37:37,14257.85,0
2021-06-10 09:37:38,14258.15,0
2021-06-10 09:37:40,14257.25,0
2021-06-10 09:37:42,14259.3,0
2021-06-10 09:37:43,14260.25,0
2021-06-10 09:37:44,14260.9,0
2021-06-10 09:37:45,14261.35,0
2021-06-10 09:37:46,14261.3,0
2021-06-10 09:37:47,14260.95,0
2021-06-10 09:37:50,14260.75,0
2021-06-10 09:37:51,14260.6,0
2021-06-10 09:37:52,14261.1,0
2021-06-10 09:37:53,14260.7,0
2021-06-10 09:37:54,14260.95,0
2021-06-10 09:37:55,14260.45,0
2021-06-10 09:37:56,14260.65,0
2021-06-10 09:37:57,14260.55,0
2021-06-10 09:37:58,14261.4,0
2021-06-10 09:37:59,14261.75,0
2021-06-10 09:38:00,14262.45,0
2021-06-10 09:38:01,14262.7,0
2021-06-10 09:38:02,14263.4,0
2021-06-10 09:38:03,14262.75,0
2021-06-10 09:38:04,14264.0,0
2021-06-10 09:38:05,14265.05,0
2021-06-10 09:38:06,14265.55,0
2021-06-10 09:38:07,14265.05,0
2021-06-10 09:38:09,14265.4,0
2021-06-10 09:38:10,14264.25,0
2021-06-10 09:38:11,14265.3,0
2021-06-10 09:38:12,14264.8,0
2021-06-10 09:38:13,14264.1,0
2021-06-10 09:38:14,14264.8,0
2021-06-10 09:38:15,14266.2,0
2021-06-10 09:38:16,14267.25,0
2021-06-10 09:38:17,14265.45,0
2021-06-10 09:38:18,14265.1,0
2021-06-10 09:38:19,14265.85,0
2021-06-10 09:38:20,14264.6,0
2021-06-10 09:38:21,14262.35,0
2021-06-10 09:38:22,14263.45,0
2021-06-10 09:38:23,14263.6,0
2021-06-10 09:38:24,14266.3,0
2021-06-10 09:38:25,14265.55,0
2021-06-10 09:38:26,14265.45,0
2021-06-10 09:38:27,14265.45,0
2021-06-10 09:38:28,14264.15,0
2021-06-10 09:38:31,14266.8,0
2021-06-10 09:38:32,14268.2,0
2021-06-10 09:38:33,14267.6,0
2021-06-10 09:38:34,14269.05,0
2021-06-10 09:38:35,14268.75,0
2021-06-10 09:38:36,14268.05,0
2021-06-10 09:38:37,14271.8,0
2021-06-10 09:38:39,14271.75,0
2021-06-10 09:38:40,14270.85,0
2021-06-10 09:38:41,14270.55,0
2021-06-10 09:38:42,14272.15,0
2021-06-10 09:38:44,14272.2,0
2021-06-10 09:38:46,14272.35,0
2021-06-10 09:38:47,14272.85,0
2021-06-10 09:38:48,14273.85,0
2021-06-10 09:38:49,14272.25,0
2021-06-10 09:38:50,14274.25,0
2021-06-10 09:38:51,14271.9,0
2021-06-10 09:38:53,14273.4,0
2021-06-10 09:38:54,14273.25,0
2021-06-10 09:38:55,14271.8,0
2021-06-10 09:38:56,14275.2,0
2021-06-10 09:38:58,14273.35,0
2021-06-10 09:39:00,14273.15,0
2021-06-10 09:39:01,14274.9,0
2021-06-10 09:39:02,14275.1,0
2021-06-10 09:39:03,14273.5,0
2021-06-10 09:39:04,14273.3,0
2021-06-10 09:39:06,14276.3,0
2021-06-10 09:39:07,14277.2,0
2021-06-10 09:39:08,14276.4,0
2021-06-10 09:39:09,14275.8,0
2021-06-10 09:39:10,14275.7,0
2021-06-10 09:39:11,14278.3,0
2021-06-10 09:39:12,14277.2,0
2021-06-10 09:39:13,14276.95,0
2021-06-10 09:39:17,14279.1,0
2021-06-10 09:39:18,14278.35,0
2021-06-10 09:39:21,14278.05,0
2021-06-10 09:39:22,14278.65,0
2021-06-10 09:39:23,14278.8,0
2021-06-10 09:39:24,14275.25,0
2021-06-10 09:39:25,14274.75,0
2021-06-10 09:39:26,14276.3,0
2021-06-10 09:39:27,14273.7,0
2021-06-10 09:39:28,14273.6,0
2021-06-10 09:39:30,14273.25,0
2021-06-10 09:39:31,14275.55,0
2021-06-10 09:39:33,14274.0,0
2021-06-10 09:39:34,14273.95,0
2021-06-10 09:39:35,14273.95,0
2021-06-10 09:39:38,14272.45,0
2021-06-10 09:39:39,14273.15,0
2021-06-10 09:39:41,14272.05,0
2021-06-10 09:39:42,14273.55,0
2021-06-10 09:39:43,14273.15,0
2021-06-10 09:39:44,14274.5,0
2021-06-10 09:39:45,14273.2,0
2021-06-10 09:39:46,14270.8,0
2021-06-10 09:39:48,14273.05,0
2021-06-10 09:39:49,14271.55,0
2021-06-10 09:39:51,14273.0,0
2021-06-10 09:39:52,14272.0,0
2021-06-10 09:39:53,14274.4,0
2021-06-10 09:39:54,14273.6,0
2021-06-10 09:39:55,14270.85,0
2021-06-10 09:39:56,14271.75,0
2021-06-10 09:39:57,14272.55,0
2021-06-10 09:39:58,14270.85,0
2021-06-10 09:40:00,14268.55,0
2021-06-10 09:40:01,14266.25,0
2021-06-10 09:40:02,14261.95,0
2021-06-10 09:40:03,14261.9,0
2021-06-10 09:40:04,14260.95,0
2021-06-10 09:40:05,14259.3,0
2021-06-10 09:40:06,14259.95,0
2021-06-10 09:40:07,14260.85,0
2021-06-10 09:40:08,14259.35,0
2021-06-10 09:40:09,14257.7,0
2021-06-10 09:40:11,14258.7,0
2021-06-10 09:40:13,14258.15,0
2021-06-10 09:40:14,14258.4,0
2021-06-10 09:40:15,14260.65,0
2021-06-10 09:40:17,14260.4,0
2021-06-10 09:40:18,14258.65,0
2021-06-10 09:40:19,14259.15,0
2021-06-10 09:40:20,14260.55,0
2021-06-10 09:40:21,14259.65,0
2021-06-10 09:40:22,14258.4,0
2021-06-10 09:40:23,14257.35,0
2021-06-10 09:40:24,14258.55,0
2021-06-10 09:40:25,14259.35,0
2021-06-10 09:40:26,14257.15,0
2021-06-10 09:40:27,14259.05,0
2021-06-10 09:40:28,14260.95,0
2021-06-10 09:40:29,14261.55,0
2021-06-10 09:40:30,14260.25,0
2021-06-10 09:40:31,14259.35,0
2021-06-10 09:40:32,14259.15,0
2021-06-10 09:40:33,14259.5,0
2021-06-10 09:40:34,14257.9,0
2021-06-10 09:40:35,14259.7,0
2021-06-10 09:40:36,14258.85,0
2021-06-10 09:40:38,14258.6,0
2021-06-10 09:40:40,14259.3,0
2021-06-10 09:40:41,14258.9,0
2021-06-10 09:40:42,14258.8,0
2021-06-10 09:40:43,14258.95,0
2021-06-10 09:40:45,14258.65,0
2021-06-10 09:40:46,14257.7,0
2021-06-10 09:40:47,14258.65,0
2021-06-10 09:40:48,14259.55,0
2021-06-10 09:40:49,14259.7,0
2021-06-10 09:40:50,14260.3,0
2021-06-10 09:40:51,14261.35,0
2021-06-10 09:40:52,14262.85,0
2021-06-10 09:40:53,14262.75,0
2021-06-10 09:40:55,14261.75,0
2021-06-10 09:40:56,14261.7,0
2021-06-10 09:40:57,14265.6,0
2021-06-10 09:40:58,14265.55,0
2021-06-10 09:40:59,14267.45,0
2021-06-10 09:41:00,14267.4,0
2021-06-10 09:41:01,14267.2,0
2021-06-10 09:41:02,14266.75,0
2021-06-10 09:41:03,14266.65,0
2021-06-10 09:41:04,14267.9,0
2021-06-10 09:41:05,14267.8,0
2021-06-10 09:41:07,14266.55,0
2021-06-10 09:41:09,14266.75,0
2021-06-10 09:41:10,14268.6,0
2021-06-10 09:41:12,14266.55,0
2021-06-10 09:41:13,14266.65,0
2021-06-10 09:41:15,14268.55,0
2021-06-10 09:41:16,14268.55,0
2021-06-10 09:41:17,14267.85,0
2021-06-10 09:41:19,14268.6,0
2021-06-10 09:41:20,14269.05,0
2021-06-10 09:41:21,14268.7,0
2021-06-10 09:41:23,14265.85,0
2021-06-10 09:41:24,14268.1,0
2021-06-10 09:41:25,14269.05,0
2021-06-10 09:41:26,14270.0,0
2021-06-10 09:41:27,14269.4,0
2021-06-10 09:41:28,14270.0,0
2021-06-10 09:41:29,14269.6,0
2021-06-10 09:41:30,14268.35,0
2021-06-10 09:41:31,14268.6,0
2021-06-10 09:41:32,14268.6,0
2021-06-10 09:41:33,14269.75,0
2021-06-10 09:41:34,14268.4,0
2021-06-10 09:41:35,14267.15,0
2021-06-10 09:41:37,14266.5,0
2021-06-10 09:41:38,14265.05,0
2021-06-10 09:41:39,14266.7,0
2021-06-10 09:41:40,14269.35,0
2021-06-10 09:41:41,14269.35,0
2021-06-10 09:41:42,14270.35,0
2021-06-10 09:41:43,14267.2,0
2021-06-10 09:41:44,14270.55,0
2021-06-10 09:41:45,14270.55,0
2021-06-10 09:41:46,14270.45,0
2021-06-10 09:41:47,14271.05,0
2021-06-10 09:41:48,14270.2,0
2021-06-10 09:41:49,14271.4,0
2021-06-10 09:41:52,14268.9,0
2021-06-10 09:41:53,14270.1,0
2021-06-10 09:41:55,14268.55,0
2021-06-10 09:41:56,14268.6,0
2021-06-10 09:41:57,14268.35,0
2021-06-10 09:41:58,14269.35,0
2021-06-10 09:41:59,14269.25,0
2021-06-10 09:42:01,14267.3,0
2021-06-10 09:42:03,14266.95,0
2021-06-10 09:42:07,14267.55,0
2021-06-10 09:42:08,14268.3,0
2021-06-10 09:42:09,14267.1,0
2021-06-10 09:42:11,14268.6,0
2021-06-10 09:42:10,14268.2,0
2021-06-10 09:42:12,14267.5,0
2021-06-10 09:42:13,14267.7,0
2021-06-10 09:42:14,14267.3,0
2021-06-10 09:42:15,14267.35,0
2021-06-10 09:42:16,14268.95,0
2021-06-10 09:42:18,14265.55,0
2021-06-10 09:42:19,14265.3,0
2021-06-10 09:42:20,14265.15,0
2021-06-10 09:42:21,14268.2,0
2021-06-10 09:42:22,14269.05,0
2021-06-10 09:42:23,14268.25,0
2021-06-10 09:42:24,14266.9,0
2021-06-10 09:42:25,14267.2,0
2021-06-10 09:42:26,14266.95,0
2021-06-10 09:42:27,14269.55,0
2021-06-10 09:42:28,14270.55,0
2021-06-10 09:42:30,14269.45,0
2021-06-10 09:42:31,14269.85,0
2021-06-10 09:42:32,14270.4,0
2021-06-10 09:42:33,14270.8,0
2021-06-10 09:42:34,14269.2,0
2021-06-10 09:42:35,14270.95,0
2021-06-10 09:42:36,14271.15,0
2021-06-10 09:42:37,14272.05,0
2021-06-10 09:42:38,14270.35,0
2021-06-10 09:42:39,14272.1,0
2021-06-10 09:42:40,14271.2,0
2021-06-10 09:42:41,14271.35,0
2021-06-10 09:42:42,14271.25,0
2021-06-10 09:42:43,14271.65,0
2021-06-10 09:42:45,14275.7,0
2021-06-10 09:42:46,14274.45,0
2021-06-10 09:42:48,14275.15,0
2021-06-10 09:42:49,14274.1,0
2021-06-10 09:42:50,14275.75,0
2021-06-10 09:42:51,14274.35,0
2021-06-10 09:42:52,14274.85,0
2021-06-10 09:42:54,14274.7,0
2021-06-10 09:42:55,14273.95,0
2021-06-10 09:42:56,14272.75,0
2021-06-10 09:42:57,14272.45,0
2021-06-10 09:42:58,14273.95,0
2021-06-10 09:42:59,14274.55,0
2021-06-10 09:43:00,14272.85,0
2021-06-10 09:43:01,14274.55,0
2021-06-10 09:43:02,14274.1,0
2021-06-10 09:43:03,14274.2,0
2021-06-10 09:43:04,14273.55,0
2021-06-10 09:43:06,14270.15,0
2021-06-10 09:43:07,14271.8,0
2021-06-10 09:43:08,14272.3,0
2021-06-10 09:43:09,14272.3,0
2021-06-10 09:43:11,14272.3,0
2021-06-10 09:43:12,14272.75,0
2021-06-10 09:43:13,14272.1,0
2021-06-10 09:43:14,14272.45,0
2021-06-10 09:43:15,14272.8,0
2021-06-10 09:43:17,14273.8,0
2021-06-10 09:43:19,14275.6,0
2021-06-10 09:43:20,14275.05,0
2021-06-10 09:43:22,14275.7,0
2021-06-10 09:43:24,14273.95,0
2021-06-10 09:43:26,14273.5,0
2021-06-10 09:43:28,14273.1,0
2021-06-10 09:43:31,14272.4,0
2021-06-10 09:43:32,14271.15,0
2021-06-10 09:43:33,14273.3,0
2021-06-10 09:43:34,14273.0,0
2021-06-10 09:43:36,14273.3,0
2021-06-10 09:43:39,14273.0,0
2021-06-10 09:43:40,14272.3,0
2021-06-10 09:43:41,14270.8,0
2021-06-10 09:43:42,14272.15,0
2021-06-10 09:43:43,14270.8,0
2021-06-10 09:43:47,14262.1,0
2021-06-10 09:43:48,14263.8,0
2021-06-10 09:43:49,14263.75,0
2021-06-10 09:43:50,14262.85,0
2021-06-10 09:43:51,14264.6,0
2021-06-10 09:43:52,14265.0,0
2021-06-10 09:43:53,14265.45,0
2021-06-10 09:43:54,14265.4,0
2021-06-10 09:43:56,14264.6,0
2021-06-10 09:43:57,14264.5,0
2021-06-10 09:44:01,14265.1,0
2021-06-10 09:44:04,14266.2,0
2021-06-10 09:44:05,14267.45,0
2021-06-10 09:44:07,14267.8,0
2021-06-10 09:44:08,14268.7,0
2021-06-10 09:44:09,14271.3,0
2021-06-10 09:44:10,14277.25,0
2021-06-10 09:44:12,14280.15,0
2021-06-10 09:44:13,14279.85,0
2021-06-10 09:44:14,14279.0,0
2021-06-10 09:44:15,14279.0,0
2021-06-10 09:44:17,14278.9,0
2021-06-10 09:44:18,14279.45,0
2021-06-10 09:44:19,14279.2,0
2021-06-10 09:44:20,14280.05,0
2021-06-10 09:44:21,14281.25,0
2021-06-10 09:44:22,14282.65,0
2021-06-10 09:44:23,14282.35,0
2021-06-10 09:44:25,14282.3,0
2021-06-10 09:44:26,14281.25,0
2021-06-10 09:44:27,14280.65,0
2021-06-10 09:44:28,14281.05,0
2021-06-10 09:44:30,14281.95,0
2021-06-10 09:44:31,14283.6,0
2021-06-10 09:44:32,14283.2,0
2021-06-10 09:44:33,14282.4,0
2021-06-10 09:44:34,14281.4,0
2021-06-10 09:44:35,14282.4,0
2021-06-10 09:44:36,14283.35,0
2021-06-10 09:44:37,14282.85,0
2021-06-10 09:44:38,14282.7,0
2021-06-10 09:44:40,14282.05,0
2021-06-10 09:44:41,14281.3,0
2021-06-10 09:44:42,14282.6,0
2021-06-10 09:44:43,14282.05,0
2021-06-10 09:44:45,14281.8,0
2021-06-10 09:44:46,14280.75,0
2021-06-10 09:44:47,14282.15,0
2021-06-10 09:44:49,14282.2,0
2021-06-10 09:44:50,14281.15,0
2021-06-10 09:44:51,14283.2,0
2021-06-10 09:44:52,14283.2,0
2021-06-10 09:44:53,14283.4,0
2021-06-10 09:44:54,14281.25,0
2021-06-10 09:44:55,14281.0,0
2021-06-10 09:44:56,14281.1,0
2021-06-10 09:44:57,14281.3,0
2021-06-10 09:44:58,14280.85,0
2021-06-10 09:45:00,14280.1,0
2021-06-10 09:45:01,14280.1,0
2021-06-10 09:45:02,14280.5,0
2021-06-10 09:45:03,14280.45,0
2021-06-10 09:45:04,14281.15,0
2021-06-10 09:45:05,14281.6,0
2021-06-10 09:45:06,14280.95,0
2021-06-10 09:45:08,14282.3,0
2021-06-10 09:45:09,14281.8,0
2021-06-10 09:45:10,14282.3,0
2021-06-10 09:45:11,14279.55,0
2021-06-10 09:45:13,14280.65,0
2021-06-10 09:45:14,14280.55,0
2021-06-10 09:45:15,14281.6,0
2021-06-10 09:45:16,14281.6,0
2021-06-10 09:45:17,14281.5,0
2021-06-10 09:45:18,14282.05,0
2021-06-10 09:45:21,14282.1,0
2021-06-10 09:45:22,14280.65,0
2021-06-10 09:45:23,14280.95,0
2021-06-10 09:45:24,14280.95,0
2021-06-10 09:45:25,14278.15,0
2021-06-10 09:45:27,14279.45,0
2021-06-10 09:45:28,14278.85,0
2021-06-10 09:45:29,14279.65,0
2021-06-10 09:45:30,14280.15,0
2021-06-10 09:45:31,14279.65,0
2021-06-10 09:45:32,14278.9,0
2021-06-10 09:45:33,14280.0,0
2021-06-10 09:45:34,14279.95,0
2021-06-10 09:45:35,14279.65,0
2021-06-10 09:45:37,14280.5,0
2021-06-10 09:45:38,14278.35,0
2021-06-10 09:45:39,14279.4,0
2021-06-10 09:45:40,14279.95,0
2021-06-10 09:45:41,14280.55,0
2021-06-10 09:45:42,14278.85,0
2021-06-10 09:45:43,14279.85,0
2021-06-10 09:45:45,14279.15,0
2021-06-10 09:45:46,14277.35,0
2021-06-10 09:45:47,14276.9,0
2021-06-10 09:45:48,14276.85,0
2021-06-10 09:45:49,14274.45,0
2021-06-10 09:45:50,14271.5,0
2021-06-10 09:45:51,14268.55,0
2021-06-10 09:45:52,14270.15,0
2021-06-10 09:45:53,14270.25,0
2021-06-10 09:45:54,14268.4,0
2021-06-10 09:45:55,14269.1,0
2021-06-10 09:45:56,14272.5,0
2021-06-10 09:45:57,14271.85,0
2021-06-10 09:45:58,14271.35,0
2021-06-10 09:45:59,14270.85,0
2021-06-10 09:46:00,14270.7,0
2021-06-10 09:46:02,14270.05,0
2021-06-10 09:46:03,14269.4,0
2021-06-10 09:46:04,14271.15,0
2021-06-10 09:46:07,14266.2,0
2021-06-10 09:46:08,14266.65,0
2021-06-10 09:46:10,14265.75,0
2021-06-10 09:46:11,14266.6,0
2021-06-10 09:46:12,14266.4,0
2021-06-10 09:46:13,14264.8,0
2021-06-10 09:46:14,14262.55,0
2021-06-10 09:46:16,14262.7,0
2021-06-10 09:46:17,14262.75,0
2021-06-10 09:46:18,14262.65,0
2021-06-10 09:46:19,14264.4,0
2021-06-10 09:46:21,14262.5,0
2021-06-10 09:46:22,14260.9,0
2021-06-10 09:46:23,14262.1,0
2021-06-10 09:46:24,14260.75,0
2021-06-10 09:46:25,14261.25,0
2021-06-10 09:46:26,14262.75,0
2021-06-10 09:46:27,14263.05,0
2021-06-10 09:46:28,14260.5,0
2021-06-10 09:46:29,14260.9,0
2021-06-10 09:46:30,14262.4,0
2021-06-10 09:46:31,14261.55,0
2021-06-10 09:46:32,14261.55,0
2021-06-10 09:46:33,14261.7,0
2021-06-10 09:46:34,14263.25,0
2021-06-10 09:46:35,14261.85,0
2021-06-10 09:46:36,14260.1,0
2021-06-10 09:46:37,14260.1,0
2021-06-10 09:46:38,14260.6,0
2021-06-10 09:46:39,14259.6,0
2021-06-10 09:46:40,14259.8,0
2021-06-10 09:46:41,14260.05,0
2021-06-10 09:46:42,14259.85,0
2021-06-10 09:46:43,14258.95,0
2021-06-10 09:46:44,14262.45,0
2021-06-10 09:46:45,14262.2,0
2021-06-10 09:46:46,14262.1,0
2021-06-10 09:46:47,14259.95,0
2021-06-10 09:46:48,14259.55,0
2021-06-10 09:46:49,14259.05,0
2021-06-10 09:46:50,14259.75,0
2021-06-10 09:46:51,14260.7,0
2021-06-10 09:46:52,14259.5,0
2021-06-10 09:46:53,14259.85,0
2021-06-10 09:46:54,14259.85,0
2021-06-10 09:46:55,14260.3,0
2021-06-10 09:46:56,14258.35,0
2021-06-10 09:46:58,14260.35,0
2021-06-10 09:46:59,14259.9,0
2021-06-10 09:47:00,14259.75,0
2021-06-10 09:47:01,14261.55,0
2021-06-10 09:47:02,14261.3,0
2021-06-10 09:47:03,14261.1,0
2021-06-10 09:47:04,14259.95,0
2021-06-10 09:47:05,14259.95,0
2021-06-10 09:47:06,14262.95,0
2021-06-10 09:47:07,14262.45,0
2021-06-10 09:47:09,14263.25,0
2021-06-10 09:47:10,14263.9,0
2021-06-10 09:47:11,14264.05,0
2021-06-10 09:47:12,14263.8,0
2021-06-10 09:47:13,14262.6,0
2021-06-10 09:47:14,14263.75,0
2021-06-10 09:47:18,14263.1,0
2021-06-10 09:47:19,14264.0,0
2021-06-10 09:47:20,14264.15,0
2021-06-10 09:47:21,14263.05,0
2021-06-10 09:47:22,14264.4,0
2021-06-10 09:47:24,14263.55,0
2021-06-10 09:47:25,14263.15,0
2021-06-10 09:47:26,14263.95,0
2021-06-10 09:47:27,14263.65,0
2021-06-10 09:47:29,14264.4,0
2021-06-10 09:47:30,14263.4,0
2021-06-10 09:47:31,14262.75,0
2021-06-10 09:47:32,14262.75,0
2021-06-10 09:47:33,14262.25,0
2021-06-10 09:47:34,14262.35,0
2021-06-10 09:47:35,14262.4,0
2021-06-10 09:47:37,14261.4,0
2021-06-10 09:47:39,14260.6,0
2021-06-10 09:47:40,14257.15,0
2021-06-10 09:47:43,14257.4,0
2021-06-10 09:47:45,14254.8,0
2021-06-10 09:47:46,14256.05,0
2021-06-10 09:47:47,14254.9,0
2021-06-10 09:47:48,14255.45,0
2021-06-10 09:47:50,14257.15,0
2021-06-10 09:47:51,14255.6,0
2021-06-10 09:47:52,14256.35,0
2021-06-10 09:47:53,14256.65,0
2021-06-10 09:47:54,14256.55,0
2021-06-10 09:47:55,14256.3,0
2021-06-10 09:47:57,14255.3,0
2021-06-10 09:47:58,14254.8,0
2021-06-10 09:47:59,14254.35,0
2021-06-10 09:48:00,14254.25,0
2021-06-10 09:48:01,14252.15,0
2021-06-10 09:48:02,14252.25,0
2021-06-10 09:48:03,14252.3,0
2021-06-10 09:48:04,14251.75,0
2021-06-10 09:48:06,14252.15,0
2021-06-10 09:48:07,14250.9,0
2021-06-10 09:48:08,14252.5,0
2021-06-10 09:48:09,14252.3,0
2021-06-10 09:48:10,14252.15,0
2021-06-10 09:48:11,14252.4,0
2021-06-10 09:48:12,14252.7,0
2021-06-10 09:48:13,14252.5,0
2021-06-10 09:48:14,14251.2,0
2021-06-10 09:48:15,14251.25,0
2021-06-10 09:48:16,14252.2,0
2021-06-10 09:48:17,14253.4,0
2021-06-10 09:48:18,14252.65,0
2021-06-10 09:48:19,14252.65,0
2021-06-10 09:48:21,14251.9,0
2021-06-10 09:48:22,14250.9,0
2021-06-10 09:48:23,14250.2,0
2021-06-10 09:48:24,14252.95,0
2021-06-10 09:48:25,14251.6,0
2021-06-10 09:48:26,14249.15,0
2021-06-10 09:48:27,14250.3,0
2021-06-10 09:48:28,14249.85,0
2021-06-10 09:48:30,14249.3,0
2021-06-10 09:48:31,14250.2,0
2021-06-10 09:48:32,14250.15,0
2021-06-10 09:48:34,14251.2,0
2021-06-10 09:48:35,14252.4,0
2021-06-10 09:48:36,14252.05,0
2021-06-10 09:48:38,14251.75,0
2021-06-10 09:48:39,14251.4,0
2021-06-10 09:48:40,14251.55,0
2021-06-10 09:48:41,14249.7,0
2021-06-10 09:48:43,14250.05,0
2021-06-10 09:48:44,14250.1,0
2021-06-10 09:48:45,14250.4,0
2021-06-10 09:48:46,14253.2,0
2021-06-10 09:48:47,14251.55,0
2021-06-10 09:48:48,14251.4,0
2021-06-10 09:48:49,14252.75,0
2021-06-10 09:48:50,14250.45,0
2021-06-10 09:48:51,14250.75,0
2021-06-10 09:48:52,14250.65,0
2021-06-10 09:48:53,14250.7,0
2021-06-10 09:48:54,14248.0,0
2021-06-10 09:48:55,14248.7,0
2021-06-10 09:48:56,14249.8,0
2021-06-10 09:48:59,14247.65,0
2021-06-10 09:49:00,14248.75,0
2021-06-10 09:49:01,14248.95,0
2021-06-10 09:49:03,14250.05,0
2021-06-10 09:49:04,14249.85,0
2021-06-10 09:49:05,14249.75,0
2021-06-10 09:49:06,14247.45,0
2021-06-10 09:49:07,14248.8,0
2021-06-10 09:49:08,14245.9,0
2021-06-10 09:49:09,14246.85,0
2021-06-10 09:49:10,14246.4,0
2021-06-10 09:49:11,14248.3,0
2021-06-10 09:49:12,14247.8,0
2021-06-10 09:49:13,14247.9,0
2021-06-10 09:49:14,14247.15,0
2021-06-10 09:49:15,14247.9,0
2021-06-10 09:49:16,14248.65,0
2021-06-10 09:49:18,14246.8,0
2021-06-10 09:49:19,14247.35,0
2021-06-10 09:49:20,14247.55,0
2021-06-10 09:49:21,14248.7,0
2021-06-10 09:49:22,14249.25,0
2021-06-10 09:49:23,14249.05,0
2021-06-10 09:49:24,14248.6,0
2021-06-10 09:49:25,14249.75,0
2021-06-10 09:49:26,14249.8,0
2021-06-10 09:49:27,14249.5,0
2021-06-10 09:49:28,14251.85,0
2021-06-10 09:49:29,14251.0,0
2021-06-10 09:49:30,14251.8,0
2021-06-10 09:49:31,14250.95,0
2021-06-10 09:49:33,14251.0,0
2021-06-10 09:49:34,14250.1,0
2021-06-10 09:49:35,14249.85,0
2021-06-10 09:49:36,14250.65,0
2021-06-10 09:49:37,14250.65,0
2021-06-10 09:49:38,14250.5,0
2021-06-10 09:49:39,14250.6,0
2021-06-10 09:49:41,14250.45,0
2021-06-10 09:49:42,14250.35,0
2021-06-10 09:49:43,14250.05,0
2021-06-10 09:49:44,14252.15,0
2021-06-10 09:49:45,14251.9,0
2021-06-10 09:49:48,14251.4,0
2021-06-10 09:49:49,14252.75,0
2021-06-10 09:49:52,14252.9,0
2021-06-10 09:49:53,14253.65,0
2021-06-10 09:49:54,14252.35,0
2021-06-10 09:49:55,14252.25,0
2021-06-10 09:49:57,14252.1,0
2021-06-10 09:49:59,14252.55,0
2021-06-10 09:50:00,14252.0,0
2021-06-10 09:50:01,14250.75,0
2021-06-10 09:50:03,14252.4,0
2021-06-10 09:50:04,14251.1,0
2021-06-10 09:50:05,14250.7,0
2021-06-10 09:50:06,14251.25,0
2021-06-10 09:50:07,14250.7,0
2021-06-10 09:50:08,14251.1,0
2021-06-10 09:50:09,14250.2,0
2021-06-10 09:50:10,14250.45,0
2021-06-10 09:50:11,14252.7,0
2021-06-10 09:50:14,14250.8,0
2021-06-10 09:50:15,14251.45,0
2021-06-10 09:50:16,14251.1,0
2021-06-10 09:50:17,14252.9,0
2021-06-10 09:50:18,14252.8,0
2021-06-10 09:50:19,14252.4,0
2021-06-10 09:50:20,14252.5,0
2021-06-10 09:50:21,14251.5,0
2021-06-10 09:50:22,14253.1,0
2021-06-10 09:50:24,14254.8,0
2021-06-10 09:50:25,14254.25,0
2021-06-10 09:50:26,14255.1,0
2021-06-10 09:50:28,14255.5,0
2021-06-10 09:50:29,14256.6,0
2021-06-10 09:50:30,14256.2,0
2021-06-10 09:50:31,14255.85,0
2021-06-10 09:50:32,14254.95,0
2021-06-10 09:50:33,14255.05,0
2021-06-10 09:50:34,14257.3,0
2021-06-10 09:50:35,14257.0,0
2021-06-10 09:50:37,14256.55,0
2021-06-10 09:50:38,14257.45,0
2021-06-10 09:50:39,14255.9,0
2021-06-10 09:50:40,14256.05,0
2021-06-10 09:50:41,14256.05,0
2021-06-10 09:50:43,14256.4,0
2021-06-10 09:50:44,14257.35,0
2021-06-10 09:50:45,14258.1,0
2021-06-10 09:50:46,14257.25,0
2021-06-10 09:50:47,14256.9,0
2021-06-10 09:50:48,14255.1,0
2021-06-10 09:50:49,14255.55,0
2021-06-10 09:50:50,14255.45,0
2021-06-10 09:50:51,14254.9,0
2021-06-10 09:50:52,14255.15,0
2021-06-10 09:50:53,14254.5,0
2021-06-10 09:50:54,14254.9,0
2021-06-10 09:50:55,14256.15,0
2021-06-10 09:50:57,14254.8,0
2021-06-10 09:50:58,14257.65,0
2021-06-10 09:51:00,14257.65,0
2021-06-10 09:51:01,14257.5,0
2021-06-10 09:51:02,14257.65,0
2021-06-10 09:51:03,14258.5,0
2021-06-10 09:51:04,14259.05,0
2021-06-10 09:51:05,14258.9,0
2021-06-10 09:51:06,14259.45,0
2021-06-10 09:51:08,14259.7,0
2021-06-10 09:51:10,14260.9,0
2021-06-10 09:51:11,14259.8,0
2021-06-10 09:51:12,14260.7,0
2021-06-10 09:51:13,14261.1,0
2021-06-10 09:51:14,14260.3,0
2021-06-10 09:51:15,14260.65,0
2021-06-10 09:51:16,14260.5,0
2021-06-10 09:51:17,14260.95,0
2021-06-10 09:51:18,14262.15,0
2021-06-10 09:51:19,14258.0,0
2021-06-10 09:51:20,14256.65,0
2021-06-10 09:51:21,14255.4,0
2021-06-10 09:51:24,14253.05,0
2021-06-10 09:51:25,14253.9,0
2021-06-10 09:51:26,14254.3,0
2021-06-10 09:51:27,14253.7,0
2021-06-10 09:51:28,14252.25,0
2021-06-10 09:51:29,14252.3,0
2021-06-10 09:51:30,14251.1,0
2021-06-10 09:51:31,14252.5,0
2021-06-10 09:51:32,14253.6,0
2021-06-10 09:51:33,14253.6,0
2021-06-10 09:51:34,14253.75,0
2021-06-10 09:51:35,14249.15,0
2021-06-10 09:51:36,14249.55,0
2021-06-10 09:51:37,14248.3,0
2021-06-10 09:51:40,14246.35,0
2021-06-10 09:51:41,14246.9,0
2021-06-10 09:51:42,14248.1,0
2021-06-10 09:51:43,14248.7,0
2021-06-10 09:51:44,14245.55,0
2021-06-10 09:51:45,14247.7,0
2021-06-10 09:51:46,14247.25,0
2021-06-10 09:51:48,14247.5,0
2021-06-10 09:51:49,14248.05,0
2021-06-10 09:51:50,14245.0,0
2021-06-10 09:51:51,14247.95,0
2021-06-10 09:51:52,14247.9,0
2021-06-10 09:51:53,14248.7,0
2021-06-10 09:51:55,14247.55,0
2021-06-10 09:51:56,14249.2,0
2021-06-10 09:51:57,14246.25,0
2021-06-10 09:51:58,14246.75,0
2021-06-10 09:51:59,14246.9,0
2021-06-10 09:52:00,14246.1,0
2021-06-10 09:52:01,14246.8,0
2021-06-10 09:52:02,14246.7,0
2021-06-10 09:52:05,14245.6,0
2021-06-10 09:52:06,14245.6,0
2021-06-10 09:52:07,14245.4,0
2021-06-10 09:52:08,14246.3,0
2021-06-10 09:52:09,14245.2,0
2021-06-10 09:52:10,14244.75,0
2021-06-10 09:52:11,14245.2,0
2021-06-10 09:52:12,14245.95,0
2021-06-10 09:52:13,14246.5,0
2021-06-10 09:52:14,14245.4,0
2021-06-10 09:52:15,14245.7,0
2021-06-10 09:52:17,14246.1,0
2021-06-10 09:52:18,14245.9,0
2021-06-10 09:52:19,14247.0,0
2021-06-10 09:52:20,14246.5,0
2021-06-10 09:52:21,14244.8,0
2021-06-10 09:52:22,14245.15,0
2021-06-10 09:52:23,14246.4,0
2021-06-10 09:52:25,14245.5,0
2021-06-10 09:52:26,14246.0,0
2021-06-10 09:52:28,14245.25,0
2021-06-10 09:52:30,14246.2,0
2021-06-10 09:52:31,14246.2,0
2021-06-10 09:52:32,14247.0,0
2021-06-10 09:52:33,14248.7,0
2021-06-10 09:52:34,14257.4,0
2021-06-10 09:52:35,14257.55,0
2021-06-10 09:52:37,14257.65,0
2021-06-10 09:52:40,14259.0,0
2021-06-10 09:52:41,14258.6,0
2021-06-10 09:52:42,14259.45,0
2021-06-10 09:52:43,14258.7,0
2021-06-10 09:52:44,14258.7,0
2021-06-10 09:52:45,14258.7,0
2021-06-10 09:52:46,14259.5,0
2021-06-10 09:52:47,14257.75,0
2021-06-10 09:52:49,14259.5,0
2021-06-10 09:52:50,14259.4,0
2021-06-10 09:52:53,14260.9,0
2021-06-10 09:52:54,14260.25,0
2021-06-10 09:52:55,14259.75,0
2021-06-10 09:52:56,14261.0,0
2021-06-10 09:52:57,14260.0,0
2021-06-10 09:52:58,14260.35,0
2021-06-10 09:53:00,14262.3,0
2021-06-10 09:53:01,14262.25,0
2021-06-10 09:53:02,14260.45,0
2021-06-10 09:53:03,14259.7,0
2021-06-10 09:53:04,14259.65,0
2021-06-10 09:53:06,14261.8,0
2021-06-10 09:53:07,14263.2,0
2021-06-10 09:53:10,14260.05,0
2021-06-10 09:53:11,14261.3,0
2021-06-10 09:53:12,14260.85,0
2021-06-10 09:53:13,14261.65,0
2021-06-10 09:53:14,14262.65,0
2021-06-10 09:53:15,14261.5,0
2021-06-10 09:53:16,14262.2,0
2021-06-10 09:53:18,14261.45,0
2021-06-10 09:53:19,14261.05,0
2021-06-10 09:53:20,14259.75,0
2021-06-10 09:53:21,14260.6,0
2021-06-10 09:53:22,14261.35,0
2021-06-10 09:53:24,14260.8,0
2021-06-10 09:53:25,14260.55,0
2021-06-10 09:53:26,14260.25,0
2021-06-10 09:53:27,14259.65,0
2021-06-10 09:53:29,14261.0,0
2021-06-10 09:53:31,14261.25,0
2021-06-10 09:53:32,14261.6,0
2021-06-10 09:53:33,14261.55,0
2021-06-10 09:53:34,14261.8,0
2021-06-10 09:53:36,14263.35,0
2021-06-10 09:53:37,14262.8,0
2021-06-10 09:53:38,14262.1,0
2021-06-10 09:53:40,14261.8,0
2021-06-10 09:53:41,14263.45,0
2021-06-10 09:53:42,14263.5,0
2021-06-10 09:53:43,14263.6,0
2021-06-10 09:53:44,14265.2,0
2021-06-10 09:53:45,14264.0,0
2021-06-10 09:53:47,14263.9,0
2021-06-10 09:53:48,14264.6,0
2021-06-10 09:53:49,14264.55,0
2021-06-10 09:53:50,14265.3,0
2021-06-10 09:53:52,14264.05,0
2021-06-10 09:53:53,14263.25,0
2021-06-10 09:53:54,14262.75,0
2021-06-10 09:53:56,14264.0,0
2021-06-10 09:53:57,14261.55,0
2021-06-10 09:53:58,14260.3,0
2021-06-10 09:54:00,14261.9,0
2021-06-10 09:54:01,14262.5,0
2021-06-10 09:54:02,14260.7,0
2021-06-10 09:54:03,14262.75,0
2021-06-10 09:54:04,14263.65,0
2021-06-10 09:54:05,14263.85,0
2021-06-10 09:54:07,14263.9,0
2021-06-10 09:54:08,14265.3,0
2021-06-10 09:54:10,14265.3,0
2021-06-10 09:54:11,14264.65,0
2021-06-10 09:54:13,14267.3,0
2021-06-10 09:54:15,14267.6,0
2021-06-10 09:54:17,14267.85,0
2021-06-10 09:54:18,14268.7,0
2021-06-10 09:54:19,14269.25,0
2021-06-10 09:54:21,14268.65,0
2021-06-10 09:54:22,14268.8,0
2021-06-10 09:54:23,14268.6,0
2021-06-10 09:54:24,14268.9,0
2021-06-10 09:54:25,14269.25,0
2021-06-10 09:54:26,14271.25,0
2021-06-10 09:54:28,14272.45,0
2021-06-10 09:54:30,14271.3,0
2021-06-10 09:54:31,14273.3,0
2021-06-10 09:54:32,14272.1,0
2021-06-10 09:54:33,14273.1,0
2021-06-10 09:54:34,14271.75,0
2021-06-10 09:54:35,14274.45,0
2021-06-10 09:54:36,14272.75,0
2021-06-10 09:54:38,14275.05,0
2021-06-10 09:54:39,14274.0,0
2021-06-10 09:54:41,14274.35,0
2021-06-10 09:54:42,14274.85,0
2021-06-10 09:54:43,14276.2,0
2021-06-10 09:54:44,14276.0,0
2021-06-10 09:54:46,14276.85,0
2021-06-10 09:54:47,14277.85,0
2021-06-10 09:54:48,14276.9,0
2021-06-10 09:54:49,14276.9,0
2021-06-10 09:54:50,14278.6,0
2021-06-10 09:54:51,14278.2,0
2021-06-10 09:54:53,14278.8,0
2021-06-10 09:54:54,14280.0,0
2021-06-10 09:54:55,14280.2,0
2021-06-10 09:54:57,14282.2,0
2021-06-10 09:54:58,14281.4,0
2021-06-10 09:54:59,14281.2,0
2021-06-10 09:55:01,14281.75,0
2021-06-10 09:55:02,14283.55,0
2021-06-10 09:55:03,14283.15,0
2021-06-10 09:55:04,14282.4,0
2021-06-10 09:55:05,14282.45,0
2021-06-10 09:55:06,14285.75,0
2021-06-10 09:55:07,14285.1,0
2021-06-10 09:55:08,14285.15,0
2021-06-10 09:55:09,14286.05,0
2021-06-10 09:55:11,14285.2,0
2021-06-10 09:55:12,14286.6,0
2021-06-10 09:55:13,14286.4,0
2021-06-10 09:55:14,14285.2,0
2021-06-10 09:55:15,14284.15,0
2021-06-10 09:55:16,14285.85,0
2021-06-10 09:55:17,14286.85,0
2021-06-10 09:55:18,14287.5,0
2021-06-10 09:55:19,14286.3,0
2021-06-10 09:55:20,14286.8,0
2021-06-10 09:55:22,14287.75,0
2021-06-10 09:55:23,14289.65,0
2021-06-10 09:55:24,14289.25,0
2021-06-10 09:55:25,14289.8,0
2021-06-10 09:55:26,14291.6,0
2021-06-10 09:55:27,14291.55,0
2021-06-10 09:55:28,14293.05,0
2021-06-10 09:55:29,14293.7,0
2021-06-10 09:55:30,14294.75,0
2021-06-10 09:55:31,14295.2,0
2021-06-10 09:55:32,14294.8,0
2021-06-10 09:55:33,14296.8,0
2021-06-10 09:55:34,14296.9,0
2021-06-10 09:55:35,14298.7,0
2021-06-10 09:55:36,14298.35,0
2021-06-10 09:55:37,14299.1,0
2021-06-10 09:55:38,14300.65,0
2021-06-10 09:55:39,14301.45,0
2021-06-10 09:55:40,14299.2,0
2021-06-10 09:55:41,14300.9,0
2021-06-10 09:55:42,14300.7,0
2021-06-10 09:55:43,14300.3,0
2021-06-10 09:55:44,14301.55,0
2021-06-10 09:55:45,14303.0,0
2021-06-10 09:55:46,14303.8,0
2021-06-10 09:55:47,14305.0,0
2021-06-10 09:55:48,14301.65,0
2021-06-10 09:55:49,14301.55,0
2021-06-10 09:55:50,14304.25,0
2021-06-10 09:55:51,14307.8,0
2021-06-10 09:55:52,14305.15,0
2021-06-10 09:55:53,14304.55,0
2021-06-10 09:55:54,14305.3,0
2021-06-10 09:55:55,14304.9,0
2021-06-10 09:55:56,14303.8,0
2021-06-10 09:55:57,14305.75,0
2021-06-10 09:55:58,14305.8,0
2021-06-10 09:55:59,14306.5,0
2021-06-10 09:56:00,14308.0,0
2021-06-10 09:56:01,14306.45,0
2021-06-10 09:56:02,14307.35,0
2021-06-10 09:56:03,14307.25,0
2021-06-10 09:56:04,14307.05,0
2021-06-10 09:56:05,14305.7,0
2021-06-10 09:56:06,14306.0,0
2021-06-10 09:56:07,14305.6,0
2021-06-10 09:56:08,14306.85,0
2021-06-10 09:56:09,14304.75,0
2021-06-10 09:56:10,14305.0,0
2021-06-10 09:56:13,14307.45,0
2021-06-10 09:56:14,14308.7,0
2021-06-10 09:56:15,14309.0,0
2021-06-10 09:56:16,14308.95,0
2021-06-10 09:56:17,14309.1,0
2021-06-10 09:56:19,14309.55,0
2021-06-10 09:56:20,14310.8,0
2021-06-10 09:56:21,14309.65,0
2021-06-10 09:56:22,14309.5,0
2021-06-10 09:56:24,14311.2,0
2021-06-10 09:56:25,14309.0,0
2021-06-10 09:56:26,14310.05,0
2021-06-10 09:56:27,14307.6,0
2021-06-10 09:56:29,14308.25,0
2021-06-10 09:56:30,14306.35,0
2021-06-10 09:56:31,14307.15,0
2021-06-10 09:56:32,14307.5,0
2021-06-10 09:56:33,14308.9,0
2021-06-10 09:56:34,14309.55,0
2021-06-10 09:56:35,14308.65,0
2021-06-10 09:56:36,14308.0,0
2021-06-10 09:56:37,14310.6,0
2021-06-10 09:56:38,14309.5,0
2021-06-10 09:56:39,14307.05,0
2021-06-10 09:56:40,14309.35,0
2021-06-10 09:56:41,14315.1,0
2021-06-10 09:56:42,14311.35,0
2021-06-10 09:56:43,14313.55,0
2021-06-10 09:56:44,14312.6,0
2021-06-10 09:56:45,14312.6,0
2021-06-10 09:56:46,14312.85,0
2021-06-10 09:56:48,14314.25,0
2021-06-10 09:56:49,14314.1,0
2021-06-10 09:56:50,14313.95,0
2021-06-10 09:56:51,14315.5,0
2021-06-10 09:56:52,14316.55,0
2021-06-10 09:56:53,14316.5,0
2021-06-10 09:56:54,14315.15,0
2021-06-10 09:56:56,14315.85,0
2021-06-10 09:56:57,14316.1,0
2021-06-10 09:56:58,14316.95,0
2021-06-10 09:56:59,14316.65,0
2021-06-10 09:57:00,14315.35,0
2021-06-10 09:57:01,14316.0,0
2021-06-10 09:57:03,14316.85,0
2021-06-10 09:57:04,14317.1,0
2021-06-10 09:57:05,14317.6,0
2021-06-10 09:57:06,14318.85,0
2021-06-10 09:57:07,14319.4,0
2021-06-10 09:57:08,14319.85,0
2021-06-10 09:57:09,14319.85,0
2021-06-10 09:57:12,14320.9,0
2021-06-10 09:57:13,14320.7,0
2021-06-10 09:57:14,14320.4,0
2021-06-10 09:57:15,14319.55,0
2021-06-10 09:57:16,14321.4,0
2021-06-10 09:57:17,14320.3,0
2021-06-10 09:57:18,14320.25,0
2021-06-10 09:57:20,14320.35,0
2021-06-10 09:57:21,14319.1,0
2021-06-10 09:57:22,14320.4,0
2021-06-10 09:57:23,14318.55,0
2021-06-10 09:57:24,14318.1,0
2021-06-10 09:57:25,14318.65,0
2021-06-10 09:57:26,14320.1,0
2021-06-10 09:57:27,14320.1,0
2021-06-10 09:57:28,14320.65,0
2021-06-10 09:57:29,14319.55,0
2021-06-10 09:57:30,14317.9,0
2021-06-10 09:57:31,14319.55,0
2021-06-10 09:57:33,14319.35,0
2021-06-10 09:57:34,14318.4,0
2021-06-10 09:57:35,14317.45,0
2021-06-10 09:57:36,14316.95,0
2021-06-10 09:57:37,14318.55,0
2021-06-10 09:57:38,14319.75,0
2021-06-10 09:57:39,14320.05,0
2021-06-10 09:57:40,14319.05,0
2021-06-10 09:57:41,14316.75,0
2021-06-10 09:57:43,14317.85,0
2021-06-10 09:57:44,14317.3,0
2021-06-10 09:57:45,14317.15,0
2021-06-10 09:57:46,14319.95,0
2021-06-10 09:57:47,14318.55,0
2021-06-10 09:57:48,14318.85,0
2021-06-10 09:57:49,14318.3,0
2021-06-10 09:57:50,14318.85,0
2021-06-10 09:57:51,14320.35,0
2021-06-10 09:57:52,14319.6,0
2021-06-10 09:57:54,14317.95,0
2021-06-10 09:57:55,14318.85,0
2021-06-10 09:57:56,14318.95,0
2021-06-10 09:57:57,14321.35,0
2021-06-10 09:57:58,14321.25,0
2021-06-10 09:57:59,14322.15,0
2021-06-10 09:58:01,14323.15,0
2021-06-10 09:58:02,14324.65,0
2021-06-10 09:58:03,14323.7,0
2021-06-10 09:58:05,14324.3,0
2021-06-10 09:58:06,14325.7,0
2021-06-10 09:58:08,14322.6,0
2021-06-10 09:58:09,14323.85,0
2021-06-10 09:58:10,14322.9,0
2021-06-10 09:58:11,14323.65,0
2021-06-10 09:58:12,14324.4,0
2021-06-10 09:58:13,14325.4,0
2021-06-10 09:58:14,14323.85,0
2021-06-10 09:58:15,14325.05,0
2021-06-10 09:58:17,14323.8,0
2021-06-10 09:58:19,14322.8,0
2021-06-10 09:58:20,14324.4,0
2021-06-10 09:58:21,14324.7,0
2021-06-10 09:58:22,14322.8,0
2021-06-10 09:58:23,14322.75,0
2021-06-10 09:58:24,14324.75,0
2021-06-10 09:58:25,14324.6,0
2021-06-10 09:58:26,14322.25,0
2021-06-10 09:58:27,14323.5,0
2021-06-10 09:58:28,14322.5,0
2021-06-10 09:58:29,14323.0,0
2021-06-10 09:58:32,14320.85,0
2021-06-10 09:58:34,14321.85,0
2021-06-10 09:58:35,14320.8,0
2021-06-10 09:58:36,14318.8,0
2021-06-10 09:58:38,14319.0,0
2021-06-10 09:58:39,14320.5,0
2021-06-10 09:58:40,14321.2,0
2021-06-10 09:58:42,14321.7,0
2021-06-10 09:58:43,14322.85,0
2021-06-10 09:58:45,14321.75,0
2021-06-10 09:58:46,14323.55,0
2021-06-10 09:58:47,14320.9,0
2021-06-10 09:58:48,14321.35,0
2021-06-10 09:58:49,14320.9,0
2021-06-10 09:58:51,14324.75,0
2021-06-10 09:58:52,14322.6,0
2021-06-10 09:58:53,14322.45,0
2021-06-10 09:58:55,14324.5,0
2021-06-10 09:58:56,14324.1,0
2021-06-10 09:58:57,14321.35,0
2021-06-10 09:59:01,14319.15,0
2021-06-10 09:59:02,14318.75,0
2021-06-10 09:59:03,14315.95,0
2021-06-10 09:59:04,14317.45,0
2021-06-10 09:59:05,14315.6,0
2021-06-10 09:59:06,14316.1,0
2021-06-10 09:59:07,14317.25,0
2021-06-10 09:59:08,14315.9,0
2021-06-10 09:59:09,14314.25,0
2021-06-10 09:59:10,14315.35,0
2021-06-10 09:59:11,14316.2,0
2021-06-10 09:59:12,14316.4,0
2021-06-10 09:59:13,14316.05,0
2021-06-10 09:59:14,14316.1,0
2021-06-10 09:59:15,14316.4,0
2021-06-10 09:59:16,14317.4,0
2021-06-10 09:59:17,14317.6,0
2021-06-10 09:59:18,14317.05,0
2021-06-10 09:59:20,14315.85,0
2021-06-10 09:59:21,14316.0,0
2021-06-10 09:59:22,14316.55,0
2021-06-10 09:59:23,14317.25,0
2021-06-10 09:59:24,14317.25,0
2021-06-10 09:59:25,14317.3,0
2021-06-10 09:59:26,14320.0,0
2021-06-10 09:59:27,14319.35,0
2021-06-10 09:59:28,14318.0,0
2021-06-10 09:59:29,14318.9,0
2021-06-10 09:59:30,14318.35,0
2021-06-10 09:59:31,14318.4,0
2021-06-10 09:59:32,14318.3,0
2021-06-10 09:59:33,14319.45,0
2021-06-10 09:59:34,14320.3,0
2021-06-10 09:59:35,14318.25,0
2021-06-10 09:59:36,14318.7,0
2021-06-10 09:59:38,14317.75,0
2021-06-10 09:59:39,14319.65,0
2021-06-10 09:59:40,14319.6,0
2021-06-10 09:59:42,14320.9,0
2021-06-10 09:59:43,14319.75,0
2021-06-10 09:59:44,14320.95,0
2021-06-10 09:59:45,14320.75,0
2021-06-10 09:59:47,14319.7,0
2021-06-10 09:59:49,14320.7,0
2021-06-10 09:59:51,14321.1,0
2021-06-10 09:59:52,14321.45,0
2021-06-10 09:59:53,14320.15,0
2021-06-10 09:59:54,14319.8,0
2021-06-10 09:59:55,14319.6,0
2021-06-10 09:59:56,14322.35,0
2021-06-10 09:59:57,14321.5,0
2021-06-10 09:59:59,14321.55,0
2021-06-10 10:00:01,14321.8,0
2021-06-10 10:00:02,14322.8,0
2021-06-10 10:00:03,14322.0,0
2021-06-10 10:00:06,14322.25,0
2021-06-10 10:00:07,14320.9,0
2021-06-10 10:00:08,14320.3,0
2021-06-10 10:00:09,14323.9,0
2021-06-10 10:00:10,14322.45,0
2021-06-10 10:00:11,14324.25,0
2021-06-10 10:00:12,14322.95,0
2021-06-10 10:00:13,14322.25,0
2021-06-10 10:00:15,14324.35,0
2021-06-10 10:00:17,14324.4,0
2021-06-10 10:00:18,14327.0,0
2021-06-10 10:00:19,14328.5,0
2021-06-10 10:00:20,14326.85,0
2021-06-10 10:00:22,14325.65,0
2021-06-10 10:00:23,14324.85,0
2021-06-10 10:00:25,14327.15,0
2021-06-10 10:00:27,14326.9,0
2021-06-10 10:00:28,14326.0,0
2021-06-10 10:00:30,14326.5,0
2021-06-10 10:00:31,14325.65,0
2021-06-10 10:00:32,14326.4,0
2021-06-10 10:00:33,14327.15,0
2021-06-10 10:00:34,14328.7,0
2021-06-10 10:00:35,14326.5,0
2021-06-10 10:00:36,14324.4,0
2021-06-10 10:00:38,14321.9,0
2021-06-10 10:00:39,14321.55,0
2021-06-10 10:00:40,14325.7,0
2021-06-10 10:00:41,14325.45,0
2021-06-10 10:00:42,14324.6,0
2021-06-10 10:00:43,14325.2,0
2021-06-10 10:00:44,14323.65,0
2021-06-10 10:00:45,14325.0,0
2021-06-10 10:00:46,14324.4,0
2021-06-10 10:00:48,14324.7,0
2021-06-10 10:00:50,14328.55,0
2021-06-10 10:00:52,14328.3,0
2021-06-10 10:00:53,14330.5,0
2021-06-10 10:00:54,14329.1,0
2021-06-10 10:00:55,14330.3,0
2021-06-10 10:00:56,14329.65,0
2021-06-10 10:00:57,14328.45,0
2021-06-10 10:00:58,14328.9,0
2021-06-10 10:00:59,14329.2,0
2021-06-10 10:01:00,14330.8,0
2021-06-10 10:01:01,14331.7,0
2021-06-10 10:01:02,14331.65,0
2021-06-10 10:01:03,14332.05,0
2021-06-10 10:01:04,14329.75,0
2021-06-10 10:01:05,14330.25,0
2021-06-10 10:01:06,14330.7,0
2021-06-10 10:01:07,14331.55,0
2021-06-10 10:01:08,14330.9,0
2021-06-10 10:01:10,14331.45,0
2021-06-10 10:01:11,14331.4,0
2021-06-10 10:01:12,14331.45,0
2021-06-10 10:01:13,14329.85,0
2021-06-10 10:01:14,14330.25,0
2021-06-10 10:01:15,14331.25,0
2021-06-10 10:01:16,14330.2,0
2021-06-10 10:01:17,14330.65,0
2021-06-10 10:01:18,14330.9,0
2021-06-10 10:01:19,14328.65,0
2021-06-10 10:01:20,14328.45,0
2021-06-10 10:01:21,14324.35,0
2021-06-10 10:01:22,14325.8,0
2021-06-10 10:01:23,14325.9,0
2021-06-10 10:01:24,14325.6,0
2021-06-10 10:01:25,14326.5,0
2021-06-10 10:01:26,14326.6,0
2021-06-10 10:01:28,14326.6,0
2021-06-10 10:01:29,14327.1,0
2021-06-10 10:01:30,14325.3,0
2021-06-10 10:01:31,14323.8,0
2021-06-10 10:01:32,14324.6,0
2021-06-10 10:01:33,14324.95,0
2021-06-10 10:01:34,14325.65,0
2021-06-10 10:01:35,14325.65,0
2021-06-10 10:01:36,14325.8,0
2021-06-10 10:01:38,14320.4,0
2021-06-10 10:01:39,14321.0,0
2021-06-10 10:01:40,14321.0,0
2021-06-10 10:01:41,14321.0,0
2021-06-10 10:01:42,14322.1,0
2021-06-10 10:01:43,14321.6,0
2021-06-10 10:01:44,14320.35,0
2021-06-10 10:01:46,14321.5,0
2021-06-10 10:01:50,14322.55,0
2021-06-10 10:01:51,14321.85,0
2021-06-10 10:01:52,14322.35,0
2021-06-10 10:01:53,14322.1,0
2021-06-10 10:01:54,14322.4,0
2021-06-10 10:01:55,14321.9,0
2021-06-10 10:01:57,14322.75,0
2021-06-10 10:01:58,14322.25,0
2021-06-10 10:01:59,14322.9,0
2021-06-10 10:02:00,14322.6,0
2021-06-10 10:02:01,14321.55,0
2021-06-10 10:02:02,14321.85,0
2021-06-10 10:02:04,14320.7,0
2021-06-10 10:02:05,14320.75,0
2021-06-10 10:02:06,14321.05,0
2021-06-10 10:02:07,14319.8,0
2021-06-10 10:02:08,14320.05,0
2021-06-10 10:02:09,14320.1,0
2021-06-10 10:02:10,14319.85,0
2021-06-10 10:02:11,14317.15,0
2021-06-10 10:02:12,14316.8,0
2021-06-10 10:02:13,14319.25,0
2021-06-10 10:02:14,14319.85,0
2021-06-10 10:02:15,14319.6,0
2021-06-10 10:02:16,14321.35,0
2021-06-10 10:02:18,14317.65,0
2021-06-10 10:02:19,14318.1,0
2021-06-10 10:02:20,14318.55,0
2021-06-10 10:02:22,14320.65,0
2021-06-10 10:02:23,14321.2,0
2021-06-10 10:02:24,14320.85,0
2021-06-10 10:02:25,14321.15,0
2021-06-10 10:02:26,14320.8,0
2021-06-10 10:02:27,14321.45,0
2021-06-10 10:02:28,14320.35,0
2021-06-10 10:02:30,14321.5,0
2021-06-10 10:02:33,14321.65,0
2021-06-10 10:02:34,14320.55,0
2021-06-10 10:02:35,14320.7,0
2021-06-10 10:02:37,14318.85,0
2021-06-10 10:02:38,14319.2,0
2021-06-10 10:02:39,14320.45,0
2021-06-10 10:02:40,14321.1,0
2021-06-10 10:02:41,14321.15,0
2021-06-10 10:02:42,14321.65,0
2021-06-10 10:02:43,14321.55,0
2021-06-10 10:02:44,14321.35,0
2021-06-10 10:02:45,14321.5,0
2021-06-10 10:02:46,14322.35,0
2021-06-10 10:02:48,14323.2,0
2021-06-10 10:02:50,14323.0,0
2021-06-10 10:02:51,14322.0,0
2021-06-10 10:02:52,14322.95,0
2021-06-10 10:02:53,14321.7,0
2021-06-10 10:02:56,14321.15,0
2021-06-10 10:02:57,14321.8,0
2021-06-10 10:02:58,14322.45,0
2021-06-10 10:02:59,14324.55,0
2021-06-10 10:03:01,14325.65,0
2021-06-10 10:03:02,14326.8,0
2021-06-10 10:03:03,14325.45,0
2021-06-10 10:03:04,14325.55,0
2021-06-10 10:03:05,14326.75,0
2021-06-10 10:03:06,14326.5,0
2021-06-10 10:03:07,14326.35,0
2021-06-10 10:03:08,14326.2,0
2021-06-10 10:03:09,14327.7,0
2021-06-10 10:03:12,14329.25,0
2021-06-10 10:03:13,14330.45,0
2021-06-10 10:03:15,14330.6,0
2021-06-10 10:03:17,14330.85,0
2021-06-10 10:03:18,14330.2,0
2021-06-10 10:03:19,14331.0,0
2021-06-10 10:03:20,14331.4,0
2021-06-10 10:03:21,14331.7,0
2021-06-10 10:03:22,14331.2,0
2021-06-10 10:03:23,14333.45,0
2021-06-10 10:03:24,14331.8,0
2021-06-10 10:03:25,14331.4,0
2021-06-10 10:03:26,14332.15,0
2021-06-10 10:03:27,14333.2,0
2021-06-10 10:03:28,14332.95,0
2021-06-10 10:03:31,14333.2,0
2021-06-10 10:03:32,14335.0,0
2021-06-10 10:03:33,14333.5,0
2021-06-10 10:03:35,14333.5,0
2021-06-10 10:03:36,14334.55,0
2021-06-10 10:03:37,14335.55,0
2021-06-10 10:03:38,14335.8,0
2021-06-10 10:03:39,14334.2,0
2021-06-10 10:03:40,14334.45,0
2021-06-10 10:03:41,14334.15,0
2021-06-10 10:03:42,14334.9,0
2021-06-10 10:03:43,14333.7,0
2021-06-10 10:03:45,14334.7,0
2021-06-10 10:03:46,14334.15,0
2021-06-10 10:03:47,14335.75,0
2021-06-10 10:03:48,14336.15,0
2021-06-10 10:03:49,14336.4,0
2021-06-10 10:03:50,14337.15,0
2021-06-10 10:03:51,14336.25,0
2021-06-10 10:03:52,14335.35,0
2021-06-10 10:03:53,14337.45,0
2021-06-10 10:03:54,14336.75,0
2021-06-10 10:03:55,14337.6,0
2021-06-10 10:03:56,14338.25,0
2021-06-10 10:03:57,14338.25,0
2021-06-10 10:03:58,14339.35,0
2021-06-10 10:03:59,14338.75,0
2021-06-10 10:04:00,14339.95,0
2021-06-10 10:04:01,14338.7,0
2021-06-10 10:04:02,14339.0,0
2021-06-10 10:04:03,14337.2,0
2021-06-10 10:04:05,14340.4,0
2021-06-10 10:04:06,14339.7,0
2021-06-10 10:04:07,14339.35,0
2021-06-10 10:04:08,14337.35,0
2021-06-10 10:04:09,14338.7,0
2021-06-10 10:04:10,14337.0,0
2021-06-10 10:04:11,14336.7,0
2021-06-10 10:04:12,14338.05,0
2021-06-10 10:04:13,14337.1,0
2021-06-10 10:04:14,14336.95,0
2021-06-10 10:04:15,14337.85,0
2021-06-10 10:04:16,14335.15,0
2021-06-10 10:04:17,14336.75,0
2021-06-10 10:04:18,14336.65,0
2021-06-10 10:04:19,14329.5,0
2021-06-10 10:04:23,14332.8,0
2021-06-10 10:04:24,14333.9,0
2021-06-10 10:04:25,14332.65,0
2021-06-10 10:04:26,14332.65,0
2021-06-10 10:04:27,14333.05,0
2021-06-10 10:04:28,14331.65,0
2021-06-10 10:04:29,14331.5,0
2021-06-10 10:04:30,14332.4,0
2021-06-10 10:04:31,14331.05,0
2021-06-10 10:04:33,14332.8,0
2021-06-10 10:04:35,14332.7,0
2021-06-10 10:04:36,14332.2,0
2021-06-10 10:04:38,14334.05,0
2021-06-10 10:04:39,14334.7,0
2021-06-10 10:04:40,14333.9,0
2021-06-10 10:04:41,14333.5,0
2021-06-10 10:04:43,14335.55,0
2021-06-10 10:04:44,14335.25,0
2021-06-10 10:04:45,14335.0,0
2021-06-10 10:04:46,14334.9,0
2021-06-10 10:04:47,14336.25,0
2021-06-10 10:04:49,14335.35,0
2021-06-10 10:04:50,14334.7,0
2021-06-10 10:04:51,14334.6,0
2021-06-10 10:04:52,14334.8,0
2021-06-10 10:04:53,14335.2,0
2021-06-10 10:04:54,14335.35,0
2021-06-10 10:04:55,14334.85,0
2021-06-10 10:04:56,14334.7,0
2021-06-10 10:04:57,14337.0,0
2021-06-10 10:04:59,14335.2,0
2021-06-10 10:05:00,14335.7,0
2021-06-10 10:05:01,14333.9,0
2021-06-10 10:05:03,14335.45,0
2021-06-10 10:05:04,14335.45,0
2021-06-10 10:05:05,14334.9,0
2021-06-10 10:05:06,14335.3,0
2021-06-10 10:05:07,14334.7,0
2021-06-10 10:05:08,14334.7,0
2021-06-10 10:05:10,14334.5,0
2021-06-10 10:05:11,14333.55,0
2021-06-10 10:05:14,14336.45,0
2021-06-10 10:05:15,14334.6,0
2021-06-10 10:05:17,14337.5,0
2021-06-10 10:05:18,14335.9,0
2021-06-10 10:05:19,14336.25,0
2021-06-10 10:05:20,14336.3,0
2021-06-10 10:05:21,14336.9,0
2021-06-10 10:05:22,14337.45,0
2021-06-10 10:05:24,14336.25,0
2021-06-10 10:05:25,14334.7,0
2021-06-10 10:05:27,14336.35,0
2021-06-10 10:05:28,14336.45,0
2021-06-10 10:05:29,14335.55,0
2021-06-10 10:05:30,14336.45,0
2021-06-10 10:05:31,14335.05,0
2021-06-10 10:05:32,14335.3,0
2021-06-10 10:05:33,14334.7,0
2021-06-10 10:05:34,14333.35,0
2021-06-10 10:05:36,14332.9,0
2021-06-10 10:05:37,14332.3,0
2021-06-10 10:05:38,14334.4,0
2021-06-10 10:05:39,14333.75,0
2021-06-10 10:05:40,14333.45,0
2021-06-10 10:05:41,14331.6,0
2021-06-10 10:05:42,14334.1,0
2021-06-10 10:05:43,14332.05,0
2021-06-10 10:05:44,14333.1,0
2021-06-10 10:05:45,14333.4,0
2021-06-10 10:05:47,14331.7,0
2021-06-10 10:05:48,14333.5,0
2021-06-10 10:05:49,14330.85,0
2021-06-10 10:05:50,14332.35,0
2021-06-10 10:05:51,14333.9,0
2021-06-10 10:05:52,14332.8,0
2021-06-10 10:05:53,14333.4,0
2021-06-10 10:05:54,14331.15,0
2021-06-10 10:05:55,14333.15,0
2021-06-10 10:05:56,14332.3,0
2021-06-10 10:05:57,14335.55,0
2021-06-10 10:05:58,14334.45,0
2021-06-10 10:06:00,14335.5,0
2021-06-10 10:06:01,14334.9,0
2021-06-10 10:06:02,14331.45,0
2021-06-10 10:06:03,14332.8,0
2021-06-10 10:06:04,14332.75,0
2021-06-10 10:06:05,14333.95,0
2021-06-10 10:06:06,14333.4,0
2021-06-10 10:06:07,14333.6,0
2021-06-10 10:06:09,14335.55,0
2021-06-10 10:06:10,14335.1,0
2021-06-10 10:06:11,14333.95,0
2021-06-10 10:06:12,14334.4,0
2021-06-10 10:06:14,14332.75,0
2021-06-10 10:06:15,14331.2,0
2021-06-10 10:06:16,14333.1,0
2021-06-10 10:06:17,14333.5,0
2021-06-10 10:06:18,14333.3,0
2021-06-10 10:06:19,14333.3,0
2021-06-10 10:06:20,14330.85,0
2021-06-10 10:06:21,14330.6,0
2021-06-10 10:06:22,14331.75,0
2021-06-10 10:06:23,14331.6,0
2021-06-10 10:06:24,14331.55,0
2021-06-10 10:06:25,14331.55,0
2021-06-10 10:06:26,14331.9,0
2021-06-10 10:06:27,14331.8,0
2021-06-10 10:06:28,14334.25,0
2021-06-10 10:06:29,14330.45,0
2021-06-10 10:06:30,14330.1,0
2021-06-10 10:06:31,14330.8,0
2021-06-10 10:06:32,14328.9,0
2021-06-10 10:06:33,14331.3,0
2021-06-10 10:06:34,14331.2,0
2021-06-10 10:06:35,14332.35,0
2021-06-10 10:06:36,14331.8,0
2021-06-10 10:06:37,14332.15,0
2021-06-10 10:06:38,14334.0,0
2021-06-10 10:06:39,14334.4,0
2021-06-10 10:06:41,14332.2,0
2021-06-10 10:06:42,14332.3,0
2021-06-10 10:06:43,14332.25,0
2021-06-10 10:06:44,14332.8,0
2021-06-10 10:06:45,14331.2,0
2021-06-10 10:06:46,14333.05,0
2021-06-10 10:06:47,14334.05,0
2021-06-10 10:06:48,14333.7,0
2021-06-10 10:06:50,14332.9,0
2021-06-10 10:06:51,14332.55,0
2021-06-10 10:06:52,14331.95,0
2021-06-10 10:06:53,14331.7,0
2021-06-10 10:06:54,14329.45,0
2021-06-10 10:06:55,14331.65,0
2021-06-10 10:06:56,14333.05,0
2021-06-10 10:06:58,14330.6,0
2021-06-10 10:06:59,14330.6,0
2021-06-10 10:07:00,14330.9,0
2021-06-10 10:07:01,14331.35,0
2021-06-10 10:07:02,14329.9,0
2021-06-10 10:07:03,14330.15,0
2021-06-10 10:07:04,14329.1,0
2021-06-10 10:07:05,14329.75,0
2021-06-10 10:07:06,14330.5,0
2021-06-10 10:07:07,14330.75,0
2021-06-10 10:07:09,14328.4,0
2021-06-10 10:07:10,14328.9,0
2021-06-10 10:07:11,14329.75,0
2021-06-10 10:07:12,14328.9,0
2021-06-10 10:07:13,14330.2,0
2021-06-10 10:07:14,14330.3,0
2021-06-10 10:07:15,14330.4,0
2021-06-10 10:07:17,14328.65,0
2021-06-10 10:07:20,14329.05,0
2021-06-10 10:07:21,14329.0,0
2021-06-10 10:07:23,14327.75,0
2021-06-10 10:07:25,14326.6,0
2021-06-10 10:07:26,14324.45,0
2021-06-10 10:07:27,14325.15,0
2021-06-10 10:07:28,14325.35,0
2021-06-10 10:07:29,14325.0,0
2021-06-10 10:07:30,14323.85,0
2021-06-10 10:07:32,14325.7,0
2021-06-10 10:07:33,14325.3,0
2021-06-10 10:07:34,14325.05,0
2021-06-10 10:07:35,14323.45,0
2021-06-10 10:07:36,14324.15,0
2021-06-10 10:07:37,14323.4,0
2021-06-10 10:07:38,14321.95,0
2021-06-10 10:07:39,14323.0,0
2021-06-10 10:07:40,14323.45,0
2021-06-10 10:07:41,14323.0,0
2021-06-10 10:07:42,14325.8,0
2021-06-10 10:07:43,14326.35,0
2021-06-10 10:07:44,14325.1,0
2021-06-10 10:07:45,14325.15,0
2021-06-10 10:07:46,14324.9,0
2021-06-10 10:07:48,14324.6,0
2021-06-10 10:07:49,14323.15,0
2021-06-10 10:07:50,14323.0,0
2021-06-10 10:07:52,14322.6,0
2021-06-10 10:07:54,14323.85,0
2021-06-10 10:07:56,14323.9,0
2021-06-10 10:07:57,14323.55,0
2021-06-10 10:07:58,14324.15,0
2021-06-10 10:07:59,14324.35,0
2021-06-10 10:08:00,14324.7,0
2021-06-10 10:08:01,14320.85,0
2021-06-10 10:08:02,14324.35,0
2021-06-10 10:08:04,14324.85,0
2021-06-10 10:08:05,14323.2,0
2021-06-10 10:08:06,14325.65,0
2021-06-10 10:08:07,14323.4,0
2021-06-10 10:08:09,14322.9,0
2021-06-10 10:08:10,14322.7,0
2021-06-10 10:08:11,14323.7,0
2021-06-10 10:08:12,14323.85,0
2021-06-10 10:08:13,14325.45,0
2021-06-10 10:08:14,14324.3,0
2021-06-10 10:08:15,14324.5,0
2021-06-10 10:08:16,14325.15,0
2021-06-10 10:08:17,14325.15,0
2021-06-10 10:08:19,14325.55,0
2021-06-10 10:08:20,14324.3,0
2021-06-10 10:08:21,14323.0,0
2021-06-10 10:08:23,14325.35,0
2021-06-10 10:08:24,14326.7,0
2021-06-10 10:08:26,14324.65,0
2021-06-10 10:08:27,14325.2,0
2021-06-10 10:08:28,14325.4,0
2021-06-10 10:08:30,14322.4,0
2021-06-10 10:08:31,14324.05,0
2021-06-10 10:08:32,14324.2,0
2021-06-10 10:08:35,14324.0,0
2021-06-10 10:08:36,14322.65,0
2021-06-10 10:08:37,14324.55,0
2021-06-10 10:08:38,14323.75,0
2021-06-10 10:08:43,14324.3,0
2021-06-10 10:08:44,14323.9,0
2021-06-10 10:08:45,14321.85,0
2021-06-10 10:08:46,14323.0,0
2021-06-10 10:08:47,14322.3,0
2021-06-10 10:08:49,14322.35,0
2021-06-10 10:08:50,14319.8,0
2021-06-10 10:08:51,14319.8,0
2021-06-10 10:08:52,14320.35,0
2021-06-10 10:08:53,14318.9,0
2021-06-10 10:08:54,14319.45,0
2021-06-10 10:08:55,14318.2,0
2021-06-10 10:08:56,14316.85,0
2021-06-10 10:08:57,14317.6,0
2021-06-10 10:08:59,14317.0,0
2021-06-10 10:09:01,14318.65,0
2021-06-10 10:09:04,14318.35,0
2021-06-10 10:09:05,14319.65,0
2021-06-10 10:09:07,14319.45,0
2021-06-10 10:09:08,14321.25,0
2021-06-10 10:09:09,14320.5,0
2021-06-10 10:09:10,14320.35,0
2021-06-10 10:09:12,14319.2,0
2021-06-10 10:09:13,14319.0,0
2021-06-10 10:09:14,14320.1,0
2021-06-10 10:09:15,14318.4,0
2021-06-10 10:09:16,14319.0,0
2021-06-10 10:09:17,14319.75,0
2021-06-10 10:09:18,14318.45,0
2021-06-10 10:09:19,14319.5,0
2021-06-10 10:09:20,14319.25,0
2021-06-10 10:09:22,14320.45,0
2021-06-10 10:09:23,14320.75,0
2021-06-10 10:09:24,14320.15,0
2021-06-10 10:09:25,14320.55,0
2021-06-10 10:09:29,14320.3,0
2021-06-10 10:09:30,14320.5,0
2021-06-10 10:09:31,14320.5,0
2021-06-10 10:09:32,14320.65,0
2021-06-10 10:09:33,14320.3,0
2021-06-10 10:09:34,14322.65,0
2021-06-10 10:09:35,14320.0,0
2021-06-10 10:09:37,14322.0,0
2021-06-10 10:09:38,14322.2,0
2021-06-10 10:09:39,14321.05,0
2021-06-10 10:09:40,14321.45,0
2021-06-10 10:09:41,14320.6,0
2021-06-10 10:09:42,14321.95,0
2021-06-10 10:09:43,14321.65,0
2021-06-10 10:09:44,14322.05,0
2021-06-10 10:09:45,14321.55,0
2021-06-10 10:09:46,14321.85,0
2021-06-10 10:09:47,14321.95,0
2021-06-10 10:09:48,14322.65,0
2021-06-10 10:09:49,14322.05,0
2021-06-10 10:09:52,14321.25,0
2021-06-10 10:09:53,14321.6,0
2021-06-10 10:09:54,14321.45,0
2021-06-10 10:09:55,14322.3,0
2021-06-10 10:09:56,14321.65,0
2021-06-10 10:09:57,14321.95,0
2021-06-10 10:09:59,14321.1,0
2021-06-10 10:10:00,14321.75,0
2021-06-10 10:10:01,14321.9,0
2021-06-10 10:10:02,14321.45,0
2021-06-10 10:10:03,14319.95,0
2021-06-10 10:10:04,14321.1,0
2021-06-10 10:10:05,14321.1,0
2021-06-10 10:10:06,14320.65,0
2021-06-10 10:10:07,14320.85,0
2021-06-10 10:10:08,14322.25,0
2021-06-10 10:10:09,14322.5,0
2021-06-10 10:10:11,14322.15,0
2021-06-10 10:10:12,14321.95,0
2021-06-10 10:10:14,14321.35,0
2021-06-10 10:10:15,14322.15,0
2021-06-10 10:10:16,14322.5,0
2021-06-10 10:10:19,14322.9,0
2021-06-10 10:10:20,14323.7,0
2021-06-10 10:10:21,14324.2,0
2021-06-10 10:10:22,14324.05,0
2021-06-10 10:10:23,14323.45,0
2021-06-10 10:10:24,14323.65,0
2021-06-10 10:10:25,14325.05,0
2021-06-10 10:10:27,14327.25,0
2021-06-10 10:10:28,14326.35,0
2021-06-10 10:10:30,14327.75,0
2021-06-10 10:10:33,14325.9,0
2021-06-10 10:10:35,14325.75,0
2021-06-10 10:10:36,14325.7,0
2021-06-10 10:10:37,14326.85,0
2021-06-10 10:10:38,14327.0,0
2021-06-10 10:10:39,14326.65,0
2021-06-10 10:10:40,14325.35,0
2021-06-10 10:10:41,14326.05,0
2021-06-10 10:10:42,14327.35,0
2021-06-10 10:10:43,14325.6,0
2021-06-10 10:10:44,14324.75,0
2021-06-10 10:10:45,14325.2,0
2021-06-10 10:10:46,14325.45,0
2021-06-10 10:10:47,14327.1,0
2021-06-10 10:10:48,14328.05,0
2021-06-10 10:10:49,14328.45,0
2021-06-10 10:10:50,14326.45,0
2021-06-10 10:10:51,14327.15,0
2021-06-10 10:10:52,14328.65,0
2021-06-10 10:10:53,14327.6,0
2021-06-10 10:10:54,14324.5,0
2021-06-10 10:10:55,14325.8,0
2021-06-10 10:10:56,14325.5,0
2021-06-10 10:10:57,14326.05,0
2021-06-10 10:10:58,14324.7,0
2021-06-10 10:11:00,14324.4,0
2021-06-10 10:11:01,14324.1,0
2021-06-10 10:11:02,14324.0,0
2021-06-10 10:11:03,14320.7,0
2021-06-10 10:11:04,14320.0,0
2021-06-10 10:11:05,14321.8,0
2021-06-10 10:11:06,14322.0,0
2021-06-10 10:11:07,14320.95,0
2021-06-10 10:11:08,14320.5,0
2021-06-10 10:11:09,14320.0,0
2021-06-10 10:11:10,14320.85,0
2021-06-10 10:11:11,14319.6,0
2021-06-10 10:11:12,14320.4,0
2021-06-10 10:11:13,14320.65,0
2021-06-10 10:11:14,14318.9,0
2021-06-10 10:11:15,14317.75,0
2021-06-10 10:11:16,14318.4,0
2021-06-10 10:11:17,14318.15,0
2021-06-10 10:11:18,14314.25,0
2021-06-10 10:11:19,14314.45,0
2021-06-10 10:11:20,14314.15,0
2021-06-10 10:11:21,14313.9,0
2021-06-10 10:11:23,14314.55,0
2021-06-10 10:11:24,14313.95,0
2021-06-10 10:11:25,14314.95,0
2021-06-10 10:11:26,14313.8,0
2021-06-10 10:11:27,14311.7,0
2021-06-10 10:11:29,14311.5,0
2021-06-10 10:11:30,14311.5,0
2021-06-10 10:11:31,14312.25,0
2021-06-10 10:11:33,14312.15,0
2021-06-10 10:11:34,14313.35,0
2021-06-10 10:11:35,14311.1,0
2021-06-10 10:11:36,14310.5,0
2021-06-10 10:11:37,14309.45,0
2021-06-10 10:11:38,14308.75,0
2021-06-10 10:11:39,14309.95,0
2021-06-10 10:11:40,14311.7,0
2021-06-10 10:11:42,14310.3,0
2021-06-10 10:11:43,14310.75,0
2021-06-10 10:11:44,14311.5,0
2021-06-10 10:11:45,14310.6,0
2021-06-10 10:11:46,14308.55,0
2021-06-10 10:11:49,14309.85,0
2021-06-10 10:11:50,14308.4,0
2021-06-10 10:11:51,14307.7,0
2021-06-10 10:11:52,14307.75,0
2021-06-10 10:11:54,14309.8,0
2021-06-10 10:11:56,14309.5,0
2021-06-10 10:11:57,14309.1,0
2021-06-10 10:12:00,14309.5,0
2021-06-10 10:12:01,14310.1,0
2021-06-10 10:12:03,14310.55,0
2021-06-10 10:12:04,14311.15,0
2021-06-10 10:12:07,14313.1,0
2021-06-10 10:12:08,14312.55,0
2021-06-10 10:12:09,14312.2,0
2021-06-10 10:12:10,14311.25,0
2021-06-10 10:12:11,14311.55,0
2021-06-10 10:12:12,14313.2,0
2021-06-10 10:12:13,14312.6,0
2021-06-10 10:12:15,14312.0,0
2021-06-10 10:12:16,14311.7,0
2021-06-10 10:12:17,14311.65,0
2021-06-10 10:12:18,14312.4,0
2021-06-10 10:12:19,14312.9,0
2021-06-10 10:12:20,14311.65,0
2021-06-10 10:12:21,14310.3,0
2021-06-10 10:12:22,14311.75,0
2021-06-10 10:12:23,14310.65,0
2021-06-10 10:12:24,14311.6,0
2021-06-10 10:12:25,14311.4,0
2021-06-10 10:12:27,14311.1,0
2021-06-10 10:12:28,14311.2,0
2021-06-10 10:12:31,14311.7,0
2021-06-10 10:12:33,14310.7,0
2021-06-10 10:12:34,14311.05,0
2021-06-10 10:12:35,14309.9,0
2021-06-10 10:12:36,14309.8,0
2021-06-10 10:12:37,14309.05,0
2021-06-10 10:12:38,14309.55,0
2021-06-10 10:12:39,14307.5,0
2021-06-10 10:12:40,14308.05,0
2021-06-10 10:12:41,14306.8,0
2021-06-10 10:12:42,14306.55,0
2021-06-10 10:12:43,14307.0,0
2021-06-10 10:12:46,14306.5,0
2021-06-10 10:12:47,14304.85,0
2021-06-10 10:12:48,14305.1,0
2021-06-10 10:12:49,14306.1,0
2021-06-10 10:12:50,14306.95,0
2021-06-10 10:12:51,14306.85,0
2021-06-10 10:12:52,14307.05,0
2021-06-10 10:12:53,14306.55,0
2021-06-10 10:12:54,14306.35,0
2021-06-10 10:12:55,14306.2,0
2021-06-10 10:12:57,14307.3,0
2021-06-10 10:12:58,14307.45,0
2021-06-10 10:12:59,14307.3,0
2021-06-10 10:13:00,14307.8,0
2021-06-10 10:13:01,14308.2,0
2021-06-10 10:13:02,14307.65,0
2021-06-10 10:13:03,14306.85,0
2021-06-10 10:13:04,14306.0,0
2021-06-10 10:13:07,14309.35,0
2021-06-10 10:13:10,14308.8,0
2021-06-10 10:13:11,14308.55,0
2021-06-10 10:13:13,14310.75,0
2021-06-10 10:13:14,14310.8,0
2021-06-10 10:13:15,14310.3,0
2021-06-10 10:13:16,14312.45,0
2021-06-10 10:13:17,14312.85,0
2021-06-10 10:13:19,14313.95,0
2021-06-10 10:13:20,14314.45,0
2021-06-10 10:13:22,14313.45,0
2021-06-10 10:13:23,14314.05,0
2021-06-10 10:13:24,14314.9,0
2021-06-10 10:13:27,14315.4,0
2021-06-10 10:13:28,14314.1,0
2021-06-10 10:13:29,14314.1,0
2021-06-10 10:13:30,14315.7,0
2021-06-10 10:13:31,14313.1,0
2021-06-10 10:13:32,14312.6,0
2021-06-10 10:13:34,14315.2,0
2021-06-10 10:13:35,14315.2,0
2021-06-10 10:13:36,14316.6,0
2021-06-10 10:13:37,14316.45,0
2021-06-10 10:13:38,14315.95,0
2021-06-10 10:13:39,14317.15,0
2021-06-10 10:13:40,14316.35,0
2021-06-10 10:13:41,14316.0,0
2021-06-10 10:13:42,14316.25,0
2021-06-10 10:13:43,14316.35,0
2021-06-10 10:13:44,14316.1,0
2021-06-10 10:13:45,14316.75,0
2021-06-10 10:13:46,14317.8,0
2021-06-10 10:13:47,14316.8,0
2021-06-10 10:13:48,14318.25,0
2021-06-10 10:13:49,14318.2,0
2021-06-10 10:13:50,14317.8,0
2021-06-10 10:13:51,14316.85,0
2021-06-10 10:13:52,14314.7,0
2021-06-10 10:13:53,14314.15,0
2021-06-10 10:13:54,14315.1,0
2021-06-10 10:13:55,14314.75,0
2021-06-10 10:13:56,14314.45,0
2021-06-10 10:13:58,14315.35,0
2021-06-10 10:13:59,14314.85,0
2021-06-10 10:14:00,14315.0,0
2021-06-10 10:14:01,14315.8,0
2021-06-10 10:14:03,14314.85,0
2021-06-10 10:14:05,14315.95,0
2021-06-10 10:14:06,14314.85,0
2021-06-10 10:14:07,14314.6,0
2021-06-10 10:14:08,14314.45,0
2021-06-10 10:14:09,14314.3,0
2021-06-10 10:14:10,14315.4,0
2021-06-10 10:14:11,14314.65,0
2021-06-10 10:14:12,14315.35,0
2021-06-10 10:14:13,14314.15,0
2021-06-10 10:14:15,14316.6,0
2021-06-10 10:14:16,14315.55,0
2021-06-10 10:14:17,14315.4,0
2021-06-10 10:14:18,14315.3,0
2021-06-10 10:14:19,14315.7,0
2021-06-10 10:14:20,14317.25,0
2021-06-10 10:14:21,14317.15,0
2021-06-10 10:14:22,14315.5,0
2021-06-10 10:14:23,14317.1,0
2021-06-10 10:14:24,14316.85,0
2021-06-10 10:14:25,14315.75,0
2021-06-10 10:14:26,14316.45,0
2021-06-10 10:14:27,14315.9,0
2021-06-10 10:14:28,14315.9,0
2021-06-10 10:14:29,14317.05,0
2021-06-10 10:14:30,14316.35,0
2021-06-10 10:14:31,14317.75,0
2021-06-10 10:14:32,14318.1,0
2021-06-10 10:14:33,14318.05,0
2021-06-10 10:14:34,14317.7,0
2021-06-10 10:14:35,14317.8,0
2021-06-10 10:14:36,14317.4,0
2021-06-10 10:14:37,14318.1,0
2021-06-10 10:14:38,14316.95,0
2021-06-10 10:14:39,14316.55,0
2021-06-10 10:14:40,14318.2,0
2021-06-10 10:14:41,14316.35,0
2021-06-10 10:14:42,14318.15,0
2021-06-10 10:14:43,14317.2,0
2021-06-10 10:14:44,14318.15,0
2021-06-10 10:14:45,14318.3,0
2021-06-10 10:14:46,14318.55,0
2021-06-10 10:14:48,14319.2,0
2021-06-10 10:14:52,14319.6,0
2021-06-10 10:14:53,14318.4,0
2021-06-10 10:14:54,14319.75,0
2021-06-10 10:14:55,14319.65,0
2021-06-10 10:14:56,14320.25,0
2021-06-10 10:14:57,14319.95,0
2021-06-10 10:14:59,14320.8,0
2021-06-10 10:15:00,14321.4,0
2021-06-10 10:15:01,14322.95,0
2021-06-10 10:15:02,14322.95,0
2021-06-10 10:15:03,14324.2,0
2021-06-10 10:15:04,14325.85,0
2021-06-10 10:15:06,14326.15,0
2021-06-10 10:15:07,14325.35,0
2021-06-10 10:15:08,14325.25,0
2021-06-10 10:15:09,14325.85,0
2021-06-10 10:15:10,14324.55,0
2021-06-10 10:15:11,14324.3,0
2021-06-10 10:15:12,14327.3,0
2021-06-10 10:15:13,14326.95,0
2021-06-10 10:15:14,14326.2,0
2021-06-10 10:15:16,14327.9,0
2021-06-10 10:15:18,14328.0,0
2021-06-10 10:15:19,14328.5,0
2021-06-10 10:15:21,14330.1,0
2021-06-10 10:15:22,14329.4,0
2021-06-10 10:15:23,14329.65,0
2021-06-10 10:15:24,14332.35,0
2021-06-10 10:15:27,14331.05,0
2021-06-10 10:15:28,14330.55,0
2021-06-10 10:15:29,14331.55,0
2021-06-10 10:15:30,14330.8,0
2021-06-10 10:15:31,14332.3,0
2021-06-10 10:15:32,14331.75,0
2021-06-10 10:15:33,14331.5,0
2021-06-10 10:15:34,14332.0,0
2021-06-10 10:15:35,14331.05,0
2021-06-10 10:15:36,14330.9,0
2021-06-10 10:15:37,14332.6,0
2021-06-10 10:15:38,14332.05,0
2021-06-10 10:15:39,14332.35,0
2021-06-10 10:15:40,14331.85,0
2021-06-10 10:15:41,14332.2,0
2021-06-10 10:15:43,14332.95,0
2021-06-10 10:15:44,14333.35,0
2021-06-10 10:15:45,14332.55,0
2021-06-10 10:15:47,14334.8,0
2021-06-10 10:15:48,14335.1,0
2021-06-10 10:15:49,14333.5,0
2021-06-10 10:15:50,14335.6,0
2021-06-10 10:15:51,14335.6,0
2021-06-10 10:15:52,14335.8,0
2021-06-10 10:15:53,14336.35,0
2021-06-10 10:15:54,14335.1,0
2021-06-10 10:15:55,14335.85,0
2021-06-10 10:15:56,14336.35,0
2021-06-10 10:15:57,14337.9,0
2021-06-10 10:15:59,14338.2,0
2021-06-10 10:16:00,14337.9,0
2021-06-10 10:16:01,14335.8,0
2021-06-10 10:16:04,14338.8,0
2021-06-10 10:16:05,14337.95,0
2021-06-10 10:16:06,14336.8,0
2021-06-10 10:16:07,14336.3,0
2021-06-10 10:16:08,14335.35,0
2021-06-10 10:16:09,14335.95,0
2021-06-10 10:16:10,14336.25,0
2021-06-10 10:16:11,14335.95,0
2021-06-10 10:16:13,14334.95,0
2021-06-10 10:16:15,14335.15,0
2021-06-10 10:16:16,14336.8,0
2021-06-10 10:16:17,14337.8,0
2021-06-10 10:16:18,14336.8,0
2021-06-10 10:16:20,14335.6,0
2021-06-10 10:16:21,14336.2,0
2021-06-10 10:16:22,14337.5,0
2021-06-10 10:16:23,14337.2,0
2021-06-10 10:16:24,14337.75,0
2021-06-10 10:16:25,14338.35,0
2021-06-10 10:16:26,14338.1,0
2021-06-10 10:16:27,14338.2,0
2021-06-10 10:16:28,14338.2,0
2021-06-10 10:16:29,14338.3,0
2021-06-10 10:16:30,14338.35,0
2021-06-10 10:16:31,14337.8,0
2021-06-10 10:16:32,14337.9,0
2021-06-10 10:16:33,14337.7,0
2021-06-10 10:16:34,14338.25,0
2021-06-10 10:16:35,14337.8,0
2021-06-10 10:16:36,14339.75,0
2021-06-10 10:16:37,14340.3,0
2021-06-10 10:16:38,14340.15,0
2021-06-10 10:16:39,14340.25,0
2021-06-10 10:16:40,14339.5,0
2021-06-10 10:16:41,14339.95,0
2021-06-10 10:16:42,14339.0,0
2021-06-10 10:16:43,14339.85,0
2021-06-10 10:16:44,14340.55,0
2021-06-10 10:16:45,14340.8,0
2021-06-10 10:16:46,14341.05,0
2021-06-10 10:16:47,14340.1,0
2021-06-10 10:16:48,14339.25,0
2021-06-10 10:16:49,14339.4,0
2021-06-10 10:16:50,14339.05,0
2021-06-10 10:16:51,14340.45,0
2021-06-10 10:16:52,14339.8,0
2021-06-10 10:16:53,14340.45,0
2021-06-10 10:16:54,14339.4,0
2021-06-10 10:16:55,14338.7,0
2021-06-10 10:16:56,14338.85,0
2021-06-10 10:16:57,14341.1,0
2021-06-10 10:16:58,14338.1,0
2021-06-10 10:16:59,14337.3,0
2021-06-10 10:17:01,14339.1,0
2021-06-10 10:17:02,14339.05,0
2021-06-10 10:17:03,14339.05,0
2021-06-10 10:17:04,14340.35,0
2021-06-10 10:17:05,14338.9,0
2021-06-10 10:17:06,14339.1,0
2021-06-10 10:17:07,14337.75,0
2021-06-10 10:17:08,14337.45,0
2021-06-10 10:17:10,14338.75,0
2021-06-10 10:17:11,14338.9,0
2021-06-10 10:17:12,14340.95,0
2021-06-10 10:17:13,14340.85,0
2021-06-10 10:17:14,14338.95,0
2021-06-10 10:17:15,14338.85,0
2021-06-10 10:17:16,14339.8,0
2021-06-10 10:17:17,14339.8,0
2021-06-10 10:17:18,14340.75,0
2021-06-10 10:17:19,14340.8,0
2021-06-10 10:17:21,14341.45,0
2021-06-10 10:17:22,14340.2,0
2021-06-10 10:17:23,14340.7,0
2021-06-10 10:17:24,14340.05,0
2021-06-10 10:17:25,14339.4,0
2021-06-10 10:17:26,14341.5,0
2021-06-10 10:17:28,14337.3,0
2021-06-10 10:17:29,14337.7,0
2021-06-10 10:17:30,14337.05,0
2021-06-10 10:17:32,14338.15,0
2021-06-10 10:17:34,14338.6,0
2021-06-10 10:17:35,14336.7,0
2021-06-10 10:17:36,14338.6,0
2021-06-10 10:17:38,14338.95,0
2021-06-10 10:17:39,14338.05,0
2021-06-10 10:17:43,14336.55,0
2021-06-10 10:17:45,14335.5,0
2021-06-10 10:17:46,14337.55,0
2021-06-10 10:17:47,14336.3,0
2021-06-10 10:17:48,14335.85,0
2021-06-10 10:17:49,14335.6,0
2021-06-10 10:17:50,14336.2,0
2021-06-10 10:17:51,14335.15,0
2021-06-10 10:17:53,14336.75,0
2021-06-10 10:17:54,14337.2,0
2021-06-10 10:17:55,14337.0,0
2021-06-10 10:17:56,14336.5,0
2021-06-10 10:17:57,14335.9,0
2021-06-10 10:17:58,14336.25,0
2021-06-10 10:17:59,14337.4,0
2021-06-10 10:18:01,14334.7,0
2021-06-10 10:18:03,14338.3,0
2021-06-10 10:18:04,14336.95,0
2021-06-10 10:18:06,14335.3,0
2021-06-10 10:18:07,14335.3,0
2021-06-10 10:18:08,14336.55,0
2021-06-10 10:18:10,14335.0,0
2021-06-10 10:18:12,14335.85,0
2021-06-10 10:18:13,14336.55,0
2021-06-10 10:18:14,14336.3,0
2021-06-10 10:18:15,14334.55,0
2021-06-10 10:18:16,14334.65,0
2021-06-10 10:18:17,14334.65,0
2021-06-10 10:18:18,14336.05,0
2021-06-10 10:18:20,14334.9,0
2021-06-10 10:18:22,14334.4,0
2021-06-10 10:18:23,14332.8,0
2021-06-10 10:18:24,14332.25,0
2021-06-10 10:18:26,14330.95,0
2021-06-10 10:18:27,14330.2,0
2021-06-10 10:18:28,14331.55,0
2021-06-10 10:18:31,14330.35,0
2021-06-10 10:18:32,14328.3,0
2021-06-10 10:18:33,14328.95,0
2021-06-10 10:18:35,14327.6,0
2021-06-10 10:18:36,14327.1,0
2021-06-10 10:18:37,14326.0,0
2021-06-10 10:18:39,14325.7,0
2021-06-10 10:18:40,14325.7,0
2021-06-10 10:18:41,14324.7,0
2021-06-10 10:18:42,14323.9,0
2021-06-10 10:18:43,14323.45,0
2021-06-10 10:18:44,14323.8,0
2021-06-10 10:18:45,14325.3,0
2021-06-10 10:18:46,14325.4,0
2021-06-10 10:18:48,14324.6,0
2021-06-10 10:18:49,14326.15,0
2021-06-10 10:18:50,14326.55,0
2021-06-10 10:18:52,14327.2,0
2021-06-10 10:18:54,14326.55,0
2021-06-10 10:18:55,14324.65,0
2021-06-10 10:18:56,14325.55,0
2021-06-10 10:18:58,14327.15,0
2021-06-10 10:18:59,14327.2,0
2021-06-10 10:19:00,14326.9,0
2021-06-10 10:19:02,14327.15,0
2021-06-10 10:19:03,14326.35,0
2021-06-10 10:19:04,14326.85,0
2021-06-10 10:19:05,14327.4,0
2021-06-10 10:19:06,14327.95,0
2021-06-10 10:19:07,14326.3,0
2021-06-10 10:19:09,14327.8,0
2021-06-10 10:19:10,14329.1,0
2021-06-10 10:19:12,14327.85,0
2021-06-10 10:19:13,14326.4,0
2021-06-10 10:19:14,14326.8,0
2021-06-10 10:19:15,14329.5,0
2021-06-10 10:19:16,14329.95,0
2021-06-10 10:19:17,14329.15,0
2021-06-10 10:19:18,14328.9,0
2021-06-10 10:19:19,14329.2,0
2021-06-10 10:19:20,14329.15,0
2021-06-10 10:19:21,14328.05,0
2021-06-10 10:19:22,14328.95,0
2021-06-10 10:19:23,14329.35,0
2021-06-10 10:19:24,14327.45,0
2021-06-10 10:19:25,14328.65,0
2021-06-10 10:19:26,14327.45,0
2021-06-10 10:19:27,14325.55,0
2021-06-10 10:19:28,14325.95,0
2021-06-10 10:19:29,14325.4,0
2021-06-10 10:19:30,14324.5,0
2021-06-10 10:19:31,14326.4,0
2021-06-10 10:19:32,14325.05,0
2021-06-10 10:19:33,14326.2,0
2021-06-10 10:19:35,14326.1,0
2021-06-10 10:19:37,14326.0,0
2021-06-10 10:19:40,14327.55,0
2021-06-10 10:19:41,14326.55,0
2021-06-10 10:19:42,14327.4,0
2021-06-10 10:19:43,14327.65,0
2021-06-10 10:19:44,14326.7,0
2021-06-10 10:19:45,14327.7,0
2021-06-10 10:19:46,14328.0,0
2021-06-10 10:19:47,14327.45,0
2021-06-10 10:19:48,14327.8,0
2021-06-10 10:19:49,14326.65,0
2021-06-10 10:19:50,14327.45,0
2021-06-10 10:19:51,14325.75,0
2021-06-10 10:19:52,14325.45,0
2021-06-10 10:19:53,14327.25,0
2021-06-10 10:19:54,14326.65,0
2021-06-10 10:19:55,14327.65,0
2021-06-10 10:19:57,14327.35,0
2021-06-10 10:19:58,14325.95,0
2021-06-10 10:19:59,14326.7,0
2021-06-10 10:20:00,14325.7,0
2021-06-10 10:20:01,14327.25,0
2021-06-10 10:20:02,14327.25,0
2021-06-10 10:20:03,14325.9,0
2021-06-10 10:20:04,14326.05,0
2021-06-10 10:20:06,14326.95,0
2021-06-10 10:20:07,14327.85,0
2021-06-10 10:20:08,14328.9,0
2021-06-10 10:20:10,14326.6,0
2021-06-10 10:20:11,14326.35,0
2021-06-10 10:20:12,14326.8,0
2021-06-10 10:20:13,14325.7,0
2021-06-10 10:20:14,14324.6,0
2021-06-10 10:20:15,14324.7,0
2021-06-10 10:20:17,14326.05,0
2021-06-10 10:20:18,14326.4,0
2021-06-10 10:20:19,14325.45,0
2021-06-10 10:20:20,14326.35,0
2021-06-10 10:20:22,14324.7,0
2021-06-10 10:20:24,14325.35,0
2021-06-10 10:20:25,14327.3,0
2021-06-10 10:20:26,14327.9,0
2021-06-10 10:20:28,14327.1,0
2021-06-10 10:20:29,14325.75,0
2021-06-10 10:20:31,14326.0,0
2021-06-10 10:20:33,14325.5,0
2021-06-10 10:20:34,14325.5,0
2021-06-10 10:20:35,14322.85,0
2021-06-10 10:20:36,14321.95,0
2021-06-10 10:20:38,14321.1,0
2021-06-10 10:20:41,14322.3,0
2021-06-10 10:20:42,14322.85,0
2021-06-10 10:20:43,14322.6,0
2021-06-10 10:20:44,14322.85,0
2021-06-10 10:20:46,14320.35,0
2021-06-10 10:20:47,14321.5,0
2021-06-10 10:20:48,14322.4,0
2021-06-10 10:20:49,14322.1,0
2021-06-10 10:20:50,14323.0,0
2021-06-10 10:20:51,14322.0,0
2021-06-10 10:20:52,14321.4,0
2021-06-10 10:20:53,14321.8,0
2021-06-10 10:20:54,14321.8,0
2021-06-10 10:20:55,14320.5,0
2021-06-10 10:20:56,14320.1,0
2021-06-10 10:20:57,14322.45,0
2021-06-10 10:20:58,14322.3,0
2021-06-10 10:20:59,14320.45,0
2021-06-10 10:21:00,14322.65,0
2021-06-10 10:21:01,14322.85,0
2021-06-10 10:21:02,14321.8,0
2021-06-10 10:21:06,14322.65,0
2021-06-10 10:21:07,14322.1,0
2021-06-10 10:21:08,14322.6,0
2021-06-10 10:21:09,14321.95,0
2021-06-10 10:21:10,14321.4,0
2021-06-10 10:21:11,14322.1,0
2021-06-10 10:21:12,14322.15,0
2021-06-10 10:21:14,14321.5,0
2021-06-10 10:21:15,14320.95,0
2021-06-10 10:21:16,14321.2,0
2021-06-10 10:21:17,14322.05,0
2021-06-10 10:21:18,14322.55,0
2021-06-10 10:21:19,14321.65,0
2021-06-10 10:21:21,14320.45,0
2021-06-10 10:21:22,14320.05,0
2021-06-10 10:21:23,14321.6,0
2021-06-10 10:21:24,14321.15,0
2021-06-10 10:21:25,14321.55,0
2021-06-10 10:21:26,14321.65,0
2021-06-10 10:21:29,14320.7,0
2021-06-10 10:21:32,14321.2,0
2021-06-10 10:21:33,14322.5,0
2021-06-10 10:21:34,14320.75,0
2021-06-10 10:21:35,14321.3,0
2021-06-10 10:21:36,14318.95,0
2021-06-10 10:21:37,14319.35,0
2021-06-10 10:21:38,14319.3,0
2021-06-10 10:21:39,14319.45,0
2021-06-10 10:21:40,14320.65,0
2021-06-10 10:21:41,14321.15,0
2021-06-10 10:21:42,14319.95,0
2021-06-10 10:21:43,14320.2,0
2021-06-10 10:21:44,14320.1,0
2021-06-10 10:21:45,14321.3,0
2021-06-10 10:21:46,14321.1,0
2021-06-10 10:21:47,14322.4,0
2021-06-10 10:21:48,14322.0,0
2021-06-10 10:21:49,14321.7,0
2021-06-10 10:21:50,14320.85,0
2021-06-10 10:21:51,14321.45,0
2021-06-10 10:21:52,14321.25,0
2021-06-10 10:21:53,14321.25,0
2021-06-10 10:21:54,14320.5,0
2021-06-10 10:21:55,14320.5,0
2021-06-10 10:21:57,14320.15,0
2021-06-10 10:21:58,14320.6,0
2021-06-10 10:21:59,14321.2,0
2021-06-10 10:22:00,14320.65,0
2021-06-10 10:22:01,14317.5,0
2021-06-10 10:22:02,14318.75,0
2021-06-10 10:22:03,14318.35,0
2021-06-10 10:22:04,14316.65,0
2021-06-10 10:22:05,14316.9,0
2021-06-10 10:22:06,14316.9,0
2021-06-10 10:22:07,14316.75,0
2021-06-10 10:22:08,14317.0,0
2021-06-10 10:22:10,14316.6,0
2021-06-10 10:22:12,14316.1,0
2021-06-10 10:22:13,14316.15,0
2021-06-10 10:22:14,14317.2,0
2021-06-10 10:22:15,14319.85,0
2021-06-10 10:22:16,14318.05,0
2021-06-10 10:22:17,14318.55,0
2021-06-10 10:22:18,14319.45,0
2021-06-10 10:22:19,14317.9,0
2021-06-10 10:22:20,14318.65,0
2021-06-10 10:22:21,14317.0,0
2021-06-10 10:22:23,14317.3,0
2021-06-10 10:22:24,14318.4,0
2021-06-10 10:22:25,14315.75,0
2021-06-10 10:22:26,14315.8,0
2021-06-10 10:22:27,14317.35,0
2021-06-10 10:22:28,14316.2,0
