timestamp,ltp,volume
2021-04-26 09:15:22,10066.6,5050
2021-04-26 09:15:22,10064.8,5277
2021-04-26 09:15:23,10064.85,5317
2021-04-26 09:15:25,10079.95,5744
2021-04-26 09:15:25,10079.95,5739
2021-04-26 09:15:26,10080.0,5767
2021-04-26 09:15:27,10097.95,5848
2021-04-26 09:15:29,10111.85,6361
2021-04-26 09:15:30,10110.3,6444
2021-04-26 09:15:31,10109.25,6821
2021-04-26 09:15:31,10109.25,6821
2021-04-26 09:15:33,10099.45,7503
2021-04-26 09:15:34,10093.3,7719
2021-04-26 09:15:34,10093.3,7719
2021-04-26 09:15:35,10080.5,7923
2021-04-26 09:15:36,10076.8,7944
2021-04-26 09:15:38,10081.5,8562
2021-04-26 09:15:38,10080.75,8566
2021-04-26 09:15:39,10074.05,8760
2021-04-26 09:15:41,10090.8,9124
2021-04-26 09:15:41,10090.8,9124
2021-04-26 09:15:42,10098.9,9440
2021-04-26 09:15:43,10092.1,9450
2021-04-26 09:15:44,10102.0,9532
2021-04-26 09:15:45,10111.45,9752
2021-04-26 09:15:47,10103.25,9852
2021-04-26 09:15:48,10111.85,9929
2021-04-26 09:15:48,10106.75,9917
2021-04-26 09:15:50,10109.2,10103
2021-04-26 09:15:50,10115.0,10104
2021-04-26 09:15:51,10115.0,10129
2021-04-26 09:15:52,10111.85,10270
2021-04-26 09:15:53,10115.0,10316
2021-04-26 09:15:55,10109.25,10699
2021-04-26 09:15:55,10098.8,10868
2021-04-26 09:15:56,10106.9,10920
2021-04-26 09:15:58,10104.85,11130
2021-04-26 09:15:59,10106.9,11182
2021-04-26 09:16:00,10105.15,11246
2021-04-26 09:16:01,10111.0,11286
2021-04-26 09:16:02,10107.4,11470
2021-04-26 09:16:02,10107.4,11470
2021-04-26 09:16:05,10100.55,11684
2021-04-26 09:16:06,10097.55,11792
2021-04-26 09:16:07,10108.0,11797
2021-04-26 09:16:08,10110.95,11840
2021-04-26 09:16:08,10104.35,11855
2021-04-26 09:16:10,10110.3,11999
2021-04-26 09:16:10,10110.35,12007
2021-04-26 09:16:12,10115.0,12057
2021-04-26 09:16:12,10114.95,12063
2021-04-26 09:16:13,10115.0,12085
2021-04-26 09:16:14,10107.8,12215
2021-04-26 09:16:15,10114.65,12245
2021-04-26 09:16:16,10110.45,12271
2021-04-26 09:16:17,10114.45,12373
2021-04-26 09:16:18,10108.0,12374
2021-04-26 09:16:19,10109.85,12425
2021-04-26 09:16:20,10115.0,12518
2021-04-26 09:16:21,10106.6,12543
2021-04-26 09:16:22,10114.95,12590
2021-04-26 09:16:24,10108.0,12805
2021-04-26 09:16:25,10108.0,12879
2021-04-26 09:16:27,10108.0,12901
2021-04-26 09:16:27,10115.0,13051
2021-04-26 09:16:28,10108.05,13138
2021-04-26 09:16:29,10109.9,13211
2021-04-26 09:16:30,10100.0,13318
2021-04-26 09:16:31,10110.0,13430
2021-04-26 09:16:32,10100.05,13440
2021-04-26 09:16:33,10105.45,13465
2021-04-26 09:16:35,10105.1,13603
2021-04-26 09:16:36,10106.35,13634
2021-04-26 09:16:36,10106.35,13634
2021-04-26 09:16:37,10106.35,13634
2021-04-26 09:16:38,10100.1,13646
2021-04-26 09:16:39,10106.55,13742
2021-04-26 09:16:41,10105.8,13794
2021-04-26 09:16:42,10100.0,13854
2021-04-26 09:16:42,10100.0,13856
2021-04-26 09:16:43,10094.0,14068
2021-04-26 09:16:44,10081.8,14416
2021-04-26 09:16:45,10082.15,14422
2021-04-26 09:16:47,10091.35,14571
2021-04-26 09:16:48,10095.85,14587
2021-04-26 09:16:49,10094.1,14595
2021-04-26 09:16:50,10088.65,14616
2021-04-26 09:16:51,10092.55,14617
2021-04-26 09:16:53,10088.85,14679
2021-04-26 09:16:54,10081.15,14690
2021-04-26 09:16:55,10082.95,14705
2021-04-26 09:16:56,10081.35,14846
2021-04-26 09:16:57,10080.25,14899
2021-04-26 09:16:57,10083.0,14904
2021-04-26 09:16:58,10080.3,15060
2021-04-26 09:16:59,10081.35,15155
2021-04-26 09:17:00,10077.9,15262
2021-04-26 09:17:01,10070.0,15507
2021-04-26 09:17:02,10068.0,15537
2021-04-26 09:17:03,10068.0,15544
2021-04-26 09:17:05,10070.0,15658
2021-04-26 09:17:05,10073.35,15643
2021-04-26 09:17:07,10066.0,15751
2021-04-26 09:17:08,10061.2,15856
2021-04-26 09:17:09,10067.4,15896
2021-04-26 09:17:09,10067.4,15896
2021-04-26 09:17:11,10069.95,15963
2021-04-26 09:17:12,10063.75,16005
2021-04-26 09:17:13,10061.7,16092
2021-04-26 09:17:14,10069.0,16153
2021-04-26 09:17:14,10069.0,16153
2021-04-26 09:17:16,10061.5,16206
2021-04-26 09:17:16,10061.5,16206
2021-04-26 09:17:17,10068.0,16216
2021-04-26 09:17:18,10070.0,16460
2021-04-26 09:17:19,10063.7,16518
2021-04-26 09:17:20,10065.95,16606
2021-04-26 09:17:21,10061.7,16614
2021-04-26 09:17:22,10065.95,16616
2021-04-26 09:17:24,10061.5,16662
2021-04-26 09:17:24,10061.5,16662
2021-04-26 09:17:25,10066.0,16695
2021-04-26 09:17:27,10063.7,16713
2021-04-26 09:17:28,10067.6,16792
2021-04-26 09:17:29,10065.0,16855
2021-04-26 09:17:29,10062.3,16854
2021-04-26 09:17:31,10067.6,16901
2021-04-26 09:17:31,10061.6,16903
2021-04-26 09:17:33,10065.95,16935
2021-04-26 09:17:34,10061.7,16956
2021-04-26 09:17:34,10061.7,16956
2021-04-26 09:17:36,10065.0,16959
2021-04-26 09:17:36,10065.0,16959
2021-04-26 09:17:37,10062.65,17030
2021-04-26 09:17:38,10067.6,17037
2021-04-26 09:17:40,10065.95,17051
2021-04-26 09:17:41,10065.0,17063
2021-04-26 09:17:42,10061.5,17088
2021-04-26 09:17:43,10066.0,17116
2021-04-26 09:17:44,10067.6,17133
2021-04-26 09:17:45,10067.6,17166
2021-04-26 09:17:46,10062.5,17168
2021-04-26 09:17:47,10066.0,17169
2021-04-26 09:17:48,10065.9,17297
2021-04-26 09:17:49,10061.85,17310
2021-04-26 09:17:49,10061.85,17310
2021-04-26 09:17:50,10065.95,17366
2021-04-26 09:17:51,10061.65,17374
2021-04-26 09:17:54,10062.65,17588
2021-04-26 09:17:55,10066.0,17600
2021-04-26 09:17:56,10069.0,17612
2021-04-26 09:17:58,10070.0,17674
2021-04-26 09:17:58,10065.95,17694
2021-04-26 09:18:00,10066.0,17735
2021-04-26 09:18:01,10068.25,17917
2021-04-26 09:18:01,10068.25,17917
2021-04-26 09:18:03,10060.1,18470
2021-04-26 09:18:03,10060.1,18470
2021-04-26 09:18:04,10062.15,18481
2021-04-26 09:18:05,10058.0,18657
2021-04-26 09:18:06,10060.0,18683
2021-04-26 09:18:07,10060.0,18683
2021-04-26 09:18:08,10054.2,18719
2021-04-26 09:18:09,10061.55,18773
2021-04-26 09:18:10,10061.55,18773
2021-04-26 09:18:12,10054.45,18825
2021-04-26 09:18:13,10055.35,18827
2021-04-26 09:18:14,10055.35,18887
2021-04-26 09:18:15,10050.95,18902
2021-04-26 09:18:16,10055.35,18903
2021-04-26 09:18:16,10055.35,18903
2021-04-26 09:18:17,10055.35,18903
2021-04-26 09:18:18,10055.35,18903
2021-04-26 09:18:19,10050.0,18954
2021-04-26 09:18:21,10054.5,19006
2021-04-26 09:18:22,10051.55,19045
2021-04-26 09:18:22,10055.0,19020
2021-04-26 09:18:24,10040.35,19917
2021-04-26 09:18:24,10047.8,20161
2021-04-26 09:18:25,10051.6,20211
2021-04-26 09:18:26,10051.35,20223
2021-04-26 09:18:28,10054.0,20278
2021-04-26 09:18:29,10054.0,20278
2021-04-26 09:18:30,10053.95,20332
2021-04-26 09:18:32,10053.85,20335
2021-04-26 09:18:33,10046.15,20512
2021-04-26 09:18:34,10040.0,20583
2021-04-26 09:18:35,10051.0,20598
2021-04-26 09:18:35,10051.0,20598
2021-04-26 09:18:37,10050.65,20608
2021-04-26 09:18:37,10050.65,20608
2021-04-26 09:18:39,10056.2,21018
2021-04-26 09:18:40,10053.45,21061
2021-04-26 09:18:41,10058.8,21140
2021-04-26 09:18:41,10058.8,21140
2021-04-26 09:18:42,10052.1,21161
2021-04-26 09:18:43,10059.75,21184
2021-04-26 09:18:45,10043.2,21684
2021-04-26 09:18:45,10054.95,21688
2021-04-26 09:18:47,10055.75,21803
2021-04-26 09:18:48,10055.75,21803
2021-04-26 09:18:48,10056.95,21823
2021-04-26 09:18:50,10059.95,21832
2021-04-26 09:18:50,10059.95,21833
2021-04-26 09:18:51,10058.8,21839
2021-04-26 09:18:52,10058.8,21839
2021-04-26 09:18:54,10062.9,22202
2021-04-26 09:18:54,10062.9,22202
2021-04-26 09:18:55,10062.0,22231
2021-04-26 09:18:57,10062.0,22231
2021-04-26 09:18:58,10060.0,22233
2021-04-26 09:18:59,10056.25,22292
2021-04-26 09:19:00,10063.6,22306
2021-04-26 09:19:01,10063.45,22361
2021-04-26 09:19:01,10055.75,22461
2021-04-26 09:19:02,10059.6,22505
2021-04-26 09:19:04,10060.0,22510
2021-04-26 09:19:04,10060.0,22530
2021-04-26 09:19:06,10055.75,22542
2021-04-26 09:19:07,10065.95,22743
2021-04-26 09:19:08,10066.45,22764
2021-04-26 09:19:09,10066.45,22764
2021-04-26 09:19:10,10064.45,22839
2021-04-26 09:19:10,10064.45,22839
2021-04-26 09:19:11,10060.9,22907
2021-04-26 09:19:13,10066.0,23045
2021-04-26 09:19:14,10066.8,23145
2021-04-26 09:19:15,10060.15,23146
2021-04-26 09:19:16,10064.65,23282
2021-04-26 09:19:17,10066.0,23311
2021-04-26 09:19:18,10066.0,23311
2021-04-26 09:19:18,10066.0,23311
2021-04-26 09:19:20,10067.1,23468
2021-04-26 09:19:20,10067.1,23468
2021-04-26 09:19:22,10067.1,23468
2021-04-26 09:19:23,10064.85,23478
2021-04-26 09:19:23,10064.85,23478
2021-04-26 09:19:24,10067.1,23489
2021-04-26 09:19:25,10054.95,24152
2021-04-26 09:19:27,10057.2,24186
2021-04-26 09:19:27,10057.2,24186
2021-04-26 09:19:28,10057.2,24186
2021-04-26 09:19:29,10061.2,24208
2021-04-26 09:19:31,10059.2,24209
2021-04-26 09:19:32,10060.2,24309
2021-04-26 09:19:33,10059.9,24326
2021-04-26 09:19:34,10059.9,24326
2021-04-26 09:19:35,10050.0,24668
2021-04-26 09:19:36,10045.0,24913
2021-04-26 09:19:37,10049.85,24915
2021-04-26 09:19:38,10050.7,24937
2021-04-26 09:19:39,10053.7,24989
2021-04-26 09:19:40,10052.35,24995
2021-04-26 09:19:40,10052.35,24995
2021-04-26 09:19:41,10050.75,25000
2021-04-26 09:19:42,10050.75,25013
2021-04-26 09:19:44,10050.0,25023
2021-04-26 09:19:45,10050.0,25024
2021-04-26 09:19:46,10050.0,25047
2021-04-26 09:19:47,10050.0,25070
2021-04-26 09:19:48,10045.05,25080
2021-04-26 09:19:49,10045.0,25085
2021-04-26 09:19:50,10046.7,25403
2021-04-26 09:19:52,10049.9,25611
2021-04-26 09:19:53,10049.9,25611
2021-04-26 09:19:54,10045.0,25626
2021-04-26 09:19:55,10049.4,25627
2021-04-26 09:19:56,10045.4,26135
2021-04-26 09:19:57,10040.0,26179
2021-04-26 09:19:58,10031.0,26209
2021-04-26 09:19:59,10026.5,26841
2021-04-26 09:20:00,10033.4,26847
2021-04-26 09:20:01,10038.85,27063
2021-04-26 09:20:02,10028.2,27080
2021-04-26 09:20:03,10028.45,27199
2021-04-26 09:20:04,10030.0,27200
2021-04-26 09:20:05,10039.75,27220
2021-04-26 09:20:06,10046.85,27380
2021-04-26 09:20:07,10046.85,27380
2021-04-26 09:20:08,10046.85,27380
2021-04-26 09:20:09,10044.1,27387
2021-04-26 09:20:10,10040.0,27397
2021-04-26 09:20:11,10040.0,27397
2021-04-26 09:20:12,10041.0,27402
2021-04-26 09:20:13,10045.8,27407
2021-04-26 09:20:14,10044.0,27479
2021-04-26 09:20:15,10044.0,27479
2021-04-26 09:20:16,10045.25,27568
2021-04-26 09:20:17,10049.05,27698
2021-04-26 09:20:18,10049.9,27710
2021-04-26 09:20:19,10041.6,27730
2021-04-26 09:20:20,10045.05,27734
2021-04-26 09:20:21,10045.25,27816
2021-04-26 09:20:22,10045.25,27823
2021-04-26 09:20:23,10049.4,27828
2021-04-26 09:20:24,10046.9,27837
2021-04-26 09:20:25,10045.8,27850
2021-04-26 09:20:26,10048.25,27890
2021-04-26 09:20:27,10046.0,27893
2021-04-26 09:20:28,10048.8,27898
2021-04-26 09:20:29,10048.8,27898
2021-04-26 09:20:30,10048.95,27922
2021-04-26 09:20:31,10045.25,27973
2021-04-26 09:20:32,10052.4,28112
2021-04-26 09:20:33,10052.4,28118
2021-04-26 09:20:34,10053.2,28143
2021-04-26 09:20:35,10051.35,28145
2021-04-26 09:20:36,10041.2,28216
2021-04-26 09:20:37,10041.2,28216
2021-04-26 09:20:38,10045.1,28220
2021-04-26 09:20:39,10045.1,28220
2021-04-26 09:20:40,10049.0,28275
2021-04-26 09:20:41,10045.0,28297
2021-04-26 09:20:42,10043.6,28632
2021-04-26 09:20:43,10051.6,28652
2021-04-26 09:20:44,10055.0,28661
2021-04-26 09:20:45,10050.0,28691
2021-04-26 09:20:46,10050.0,28704
2021-04-26 09:20:47,10048.75,28729
2021-04-26 09:20:48,10053.95,28730
2021-04-26 09:20:49,10055.7,28734
2021-04-26 09:20:50,10055.7,28737
2021-04-26 09:20:51,10055.7,28737
2021-04-26 09:20:52,10060.0,28757
2021-04-26 09:20:53,10059.95,28758
2021-04-26 09:20:54,10056.05,28760
2021-04-26 09:20:55,10056.0,28893
2021-04-26 09:20:56,10051.15,28895
2021-04-26 09:20:57,10053.95,28911
2021-04-26 09:20:58,10053.95,28911
2021-04-26 09:20:59,10055.0,28929
2021-04-26 09:21:00,10059.95,28980
2021-04-26 09:21:01,10059.95,28980
2021-04-26 09:21:02,10055.45,28995
2021-04-26 09:21:03,10063.6,29095
2021-04-26 09:21:04,10057.9,29101
2021-04-26 09:21:05,10059.95,29132
2021-04-26 09:21:06,10059.95,29132
2021-04-26 09:21:07,10060.95,29149
2021-04-26 09:21:08,10060.7,29173
2021-04-26 09:21:09,10060.7,29173
2021-04-26 09:21:10,10060.7,29173
2021-04-26 09:21:11,10058.0,29221
2021-04-26 09:21:12,10057.95,29223
2021-04-26 09:21:13,10057.95,29223
2021-04-26 09:21:14,10060.7,29229
2021-04-26 09:21:15,10057.9,29231
2021-04-26 09:21:16,10060.7,29239
2021-04-26 09:21:17,10062.4,29254
2021-04-26 09:21:18,10062.4,29254
2021-04-26 09:21:19,10059.1,29442
2021-04-26 09:21:20,10060.0,29462
2021-04-26 09:21:21,10060.0,29482
2021-04-26 09:21:22,10060.0,29542
2021-04-26 09:21:23,10060.9,29562
2021-04-26 09:21:24,10064.7,29639
2021-04-26 09:21:25,10064.7,29639
2021-04-26 09:21:26,10058.25,29689
2021-04-26 09:21:27,10058.25,29689
2021-04-26 09:21:28,10065.0,29713
2021-04-26 09:21:29,10063.5,29715
2021-04-26 09:21:30,10064.4,29741
2021-04-26 09:21:31,10064.4,29741
2021-04-26 09:21:32,10064.95,29742
2021-04-26 09:21:33,10064.9,29767
2021-04-26 09:21:34,10064.9,29767
2021-04-26 09:21:35,10060.0,29832
2021-04-26 09:21:36,10064.5,29843
2021-04-26 09:21:37,10064.55,29854
2021-04-26 09:21:38,10064.55,29854
2021-04-26 09:21:39,10060.95,29856
2021-04-26 09:21:40,10060.95,29891
2021-04-26 09:21:41,10065.0,29912
2021-04-26 09:21:42,10062.0,29917
2021-04-26 09:21:43,10065.0,29956
2021-04-26 09:21:44,10065.0,29966
2021-04-26 09:21:45,10065.0,29966
2021-04-26 09:21:46,10064.0,29971
2021-04-26 09:21:47,10060.95,29972
2021-04-26 09:21:48,10064.8,29974
2021-04-26 09:21:49,10064.8,29974
2021-04-26 09:21:50,10062.9,29983
2021-04-26 09:21:51,10063.2,29994
2021-04-26 09:21:52,10063.2,29994
2021-04-26 09:21:53,10060.95,29999
2021-04-26 09:21:54,10060.0,30025
2021-04-26 09:21:55,10063.0,30060
2021-04-26 09:21:56,10063.0,30060
2021-04-26 09:21:57,10051.0,30460
2021-04-26 09:21:58,10052.0,30480
2021-04-26 09:21:59,10052.25,30488
2021-04-26 09:22:00,10062.15,30499
2021-04-26 09:22:01,10062.45,30532
2021-04-26 09:22:02,10052.0,30632
2021-04-26 09:22:03,10052.0,30632
2021-04-26 09:22:04,10056.95,30634
2021-04-26 09:22:05,10056.95,30636
2021-04-26 09:22:06,10056.95,30636
2021-04-26 09:22:07,10056.95,30674
2021-04-26 09:22:08,10056.95,30674
2021-04-26 09:22:09,10051.0,30805
2021-04-26 09:22:10,10050.0,30930
2021-04-26 09:22:11,10050.0,30990
2021-04-26 09:22:12,10050.0,30990
2021-04-26 09:22:13,10052.0,30992
2021-04-26 09:22:14,10052.1,30997
2021-04-26 09:22:15,10052.1,30997
2021-04-26 09:22:16,10050.0,31180
2021-04-26 09:22:17,10050.0,31180
2021-04-26 09:22:18,10052.1,31238
2021-04-26 09:22:19,10052.1,31238
2021-04-26 09:22:20,10057.0,32007
2021-04-26 09:22:21,10057.8,32016
2021-04-26 09:22:22,10057.8,32016
2021-04-26 09:22:23,10057.8,32016
2021-04-26 09:22:24,10057.8,32016
2021-04-26 09:22:25,10057.8,32016
2021-04-26 09:22:26,10059.0,32020
2021-04-26 09:22:27,10059.0,32045
2021-04-26 09:22:28,10059.0,32045
2021-04-26 09:22:29,10059.0,32045
2021-04-26 09:22:30,10062.0,32062
2021-04-26 09:22:31,10062.0,32062
2021-04-26 09:22:32,10059.0,32113
2021-04-26 09:22:33,10060.0,32173
2021-04-26 09:22:34,10062.0,32232
2021-04-26 09:22:35,10057.9,32235
2021-04-26 09:22:36,10054.95,32314
2021-04-26 09:22:37,10054.95,32339
2021-04-26 09:22:38,10056.4,32439
2021-04-26 09:22:39,10056.4,32439
2021-04-26 09:22:40,10056.4,32439
2021-04-26 09:22:41,10056.4,32439
2021-04-26 09:22:42,10056.4,32439
2021-04-26 09:22:43,10052.1,32442
2021-04-26 09:22:44,10057.85,32454
2021-04-26 09:22:45,10051.4,32457
2021-04-26 09:22:46,10051.4,32457
2021-04-26 09:22:47,10055.0,32497
2021-04-26 09:22:48,10055.0,32497
2021-04-26 09:22:49,10055.0,32497
2021-04-26 09:22:50,10055.0,32497
2021-04-26 09:22:51,10052.15,32522
2021-04-26 09:22:52,10056.0,32523
2021-04-26 09:22:53,10052.6,32535
2021-04-26 09:22:54,10052.6,32535
2021-04-26 09:22:56,10052.65,32539
2021-04-26 09:22:56,10052.65,32539
2021-04-26 09:22:57,10052.65,32539
2021-04-26 09:22:58,10057.9,32606
2021-04-26 09:22:59,10052.5,32619
2021-04-26 09:23:00,10052.4,32719
2021-04-26 09:23:01,10052.95,32730
2021-04-26 09:23:02,10052.95,32730
2021-04-26 09:23:03,10055.6,32747
2021-04-26 09:23:05,10055.6,32747
2021-04-26 09:23:06,10045.9,32772
2021-04-26 09:23:07,10050.95,32777
2021-04-26 09:23:09,10045.9,32778
2021-04-26 09:23:09,10045.9,32778
2021-04-26 09:23:10,10045.95,32789
2021-04-26 09:23:11,10045.9,32797
2021-04-26 09:23:12,10042.15,32889
2021-04-26 09:23:13,10049.8,32928
2021-04-26 09:23:14,10044.0,32930
2021-04-26 09:23:15,10043.85,32948
2021-04-26 09:23:16,10051.0,32995
2021-04-26 09:23:17,10048.95,33000
2021-04-26 09:23:18,10044.05,33047
2021-04-26 09:23:19,10044.55,33049
2021-04-26 09:23:20,10048.95,33050
2021-04-26 09:23:22,10042.15,33066
2021-04-26 09:23:24,10046.7,33083
2021-04-26 09:23:25,10045.85,33096
2021-04-26 09:23:26,10049.9,33141
2021-04-26 09:23:27,10045.25,33149
2021-04-26 09:23:28,10045.6,33154
2021-04-26 09:23:29,10049.9,33155
2021-04-26 09:23:30,10049.9,33176
2021-04-26 09:23:31,10049.9,33178
2021-04-26 09:23:32,10049.9,33178
2021-04-26 09:23:33,10052.0,33344
2021-04-26 09:23:34,10050.4,33349
2021-04-26 09:23:34,10050.4,33349
2021-04-26 09:23:35,10049.9,33359
2021-04-26 09:23:36,10050.25,33378
2021-04-26 09:23:37,10050.25,33378
2021-04-26 09:23:38,10050.25,33378
2021-04-26 09:23:39,10050.25,33378
2021-04-26 09:23:40,10050.25,33378
2021-04-26 09:23:41,10060.0,33570
2021-04-26 09:23:42,10058.0,33572
2021-04-26 09:23:43,10057.2,33583
2021-04-26 09:23:44,10058.0,33584
2021-04-26 09:23:45,10061.95,33588
2021-04-26 09:23:46,10061.95,33588
2021-04-26 09:23:48,10054.35,33604
2021-04-26 09:23:48,10059.5,33603
2021-04-26 09:23:49,10054.45,33617
2021-04-26 09:23:50,10057.2,33623
2021-04-26 09:23:51,10059.7,33643
2021-04-26 09:23:52,10052.8,33663
2021-04-26 09:23:53,10051.65,33664
2021-04-26 09:23:54,10051.8,33668
2021-04-26 09:23:55,10051.8,33668
2021-04-26 09:23:56,10051.8,33668
2021-04-26 09:23:58,10052.55,33784
2021-04-26 09:23:59,10052.55,33784
2021-04-26 09:24:00,10052.35,33810
2021-04-26 09:24:02,10056.95,33831
2021-04-26 09:24:03,10056.85,33832
2021-04-26 09:24:04,10050.95,33862
2021-04-26 09:24:05,10055.0,33864
2021-04-26 09:24:06,10055.0,33864
2021-04-26 09:24:07,10055.9,33877
2021-04-26 09:24:10,10050.75,33879
2021-04-26 09:24:11,10051.8,33938
2021-04-26 09:24:12,10046.1,34153
2021-04-26 09:24:13,10051.65,34154
2021-04-26 09:24:14,10046.85,34231
2021-04-26 09:24:15,10047.05,34234
2021-04-26 09:24:16,10047.3,34238
2021-04-26 09:24:17,10047.3,34238
2021-04-26 09:24:19,10044.0,34239
2021-04-26 09:24:20,10044.0,34239
2021-04-26 09:24:21,10048.55,34240
2021-04-26 09:24:22,10043.0,34291
2021-04-26 09:24:23,10050.05,34294
2021-04-26 09:24:24,10049.95,34304
2021-04-26 09:24:25,10047.05,34306
2021-04-26 09:24:26,10045.25,34308
2021-04-26 09:24:27,10045.25,34312
2021-04-26 09:24:28,10045.25,34312
2021-04-26 09:24:29,10044.0,34313
2021-04-26 09:24:30,10046.0,34317
2021-04-26 09:24:30,10046.0,34315
2021-04-26 09:24:31,10053.95,34650
2021-04-26 09:24:32,10045.25,34652
2021-04-26 09:24:33,10045.25,34652
2021-04-26 09:24:35,10045.25,34652
2021-04-26 09:24:36,10045.45,34654
2021-04-26 09:24:37,10045.2,34854
2021-04-26 09:24:37,10045.2,34854
2021-04-26 09:24:38,10050.55,34858
2021-04-26 09:24:39,10056.95,35059
2021-04-26 09:24:40,10056.95,35059
2021-04-26 09:24:41,10056.95,35059
2021-04-26 09:24:42,10050.55,35066
2021-04-26 09:24:43,10052.0,35068
2021-04-26 09:24:45,10044.0,35161
2021-04-26 09:24:46,10044.0,35161
2021-04-26 09:24:47,10048.35,35181
2021-04-26 09:24:48,10046.9,35207
2021-04-26 09:24:49,10048.0,35221
2021-04-26 09:24:50,10048.0,35221
2021-04-26 09:24:51,10052.0,35240
2021-04-26 09:24:52,10058.85,35243
2021-04-26 09:24:53,10050.8,35550
2021-04-26 09:24:53,10050.8,35550
2021-04-26 09:24:54,10050.0,35562
2021-04-26 09:24:55,10052.0,35563
2021-04-26 09:24:56,10052.0,35563
2021-04-26 09:24:57,10045.1,35573
2021-04-26 09:24:59,10050.5,35583
2021-04-26 09:25:00,10050.5,35583
2021-04-26 09:25:01,10046.6,35593
2021-04-26 09:25:02,10050.95,35606
2021-04-26 09:25:03,10056.3,35924
2021-04-26 09:25:04,10056.3,35927
2021-04-26 09:25:05,10051.2,35979
2021-04-26 09:25:06,10051.35,35980
2021-04-26 09:25:07,10051.35,35980
2021-04-26 09:25:08,10050.0,36180
2021-04-26 09:25:09,10049.0,36206
2021-04-26 09:25:10,10049.0,36207
2021-04-26 09:25:11,10049.0,36207
2021-04-26 09:25:12,10049.0,36207
2021-04-26 09:25:12,10049.0,36207
2021-04-26 09:25:13,10048.85,36208
2021-04-26 09:25:14,10048.85,36208
2021-04-26 09:25:15,10036.5,37170
2021-04-26 09:25:16,10041.2,37195
2021-04-26 09:25:17,10041.35,37211
2021-04-26 09:25:18,10041.35,37211
2021-04-26 09:25:19,10041.6,37227
2021-04-26 09:25:20,10042.35,37238
2021-04-26 09:25:21,10042.9,37293
2021-04-26 09:25:22,10037.1,37297
2021-04-26 09:25:23,10041.9,37302
2021-04-26 09:25:24,10037.0,37303
2021-04-26 09:25:25,10030.8,37727
2021-04-26 09:25:26,10033.65,37731
2021-04-26 09:25:28,10033.65,37731
2021-04-26 09:25:29,10028.5,37832
2021-04-26 09:25:30,10028.5,37832
2021-04-26 09:25:31,10029.5,37837
2021-04-26 09:25:33,10036.95,37863
2021-04-26 09:25:34,10037.05,37864
2021-04-26 09:25:35,10036.9,37875
2021-04-26 09:25:36,10036.9,37875
2021-04-26 09:25:41,10036.9,37923
2021-04-26 09:25:42,10037.2,37947
2021-04-26 09:25:43,10037.95,37950
2021-04-26 09:25:44,10037.95,37950
2021-04-26 09:25:45,10037.95,37950
2021-04-26 09:25:46,10039.25,38024
2021-04-26 09:25:47,10033.6,38025
2021-04-26 09:25:48,10040.4,38056
2021-04-26 09:25:49,10040.75,38106
2021-04-26 09:25:50,10040.75,38106
2021-04-26 09:25:51,10042.55,38116
2021-04-26 09:25:52,10042.55,38116
2021-04-26 09:25:53,10044.85,38126
2021-04-26 09:25:54,10044.85,38126
2021-04-26 09:25:55,10032.4,38427
2021-04-26 09:25:56,10032.4,38427
2021-04-26 09:25:57,10039.95,38430
2021-04-26 09:25:58,10041.15,38436
2021-04-26 09:25:59,10041.15,38436
2021-04-26 09:26:01,10041.15,38436
2021-04-26 09:26:02,10038.0,38441
2021-04-26 09:26:03,10038.0,38441
2021-04-26 09:26:04,10040.4,38453
2021-04-26 09:26:05,10040.4,38453
2021-04-26 09:26:06,10040.4,38453
2021-04-26 09:26:07,10039.95,38461
2021-04-26 09:26:08,10039.95,38461
2021-04-26 09:26:10,10035.25,38506
2021-04-26 09:26:11,10035.25,38506
2021-04-26 09:26:12,10037.3,38534
2021-04-26 09:26:13,10037.3,38534
2021-04-26 09:26:14,10037.3,38534
2021-04-26 09:26:15,10038.0,38551
2021-04-26 09:26:16,10035.25,38561
2021-04-26 09:26:17,10035.25,38562
2021-04-26 09:26:18,10036.8,38565
2021-04-26 09:26:19,10036.8,38565
2021-04-26 09:26:20,10033.25,38575
2021-04-26 09:26:21,10037.3,38576
2021-04-26 09:26:22,10037.3,38576
2021-04-26 09:26:23,10033.05,38591
2021-04-26 09:26:24,10033.1,38595
2021-04-26 09:26:25,10033.0,38645
2021-04-26 09:26:26,10036.85,38670
2021-04-26 09:26:28,10033.25,38682
2021-04-26 09:26:29,10037.3,38685
2021-04-26 09:26:30,10040.25,38716
2021-04-26 09:26:31,10040.25,38716
2021-04-26 09:26:32,10035.3,38747
2021-04-26 09:26:33,10035.0,38784
2021-04-26 09:26:33,10038.0,38821
2021-04-26 09:26:34,10033.05,38832
2021-04-26 09:26:35,10039.5,38844
2021-04-26 09:26:37,10034.8,38847
2021-04-26 09:26:38,10045.0,38970
2021-04-26 09:26:39,10040.25,38989
2021-04-26 09:26:40,10035.6,39272
2021-04-26 09:26:41,10041.9,39278
2021-04-26 09:26:42,10041.9,39278
2021-04-26 09:26:43,10041.9,39278
2021-04-26 09:26:44,10039.55,39288
2021-04-26 09:26:46,10035.25,39295
2021-04-26 09:26:47,10035.0,39303
2021-04-26 09:26:48,10035.0,39303
2021-04-26 09:26:49,10039.95,39305
2021-04-26 09:26:50,10033.05,39415
2021-04-26 09:26:51,10034.35,39420
2021-04-26 09:26:52,10035.2,39424
2021-04-26 09:26:53,10033.0,39524
2021-04-26 09:26:54,10038.75,39536
2021-04-26 09:26:55,10038.75,39541
2021-04-26 09:26:56,10040.0,39592
2021-04-26 09:26:57,10040.0,39592
2021-04-26 09:27:00,10050.25,40280
2021-04-26 09:27:02,10059.0,40360
2021-04-26 09:27:03,10056.6,40371
2021-04-26 09:27:04,10056.6,40381
2021-04-26 09:27:05,10056.45,40433
2021-04-26 09:27:06,10051.35,40434
2021-04-26 09:27:07,10051.3,40436
2021-04-26 09:27:08,10054.65,40461
2021-04-26 09:27:09,10054.65,40461
2021-04-26 09:27:10,10051.3,40473
2021-04-26 09:27:11,10051.0,40519
2021-04-26 09:27:12,10045.45,40529
2021-04-26 09:27:13,10050.95,40533
2021-04-26 09:27:14,10052.95,40544
2021-04-26 09:27:15,10052.95,40544
2021-04-26 09:27:15,10052.95,40544
2021-04-26 09:27:16,10052.95,40544
2021-04-26 09:27:17,10052.95,40544
2021-04-26 09:27:18,10052.95,40544
2021-04-26 09:27:19,10051.0,40592
2021-04-26 09:27:20,10050.75,40604
2021-04-26 09:27:21,10051.0,40704
2021-04-26 09:27:22,10051.0,40704
2021-04-26 09:27:23,10051.0,40704
2021-04-26 09:27:24,10052.05,40714
2021-04-26 09:27:26,10049.9,40726
2021-04-26 09:27:27,10046.55,41222
2021-04-26 09:27:28,10045.9,41237
2021-04-26 09:27:29,10042.0,41238
2021-04-26 09:27:30,10050.5,41403
2021-04-26 09:27:31,10046.65,41423
2021-04-26 09:27:31,10046.65,41423
2021-04-26 09:27:32,10046.05,41425
2021-04-26 09:27:33,10046.05,41425
2021-04-26 09:27:34,10050.55,41495
2021-04-26 09:27:36,10046.05,41500
2021-04-26 09:27:37,10049.9,41525
2021-04-26 09:27:38,10050.0,41535
2021-04-26 09:27:39,10044.8,41538
2021-04-26 09:27:40,10049.75,41539
2021-04-26 09:27:41,10044.6,41545
2021-04-26 09:27:42,10044.6,41545
2021-04-26 09:27:43,10044.6,41545
2021-04-26 09:27:44,10042.0,41550
2021-04-26 09:27:44,10042.0,41550
2021-04-26 09:27:45,10042.0,41550
2021-04-26 09:27:46,10046.85,41555
2021-04-26 09:27:47,10050.6,41563
2021-04-26 09:27:48,10050.6,41563
2021-04-26 09:27:49,10050.6,41563
2021-04-26 09:27:51,10047.6,41593
2021-04-26 09:27:52,10047.6,41593
2021-04-26 09:27:53,10042.75,41605
2021-04-26 09:27:54,10042.0,41608
2021-04-26 09:27:55,10042.0,41608
2021-04-26 09:27:56,10042.0,41608
2021-04-26 09:27:57,10042.85,41621
2021-04-26 09:27:58,10042.85,41621
2021-04-26 09:27:59,10042.85,41621
2021-04-26 09:28:00,10042.65,41636
2021-04-26 09:28:02,10046.15,41638
2021-04-26 09:28:03,10042.05,41640
2021-04-26 09:28:04,10042.05,41642
2021-04-26 09:28:05,10042.0,41643
2021-04-26 09:28:06,10042.0,41645
2021-04-26 09:28:07,10042.15,41697
2021-04-26 09:28:08,10042.0,41724
2021-04-26 09:28:09,10040.0,41744
2021-04-26 09:28:10,10041.95,41745
2021-04-26 09:28:11,10039.5,41750
2021-04-26 09:28:12,10038.75,41797
2021-04-26 09:28:13,10028.0,42536
2021-04-26 09:28:14,10021.0,42716
2021-04-26 09:28:15,10020.0,42962
2021-04-26 09:28:16,10020.05,42988
2021-04-26 09:28:17,10020.05,42988
2021-04-26 09:28:18,10020.05,42988
2021-04-26 09:28:19,10020.05,43012
2021-04-26 09:28:20,10025.35,43013
2021-04-26 09:28:21,10025.35,43013
2021-04-26 09:28:21,10025.35,43013
2021-04-26 09:28:22,10025.25,43014
2021-04-26 09:28:24,10025.25,43014
2021-04-26 09:28:25,10026.0,43024
2021-04-26 09:28:26,10021.05,43045
2021-04-26 09:28:27,10020.05,43068
2021-04-26 09:28:28,10023.6,43205
2021-04-26 09:28:30,10020.4,43446
2021-04-26 09:28:31,10020.4,43446
2021-04-26 09:28:32,10018.0,43488
2021-04-26 09:28:33,10020.0,43491
2021-04-26 09:28:34,10018.0,43502
2021-04-26 09:28:35,10018.0,43512
2021-04-26 09:28:36,10018.0,43547
2021-04-26 09:28:37,10018.0,43547
2021-04-26 09:28:38,10018.0,43568
2021-04-26 09:28:39,10022.0,44021
2021-04-26 09:28:40,10018.0,44054
2021-04-26 09:28:41,10015.25,44282
2021-04-26 09:28:42,10015.25,44301
2021-04-26 09:28:43,10015.0,44363
2021-04-26 09:28:44,10015.0,44367
2021-04-26 09:28:44,10015.0,44367
2021-04-26 09:28:45,10016.85,44478
2021-04-26 09:28:46,10012.0,44543
2021-04-26 09:28:47,10014.85,44558
2021-04-26 09:28:49,10006.0,44608
2021-04-26 09:28:50,10006.0,44610
2021-04-26 09:28:51,10000.95,44763
2021-04-26 09:28:52,10000.0,44784
2021-04-26 09:28:53,10000.0,44905
2021-04-26 09:28:54,10001.0,45017
2021-04-26 09:28:56,10001.85,45246
2021-04-26 09:28:55,10005.15,45178
2021-04-26 09:28:57,10002.0,45287
2021-04-26 09:28:58,10010.05,45312
2021-04-26 09:28:59,10015.3,45354
2021-04-26 09:29:01,10013.7,45379
2021-04-26 09:29:02,10013.7,45379
2021-04-26 09:29:03,10013.7,45379
2021-04-26 09:29:03,10013.7,45379
2021-04-26 09:29:05,10008.85,45382
2021-04-26 09:29:06,10003.45,45389
2021-04-26 09:29:07,10003.1,45419
2021-04-26 09:29:08,10012.1,45470
2021-04-26 09:29:09,10008.8,45596
2021-04-26 09:29:10,10003.45,45604
2021-04-26 09:29:11,10008.0,45628
2021-04-26 09:29:12,10000.0,45842
2021-04-26 09:29:13,10004.75,45888
2021-04-26 09:29:14,10000.0,45910
2021-04-26 09:29:14,10007.4,45900
2021-04-26 09:29:15,10000.95,45953
2021-04-26 09:29:16,10005.0,45973
2021-04-26 09:29:18,10005.0,46033
2021-04-26 09:29:19,10006.55,46186
2021-04-26 09:29:20,10001.5,46201
2021-04-26 09:29:21,10006.0,46239
2021-04-26 09:29:22,10007.95,46241
2021-04-26 09:29:23,10003.0,46272
2021-04-26 09:29:24,10005.85,46288
2021-04-26 09:29:25,10005.0,46298
2021-04-26 09:29:25,10005.0,46298
2021-04-26 09:29:27,10005.0,46308
2021-04-26 09:29:28,10007.45,46323
2021-04-26 09:29:29,10008.7,46336
2021-04-26 09:29:30,10007.55,46344
2021-04-26 09:29:31,10006.55,46348
2021-04-26 09:29:32,9996.65,48344
2021-04-26 09:29:33,9995.95,48353
2021-04-26 09:29:34,9985.65,48513
2021-04-26 09:29:35,9990.0,48551
2021-04-26 09:29:35,9990.0,48551
2021-04-26 09:29:37,9993.5,48638
2021-04-26 09:29:38,9990.0,48661
2021-04-26 09:29:39,9991.25,48670
2021-04-26 09:29:40,9990.0,48843
2021-04-26 09:29:41,9985.1,48848
2021-04-26 09:29:42,9984.15,48874
2021-04-26 09:29:43,9988.0,48892
2021-04-26 09:29:44,9989.7,48918
2021-04-26 09:29:45,9989.65,48927
2021-04-26 09:29:46,9985.65,48970
2021-04-26 09:29:47,9984.0,48979
2021-04-26 09:29:48,9991.0,49105
2021-04-26 09:29:49,9989.7,49112
2021-04-26 09:29:50,9989.8,49257
2021-04-26 09:29:51,9993.8,49287
2021-04-26 09:29:52,9989.7,49308
2021-04-26 09:29:53,9996.4,49418
2021-04-26 09:29:54,10000.05,49616
2021-04-26 09:29:55,10000.0,49627
2021-04-26 09:29:56,9999.05,49760
2021-04-26 09:29:57,9996.4,49767
2021-04-26 09:29:58,9994.35,49935
2021-04-26 09:29:59,9997.0,50002
2021-04-26 09:29:59,9996.8,49945
2021-04-26 09:30:01,9999.9,50051
2021-04-26 09:30:02,9999.9,50061
2021-04-26 09:30:03,9996.65,50114
2021-04-26 09:30:04,10004.75,50140
2021-04-26 09:30:05,9996.4,50147
2021-04-26 09:30:06,10005.45,50232
2021-04-26 09:30:07,10005.7,50244
2021-04-26 09:30:08,10002.15,50248
2021-04-26 09:30:09,9998.0,50349
2021-04-26 09:30:10,9998.0,50349
2021-04-26 09:30:11,10005.05,50372
2021-04-26 09:30:13,10005.0,50375
2021-04-26 09:30:14,10005.0,50375
2021-04-26 09:30:15,10002.15,50376
2021-04-26 09:30:16,10004.45,50391
2021-04-26 09:30:17,10010.8,50653
2021-04-26 09:30:18,10005.05,50658
2021-04-26 09:30:19,10007.1,50721
2021-04-26 09:30:20,10010.1,50826
2021-04-26 09:30:21,10012.45,50860
2021-04-26 09:30:22,10012.45,50860
2021-04-26 09:30:23,10012.45,50868
2021-04-26 09:30:24,10007.5,50869
2021-04-26 09:30:25,10011.75,50875
2021-04-26 09:30:26,10011.5,50908
2021-04-26 09:30:27,10005.0,50991
2021-04-26 09:30:28,10009.15,51021
2021-04-26 09:30:29,10009.15,51024
2021-04-26 09:30:30,10008.0,51082
2021-04-26 09:30:31,10011.45,51102
2021-04-26 09:30:32,10005.2,51112
2021-04-26 09:30:33,10005.0,51144
2021-04-26 09:30:34,10008.0,51155
2021-04-26 09:30:35,10008.0,51156
2021-04-26 09:30:36,10008.0,51156
2021-04-26 09:30:37,10005.15,51175
2021-04-26 09:30:38,10008.4,51180
2021-04-26 09:30:39,10008.4,51181
2021-04-26 09:30:40,10008.4,51181
2021-04-26 09:30:41,10010.35,51211
2021-04-26 09:30:42,10006.0,51226
2021-04-26 09:30:43,10010.0,51228
2021-04-26 09:30:44,10006.15,51232
2021-04-26 09:30:45,10010.0,51233
2021-04-26 09:30:46,10006.0,51303
2021-04-26 09:30:47,10006.0,51321
2021-04-26 09:30:48,10005.15,51326
2021-04-26 09:30:49,10011.0,51533
2021-04-26 09:30:50,10005.1,51558
2021-04-26 09:30:51,10006.0,51563
2021-04-26 09:30:52,10006.0,51563
2021-04-26 09:30:53,10005.0,51564
2021-04-26 09:30:54,10006.0,51573
2021-04-26 09:30:55,10006.0,51573
2021-04-26 09:30:56,10005.25,51685
2021-04-26 09:30:57,10005.0,51735
2021-04-26 09:30:58,10005.0,51749
2021-04-26 09:30:59,10005.2,51764
2021-04-26 09:31:00,10002.2,51892
2021-04-26 09:31:01,10003.0,51895
2021-04-26 09:31:02,10006.95,51918
2021-04-26 09:31:03,10006.5,51928
2021-04-26 09:31:04,10006.5,51928
2021-04-26 09:31:06,10008.0,51936
2021-04-26 09:31:07,10008.0,51936
2021-04-26 09:31:08,10008.0,51936
2021-04-26 09:31:09,10010.9,51938
2021-04-26 09:31:10,10010.9,51938
2021-04-26 09:31:11,10010.9,51988
2021-04-26 09:31:13,10008.0,52009
2021-04-26 09:31:12,10011.0,51998
2021-04-26 09:31:14,10011.0,52033
2021-04-26 09:31:15,10011.0,52033
2021-04-26 09:31:16,10011.0,52087
2021-04-26 09:31:17,10011.0,52137
2021-04-26 09:31:18,10013.2,52198
2021-04-26 09:31:19,10013.6,52214
2021-04-26 09:31:20,10014.0,52249
2021-04-26 09:31:21,9998.0,53330
2021-04-26 09:31:22,9998.15,53434
2021-04-26 09:31:23,10005.05,53484
2021-04-26 09:31:25,10004.65,53496
2021-04-26 09:31:24,10004.65,53496
2021-04-26 09:31:26,10000.0,53507
2021-04-26 09:31:27,10000.0,53507
2021-04-26 09:31:28,10007.5,53532
2021-04-26 09:31:29,10007.5,53532
2021-04-26 09:31:30,10000.4,53545
2021-04-26 09:31:31,10011.0,53555
2021-04-26 09:31:32,10011.0,53555
2021-04-26 09:31:33,10010.25,53557
2021-04-26 09:31:34,10004.75,53564
2021-04-26 09:31:35,10017.5,53705
2021-04-26 09:31:36,10010.95,53727
2021-04-26 09:31:37,10010.95,53727
2021-04-26 09:31:38,10008.6,53729
2021-04-26 09:31:39,10017.15,53734
2021-04-26 09:31:40,10014.6,53736
2021-04-26 09:31:41,10014.6,53736
2021-04-26 09:31:42,10007.3,53941
2021-04-26 09:31:43,10009.0,53985
2021-04-26 09:31:44,10004.6,54007
2021-04-26 09:31:45,10004.6,54007
2021-04-26 09:31:46,10006.15,54032
2021-04-26 09:31:47,10004.55,54063
2021-04-26 09:31:48,10001.2,54117
2021-04-26 09:31:49,10004.55,54134
2021-04-26 09:31:50,10004.55,54134
2021-04-26 09:31:51,10004.5,54137
2021-04-26 09:31:52,10005.2,54234
2021-04-26 09:31:53,10005.0,54405
2021-04-26 09:31:54,10005.0,54423
2021-04-26 09:31:55,10005.0,54423
2021-04-26 09:31:56,10005.05,54424
2021-04-26 09:31:57,10009.7,54425
2021-04-26 09:31:58,10009.75,54440
2021-04-26 09:31:59,10009.75,54440
2021-04-26 09:32:00,10013.5,54446
2021-04-26 09:32:01,10013.5,54446
2021-04-26 09:32:02,10011.6,54457
2021-04-26 09:32:03,10017.15,54514
2021-04-26 09:32:04,10016.95,54705
2021-04-26 09:32:05,10010.65,54739
2021-04-26 09:32:06,10010.05,54749
2021-04-26 09:32:08,10017.15,54783
2021-04-26 09:32:09,10016.0,54790
2021-04-26 09:32:10,10010.6,54791
2021-04-26 09:32:11,10010.35,54794
2021-04-26 09:32:12,10014.8,54842
2021-04-26 09:32:13,10008.45,54896
2021-04-26 09:32:14,10007.7,54932
2021-04-26 09:32:15,10006.75,54943
2021-04-26 09:32:16,10005.0,54944
2021-04-26 09:32:17,10006.75,54952
2021-04-26 09:32:18,10006.75,54952
2021-04-26 09:32:19,10008.0,54955
2021-04-26 09:32:20,10008.0,54955
2021-04-26 09:32:21,10014.0,55055
2021-04-26 09:32:22,10009.55,55070
2021-04-26 09:32:23,10009.55,55070
2021-04-26 09:32:24,10016.4,55145
2021-04-26 09:32:25,10016.4,55145
2021-04-26 09:32:26,10016.4,55145
2021-04-26 09:32:27,10016.4,55145
2021-04-26 09:32:28,10011.0,55166
2021-04-26 09:32:29,10008.7,55171
2021-04-26 09:32:30,10014.75,55199
2021-04-26 09:32:31,10014.95,55200
2021-04-26 09:32:32,10015.0,55203
2021-04-26 09:32:33,10015.0,55203
2021-04-26 09:32:35,10015.0,55203
2021-04-26 09:32:35,10015.0,55203
2021-04-26 09:32:37,10009.7,55206
2021-04-26 09:32:38,10007.3,55256
2021-04-26 09:32:40,10013.9,55271
2021-04-26 09:32:41,10013.2,55683
2021-04-26 09:32:42,10010.35,55696
2021-04-26 09:32:43,10009.05,55735
2021-04-26 09:32:44,10010.0,56067
2021-04-26 09:32:45,10007.0,56104
2021-04-26 09:32:46,10007.0,56104
2021-04-26 09:32:47,10011.4,56109
2021-04-26 09:32:48,10011.4,56109
2021-04-26 09:32:49,10013.45,56133
2021-04-26 09:32:51,10010.0,56141
2021-04-26 09:32:52,10010.0,56151
2021-04-26 09:32:53,10010.0,56151
2021-04-26 09:32:53,10007.8,56155
2021-04-26 09:32:54,10007.05,56156
2021-04-26 09:32:55,10010.0,56185
2021-04-26 09:32:56,10012.35,56231
2021-04-26 09:32:57,10009.05,56233
2021-04-26 09:32:58,10014.0,56242
2021-04-26 09:32:59,10014.0,56242
2021-04-26 09:33:00,10014.0,56242
2021-04-26 09:33:01,10014.9,56267
2021-04-26 09:33:02,10014.9,56267
2021-04-26 09:33:03,10010.0,56268
2021-04-26 09:33:04,10014.0,56280
2021-04-26 09:33:05,10014.0,56330
2021-04-26 09:33:06,10010.0,56339
2021-04-26 09:33:07,10010.0,56339
2021-04-26 09:33:08,10006.05,56603
2021-04-26 09:33:09,10004.0,56685
2021-04-26 09:33:10,10010.0,56686
2021-04-26 09:33:11,10005.2,56761
2021-04-26 09:33:13,10000.0,57092
2021-04-26 09:33:15,10000.0,57178
2021-04-26 09:33:16,10005.9,57228
2021-04-26 09:33:16,10005.9,57228
2021-04-26 09:33:17,10003.0,57229
2021-04-26 09:33:18,10001.05,57250
2021-04-26 09:33:19,10004.0,57259
2021-04-26 09:33:21,10004.0,57386
2021-04-26 09:33:22,10001.25,57391
2021-04-26 09:33:23,10003.95,57392
2021-04-26 09:33:24,10001.0,57404
2021-04-26 09:33:25,10001.0,57404
2021-04-26 09:33:26,10001.0,57404
2021-04-26 09:33:27,10000.05,57460
2021-04-26 09:33:28,10007.45,57485
2021-04-26 09:33:30,10005.7,57489
2021-04-26 09:33:31,10005.7,57489
2021-04-26 09:33:32,10005.7,57489
2021-04-26 09:33:33,10005.7,57489
2021-04-26 09:33:34,10005.0,57511
2021-04-26 09:33:36,10005.7,57517
2021-04-26 09:33:37,10009.05,57540
2021-04-26 09:33:37,10009.05,57540
2021-04-26 09:33:38,10005.75,57544
2021-04-26 09:33:39,10005.0,57545
2021-04-26 09:33:40,9985.5,58661
2021-04-26 09:33:41,9992.15,58674
2021-04-26 09:33:42,9992.15,58677
2021-04-26 09:33:43,9992.3,58678
2021-04-26 09:33:44,9993.0,58679
2021-04-26 09:33:45,9993.0,58679
2021-04-26 09:33:47,9993.0,58679
2021-04-26 09:33:48,9996.1,58685
2021-04-26 09:33:49,9996.1,58685
2021-04-26 09:33:50,9994.0,58688
2021-04-26 09:33:51,9998.0,58693
2021-04-26 09:33:52,9998.0,58693
2021-04-26 09:33:53,9995.05,58695
2021-04-26 09:33:53,9995.05,58695
2021-04-26 09:33:54,9995.05,58695
2021-04-26 09:33:55,9998.0,58746
2021-04-26 09:33:56,9999.95,58952
2021-04-26 09:33:57,9994.9,58969
2021-04-26 09:33:58,9994.9,58969
2021-04-26 09:33:59,10003.55,59019
2021-04-26 09:34:00,10003.15,59036
2021-04-26 09:34:01,10003.15,59036
2021-04-26 09:34:02,9999.0,59045
2021-04-26 09:34:03,10002.9,59075
2021-04-26 09:34:04,10003.55,59078
2021-04-26 09:34:05,10003.55,59078
2021-04-26 09:34:06,9998.0,59100
2021-04-26 09:34:08,10001.7,59102
2021-04-26 09:34:09,9995.1,59117
2021-04-26 09:34:12,10002.05,59168
2021-04-26 09:34:12,10002.05,59168
2021-04-26 09:34:13,10000.0,59178
2021-04-26 09:34:14,9996.5,59179
2021-04-26 09:34:15,9998.0,59183
2021-04-26 09:34:16,9998.0,59200
2021-04-26 09:34:17,9995.6,59210
2021-04-26 09:34:18,9998.0,59214
2021-04-26 09:34:19,9998.0,59214
2021-04-26 09:34:21,9998.0,59225
2021-04-26 09:34:23,10000.95,59245
2021-04-26 09:34:24,9996.55,59264
2021-04-26 09:34:25,10000.75,59269
2021-04-26 09:34:26,9995.75,59275
2021-04-26 09:34:27,9995.8,59284
2021-04-26 09:34:28,9995.8,59284
2021-04-26 09:34:29,9999.95,59285
2021-04-26 09:34:30,9999.95,59295
2021-04-26 09:34:30,9999.95,59295
2021-04-26 09:34:31,10000.0,59297
2021-04-26 09:34:32,9995.05,59347
2021-04-26 09:34:33,10000.95,59666
2021-04-26 09:34:34,10000.95,59666
2021-04-26 09:34:35,10001.0,59746
2021-04-26 09:34:36,10001.7,59750
2021-04-26 09:34:38,9998.8,59770
2021-04-26 09:34:39,9998.8,59770
2021-04-26 09:34:40,10003.0,59775
2021-04-26 09:34:41,9999.55,59776
2021-04-26 09:34:42,10005.0,59800
2021-04-26 09:34:42,10005.0,59800
2021-04-26 09:34:43,10002.1,59810
2021-04-26 09:34:44,10002.0,59836
2021-04-26 09:34:46,10002.0,59836
2021-04-26 09:34:47,10005.0,59919
2021-04-26 09:34:48,10005.0,59919
2021-04-26 09:34:49,10005.0,59919
2021-04-26 09:34:50,10005.0,59919
2021-04-26 09:34:51,10005.0,59919
2021-04-26 09:34:52,10007.55,60158
2021-04-26 09:34:53,10007.1,60162
2021-04-26 09:34:54,10003.75,60180
2021-04-26 09:34:54,10003.75,60180
2021-04-26 09:34:55,10003.15,60481
2021-04-26 09:34:56,10009.95,60541
2021-04-26 09:34:58,10005.1,60551
2021-04-26 09:34:59,10007.0,60556
2021-04-26 09:35:00,10007.0,60556
2021-04-26 09:35:00,10007.0,60556
2021-04-26 09:35:01,10007.0,60556
2021-04-26 09:35:02,10007.0,60556
2021-04-26 09:35:03,10010.0,60604
2021-04-26 09:35:04,10008.05,60622
2021-04-26 09:35:05,10006.1,60624
2021-04-26 09:35:06,10006.1,60624
2021-04-26 09:35:07,10009.0,60628
2021-04-26 09:35:08,10004.35,60636
2021-04-26 09:35:09,10007.0,60656
2021-04-26 09:35:10,10005.0,60668
2021-04-26 09:35:11,10005.0,60668
2021-04-26 09:35:12,10006.8,60686
2021-04-26 09:35:13,10006.8,60686
2021-04-26 09:35:14,10006.8,60686
2021-04-26 09:35:15,10006.8,60686
2021-04-26 09:35:17,10006.8,60686
2021-04-26 09:35:18,10004.25,60690
2021-04-26 09:35:18,10004.25,60690
2021-04-26 09:35:20,10007.0,60706
2021-04-26 09:35:21,10007.0,60706
2021-04-26 09:35:22,10005.5,60708
2021-04-26 09:35:23,10005.5,60708
2021-04-26 09:35:24,10005.5,60716
2021-04-26 09:35:26,10005.5,60716
2021-04-26 09:35:27,10007.0,60717
2021-04-26 09:35:28,10007.0,60717
2021-04-26 09:35:28,10007.0,60717
2021-04-26 09:35:29,10007.0,60719
2021-04-26 09:35:30,10007.0,60719
2021-04-26 09:35:31,10009.65,60721
2021-04-26 09:35:32,10009.65,60721
2021-04-26 09:35:33,10005.55,60760
2021-04-26 09:35:34,10005.55,60760
2021-04-26 09:35:35,10005.55,60760
2021-04-26 09:35:36,10009.0,60761
2021-04-26 09:35:37,10009.0,60761
2021-04-26 09:35:38,10009.0,60761
2021-04-26 09:35:39,10005.6,60764
2021-04-26 09:35:41,10009.0,60772
2021-04-26 09:35:42,10009.0,60792
2021-04-26 09:35:43,10009.0,60792
2021-04-26 09:35:44,10009.0,60792
2021-04-26 09:35:45,10009.0,60792
2021-04-26 09:35:47,10009.0,60792
2021-04-26 09:35:49,10010.0,61405
2021-04-26 09:35:49,10007.5,61464
2021-04-26 09:35:50,10007.5,61464
2021-04-26 09:35:51,10007.5,61464
2021-04-26 09:35:52,10009.0,61494
2021-04-26 09:35:53,10009.0,61494
2021-04-26 09:35:55,10006.1,61496
2021-04-26 09:35:56,10006.1,61496
2021-04-26 09:35:57,10014.05,62304
2021-04-26 09:35:57,10009.2,62398
2021-04-26 09:35:58,10009.0,62400
2021-04-26 09:35:59,10013.3,62405
2021-04-26 09:36:00,10009.8,62407
2021-04-26 09:36:01,10014.0,62413
2021-04-26 09:36:02,10012.05,62424
2021-04-26 09:36:03,10012.05,62424
2021-04-26 09:36:04,10020.4,62888
2021-04-26 09:36:06,10020.0,63022
2021-04-26 09:36:07,10025.0,63024
2021-04-26 09:36:08,10024.0,63029
2021-04-26 09:36:09,10023.0,63067
2021-04-26 09:36:10,10023.0,63067
2021-04-26 09:36:11,10029.3,63119
2021-04-26 09:36:12,10022.85,63125
2021-04-26 09:36:13,10023.0,63126
2021-04-26 09:36:14,10025.75,63136
2021-04-26 09:36:16,10023.0,63205
2021-04-26 09:36:17,10023.0,63205
2021-04-26 09:36:17,10023.0,63205
2021-04-26 09:36:18,10020.0,63244
2021-04-26 09:36:19,10020.85,63261
2021-04-26 09:36:20,10025.7,63511
2021-04-26 09:36:21,10021.25,63576
2021-04-26 09:36:22,10021.0,63585
2021-04-26 09:36:23,10020.0,63587
2021-04-26 09:36:24,10016.0,63608
2021-04-26 09:36:27,10020.0,63610
2021-04-26 09:36:28,10012.05,63616
2021-04-26 09:36:28,10017.7,63666
2021-04-26 09:36:30,10015.75,63673
2021-04-26 09:36:31,10015.75,63673
2021-04-26 09:36:32,10015.1,63674
2021-04-26 09:36:33,10011.0,63759
2021-04-26 09:36:35,10009.0,63774
2021-04-26 09:36:36,10004.6,64301
2021-04-26 09:36:37,10002.9,64404
2021-04-26 09:36:37,10000.05,64535
2021-04-26 09:36:38,10003.15,64536
2021-04-26 09:36:39,10005.45,64689
2021-04-26 09:36:41,10001.05,64706
2021-04-26 09:36:42,10006.45,64707
2021-04-26 09:36:43,10006.45,64707
2021-04-26 09:36:43,10006.45,64707
2021-04-26 09:36:44,10006.1,64727
2021-04-26 09:36:46,10001.2,64834
2021-04-26 09:36:47,10004.3,64878
2021-04-26 09:36:48,10001.05,64883
2021-04-26 09:36:49,10001.05,64883
2021-04-26 09:36:50,10001.05,64883
2021-04-26 09:36:50,10001.05,64883
2021-04-26 09:36:51,10001.05,64883
2021-04-26 09:36:53,10011.25,64896
2021-04-26 09:36:55,10017.0,64905
2021-04-26 09:36:55,10017.0,64905
2021-04-26 09:36:56,10017.0,64905
2021-04-26 09:36:57,10017.1,64957
2021-04-26 09:36:59,10012.2,64958
2021-04-26 09:37:00,10012.2,64958
2021-04-26 09:37:01,10014.5,64959
2021-04-26 09:37:01,10015.0,64986
2021-04-26 09:37:02,10017.05,64999
2021-04-26 09:37:04,10015.85,65023
2021-04-26 09:37:05,10015.85,65023
2021-04-26 09:37:06,10015.0,65048
2021-04-26 09:37:06,10015.0,65048
2021-04-26 09:37:07,10015.2,65049
2021-04-26 09:37:09,10017.1,65054
2021-04-26 09:37:10,10017.0,65059
2021-04-26 09:37:11,10015.2,65076
2021-04-26 09:37:11,10015.2,65076
2021-04-26 09:37:12,10017.1,65079
2021-04-26 09:37:14,10018.0,65098
2021-04-26 09:37:15,10015.2,65104
2021-04-26 09:37:16,10018.0,65105
2021-04-26 09:37:16,10018.0,65105
2021-04-26 09:37:17,10018.0,65105
2021-04-26 09:37:18,10018.0,65110
2021-04-26 09:37:20,10017.65,65210
2021-04-26 09:37:21,10013.0,65261
2021-04-26 09:37:22,10013.0,65261
2021-04-26 09:37:22,10013.0,65261
2021-04-26 09:37:23,10016.6,65275
2021-04-26 09:37:25,10016.6,65275
2021-04-26 09:37:26,10020.0,65301
2021-04-26 09:37:27,10016.0,65311
2021-04-26 09:37:27,10016.0,65311
2021-04-26 09:37:28,10016.0,65314
2021-04-26 09:37:29,10016.0,65314
2021-04-26 09:37:31,10016.0,65314
2021-04-26 09:37:32,10021.0,65443
2021-04-26 09:37:33,10021.0,65480
2021-04-26 09:37:34,10021.0,65481
2021-04-26 09:37:34,10021.0,65481
2021-04-26 09:37:35,10020.0,65506
2021-04-26 09:37:36,10020.0,65506
2021-04-26 09:37:38,10020.0,65507
2021-04-26 09:37:39,10020.0,65507
2021-04-26 09:37:40,10020.0,65507
2021-04-26 09:37:41,10020.0,65507
2021-04-26 09:37:42,10016.85,65512
2021-04-26 09:37:43,10016.85,65512
2021-04-26 09:37:43,10016.85,65512
2021-04-26 09:37:44,10021.9,65563
2021-04-26 09:37:46,10016.9,65564
2021-04-26 09:37:47,10016.9,65564
2021-04-26 09:37:49,10016.9,65564
2021-04-26 09:37:50,10016.9,65564
2021-04-26 09:37:51,10018.65,65566
2021-04-26 09:37:52,10017.2,65571
2021-04-26 09:37:53,10017.2,65571
2021-04-26 09:37:54,10018.65,65575
2021-04-26 09:37:55,10018.65,65575
2021-04-26 09:37:56,10018.65,65577
2021-04-26 09:37:56,10018.65,65577
2021-04-26 09:37:57,10016.85,65619
2021-04-26 09:37:59,10016.85,65619
2021-04-26 09:38:00,10018.65,65629
2021-04-26 09:38:01,10018.65,65629
2021-04-26 09:38:02,10018.65,65629
2021-04-26 09:38:03,10018.65,65629
2021-04-26 09:38:04,10019.9,65630
2021-04-26 09:38:04,10019.9,65630
2021-04-26 09:38:05,10021.5,65706
2021-04-26 09:38:07,10019.45,65738
2021-04-26 09:38:08,10019.45,65738
2021-04-26 09:38:09,10017.85,65817
2021-04-26 09:38:10,10016.65,65836
2021-04-26 09:38:10,10016.65,65836
2021-04-26 09:38:11,10018.0,65846
2021-04-26 09:38:12,10018.0,65846
2021-04-26 09:38:15,10015.3,65847
2021-04-26 09:38:16,10022.0,66251
2021-04-26 09:38:17,10017.0,66254
2021-04-26 09:38:18,10012.05,66292
2021-04-26 09:38:18,10012.05,66282
2021-04-26 09:38:22,10010.5,66385
2021-04-26 09:38:23,10015.3,66386
2021-04-26 09:38:24,10008.65,66388
2021-04-26 09:38:24,10008.65,66388
2021-04-26 09:38:25,10010.5,66399
2021-04-26 09:38:27,10010.5,66399
2021-04-26 09:38:28,10013.95,66400
2021-04-26 09:38:29,10008.0,66451
2021-04-26 09:38:29,10008.0,66451
2021-04-26 09:38:30,10005.0,66612
2021-04-26 09:38:31,10006.15,66630
2021-04-26 09:38:33,10006.15,66631
2021-04-26 09:38:34,10006.15,66633
2021-04-26 09:38:35,10003.05,66673
2021-04-26 09:38:35,10003.05,66682
2021-04-26 09:38:36,10002.3,66717
2021-04-26 09:38:37,10006.0,66718
2021-04-26 09:38:39,10006.0,66718
2021-04-26 09:38:40,10006.0,66718
2021-04-26 09:38:41,10006.0,66718
2021-04-26 09:38:41,10006.0,66718
2021-04-26 09:38:42,10006.0,66718
2021-04-26 09:38:44,10006.0,66718
2021-04-26 09:38:45,10002.0,66723
2021-04-26 09:38:46,10002.0,66723
2021-04-26 09:38:48,10002.0,66764
2021-04-26 09:38:48,10002.0,66764
2021-04-26 09:38:50,10006.0,66797
2021-04-26 09:38:52,10006.0,66839
2021-04-26 09:38:53,10006.0,66840
2021-04-26 09:38:54,10011.8,66842
2021-04-26 09:38:54,10011.8,66842
2021-04-26 09:38:56,10011.8,66842
2021-04-26 09:38:58,10006.0,66849
2021-04-26 09:38:59,10006.0,66849
2021-04-26 09:39:00,10006.0,66858
2021-04-26 09:39:00,10006.0,66858
2021-04-26 09:39:02,10011.65,66873
2021-04-26 09:39:03,10011.65,66874
2021-04-26 09:39:04,10006.95,66896
2021-04-26 09:39:05,10006.95,66896
2021-04-26 09:39:05,10006.95,66896
2021-04-26 09:39:06,10004.4,67363
2021-04-26 09:39:08,10003.0,67397
2021-04-26 09:39:09,10002.0,67445
2021-04-26 09:39:10,10004.4,67446
2021-04-26 09:39:11,10008.25,67458
2021-04-26 09:39:11,10008.25,67458
2021-04-26 09:39:12,10008.25,67458
2021-04-26 09:39:15,10010.55,67468
2021-04-26 09:39:16,10009.25,67471
2021-04-26 09:39:17,10009.25,67471
2021-04-26 09:39:17,10009.25,67471
2021-04-26 09:39:19,10009.25,67471
2021-04-26 09:39:20,10009.25,67471
2021-04-26 09:39:21,10011.0,67546
2021-04-26 09:39:22,10007.0,67548
2021-04-26 09:39:22,10007.0,67548
2021-04-26 09:39:24,10008.15,67552
2021-04-26 09:39:25,10008.15,67552
2021-04-26 09:39:26,10011.0,67616
2021-04-26 09:39:27,10011.0,67616
2021-04-26 09:39:30,10009.15,67617
2021-04-26 09:39:31,10009.15,67617
2021-04-26 09:39:32,10008.15,67620
2021-04-26 09:39:32,10008.25,67627
2021-04-26 09:39:33,10008.25,67627
2021-04-26 09:39:35,10008.25,67627
2021-04-26 09:39:36,10013.05,67650
2021-04-26 09:39:37,10013.85,67654
2021-04-26 09:39:38,10011.0,67665
2021-04-26 09:39:39,10013.95,67709
2021-04-26 09:39:40,10013.95,67709
2021-04-26 09:39:41,10012.0,67719
2021-04-26 09:39:42,10012.0,67769
2021-04-26 09:39:43,10012.0,67769
2021-04-26 09:39:45,10015.0,67770
2021-04-26 09:39:47,10015.3,67792
2021-04-26 09:39:48,10015.3,67792
2021-04-26 09:39:49,10015.3,67792
2021-04-26 09:39:50,10012.3,67813
2021-04-26 09:39:51,10016.6,67822
2021-04-26 09:39:51,10016.6,67822
2021-04-26 09:39:52,10016.6,67822
2021-04-26 09:39:54,10016.6,67822
2021-04-26 09:39:55,10016.6,67822
2021-04-26 09:39:56,10015.0,67848
2021-04-26 09:39:57,10018.0,67850
2021-04-26 09:39:58,10015.3,67856
2021-04-26 09:39:59,10015.3,67856
2021-04-26 09:39:59,10015.3,67856
2021-04-26 09:40:01,10015.0,67867
2021-04-26 09:40:02,10009.7,67868
2021-04-26 09:40:03,10008.25,67877
2021-04-26 09:40:04,10008.45,67893
2021-04-26 09:40:04,10010.85,67895
2021-04-26 09:40:06,10010.85,67896
2021-04-26 09:40:07,10010.85,67896
2021-04-26 09:40:08,10008.25,67907
2021-04-26 09:40:10,10008.0,67937
2021-04-26 09:40:11,10009.0,67939
2021-04-26 09:40:12,10012.05,67953
2021-04-26 09:40:12,10012.05,67953
2021-04-26 09:40:13,10012.05,67953
2021-04-26 09:40:14,10008.05,67955
2021-04-26 09:40:15,10007.1,68010
2021-04-26 09:40:16,10007.1,68010
2021-04-26 09:40:17,10010.75,68015
2021-04-26 09:40:19,10010.75,68015
2021-04-26 09:40:20,10010.75,68015
2021-04-26 09:40:21,10010.75,68018
2021-04-26 09:40:22,10010.75,68018
2021-04-26 09:40:22,10010.75,68018
2021-04-26 09:40:24,10007.0,68057
2021-04-26 09:40:25,10007.0,68057
2021-04-26 09:40:26,10007.0,68057
2021-04-26 09:40:27,10007.0,68057
2021-04-26 09:40:28,10010.75,68075
2021-04-26 09:40:28,10010.75,68075
2021-04-26 09:40:31,10011.3,68078
2021-04-26 09:40:32,10011.3,68078
2021-04-26 09:40:33,10011.3,68078
2021-04-26 09:40:34,10011.3,68078
2021-04-26 09:40:35,10011.3,68078
2021-04-26 09:40:36,10015.0,68131
2021-04-26 09:40:36,10015.0,68131
2021-04-26 09:40:38,10015.0,68178
2021-04-26 09:40:39,10015.05,68183
2021-04-26 09:40:40,10010.75,68194
2021-04-26 09:40:41,10010.75,68194
2021-04-26 09:40:42,10010.75,68195
2021-04-26 09:40:43,10010.75,68195
2021-04-26 09:40:44,10010.75,68195
2021-04-26 09:40:45,10015.05,68198
2021-04-26 09:40:46,10015.05,68198
2021-04-26 09:40:47,10015.05,68198
2021-04-26 09:40:48,10011.0,68210
2021-04-26 09:40:48,10011.0,68210
2021-04-26 09:40:49,10011.0,68210
2021-04-26 09:40:51,10011.0,68210
2021-04-26 09:40:52,10011.0,68210
2021-04-26 09:40:54,10018.0,68317
2021-04-26 09:40:55,10015.15,68320
2021-04-26 09:40:56,10015.15,68320
2021-04-26 09:40:57,10015.15,68320
2021-04-26 09:40:58,10015.15,68320
2021-04-26 09:40:59,10015.15,68320
2021-04-26 09:41:00,10015.15,68320
2021-04-26 09:41:01,10015.15,68320
2021-04-26 09:41:02,10015.15,68320
2021-04-26 09:41:03,10024.0,69059
2021-04-26 09:41:04,10021.0,69111
2021-04-26 09:41:05,10025.0,69191
2021-04-26 09:41:06,10022.25,69192
2021-04-26 09:41:07,10022.25,69192
2021-04-26 09:41:08,10025.75,69193
2021-04-26 09:41:09,10025.75,69198
2021-04-26 09:41:10,10025.75,69198
2021-04-26 09:41:11,10025.75,69198
2021-04-26 09:41:12,10025.0,69203
2021-04-26 09:41:13,10025.0,69203
2021-04-26 09:41:14,10025.0,69203
2021-04-26 09:41:15,10025.0,69206
2021-04-26 09:41:16,10025.0,69250
2021-04-26 09:41:17,10020.4,69252
2021-04-26 09:41:18,10020.4,69252
2021-04-26 09:41:19,10022.75,69278
2021-04-26 09:41:20,10022.75,69278
2021-04-26 09:41:21,10020.1,69284
2021-04-26 09:41:22,10020.1,69284
2021-04-26 09:41:23,10020.6,69285
2021-04-26 09:41:24,10025.0,69295
2021-04-26 09:41:25,10025.0,69295
2021-04-26 09:41:26,10020.0,69297
2021-04-26 09:41:27,10019.0,69298
2021-04-26 09:41:28,10021.85,69304
2021-04-26 09:41:29,10022.9,69340
2021-04-26 09:41:30,10017.75,69344
2021-04-26 09:41:31,10020.1,69356
2021-04-26 09:41:32,10020.1,69356
2021-04-26 09:41:33,10022.5,69413
2021-04-26 09:41:34,10016.9,69416
2021-04-26 09:41:35,10016.9,69416
2021-04-26 09:41:36,10018.95,69420
2021-04-26 09:41:37,10015.0,69487
2021-04-26 09:41:38,10013.6,69488
2021-04-26 09:41:40,10013.6,69491
2021-04-26 09:41:42,10010.85,69501
2021-04-26 09:41:43,10015.85,69547
2021-04-26 09:41:44,10010.9,69603
2021-04-26 09:41:45,10015.9,69606
2021-04-26 09:41:46,10015.9,69606
2021-04-26 09:41:47,10010.8,69623
2021-04-26 09:41:48,10011.6,69707
2021-04-26 09:41:49,10013.45,69712
2021-04-26 09:41:50,10013.45,69714
2021-04-26 09:41:51,10010.85,69719
2021-04-26 09:41:52,10010.0,69720
2021-04-26 09:41:53,10015.4,69725
2021-04-26 09:41:54,10015.4,69725
2021-04-26 09:41:55,10015.4,69725
2021-04-26 09:41:56,10015.4,69725
2021-04-26 09:41:57,10013.45,69726
2021-04-26 09:41:58,10018.95,69760
2021-04-26 09:41:59,10017.0,69765
2021-04-26 09:42:00,10017.0,69765
2021-04-26 09:42:01,10015.35,69766
2021-04-26 09:42:02,10015.35,69766
2021-04-26 09:42:04,10015.35,69766
2021-04-26 09:42:05,10015.35,69766
2021-04-26 09:42:06,10015.35,69766
2021-04-26 09:42:07,10026.0,70609
2021-04-26 09:42:08,10026.85,70713
2021-04-26 09:42:09,10022.1,70733
2021-04-26 09:42:10,10022.1,70733
2021-04-26 09:42:12,10026.7,70753
2021-04-26 09:42:14,10029.85,70863
2021-04-26 09:42:15,10022.95,70873
2021-04-26 09:42:16,10026.35,70892
2021-04-26 09:42:17,10026.35,70892
2021-04-26 09:42:18,10026.35,70893
2021-04-26 09:42:19,10026.35,70893
2021-04-26 09:42:20,10026.35,70895
2021-04-26 09:42:21,10026.35,70895
2021-04-26 09:42:22,10026.35,70895
2021-04-26 09:42:23,10023.0,70947
2021-04-26 09:42:24,10026.35,71009
2021-04-26 09:42:25,10024.2,71022
2021-04-26 09:42:26,10024.2,71022
2021-04-26 09:42:27,10026.3,71031
2021-04-26 09:42:28,10026.3,71032
2021-04-26 09:42:29,10026.3,71037
2021-04-26 09:42:30,10026.3,71037
2021-04-26 09:42:31,10026.0,71039
2021-04-26 09:42:32,10026.0,71039
2021-04-26 09:42:33,10026.0,71039
2021-04-26 09:42:34,10025.0,71041
2021-04-26 09:42:35,10025.0,71049
2021-04-26 09:42:36,10025.0,71051
2021-04-26 09:42:37,10025.0,71051
2021-04-26 09:42:39,10030.0,71420
2021-04-26 09:42:40,10032.95,71495
2021-04-26 09:42:41,10033.6,71588
2021-04-26 09:42:42,10033.6,71588
2021-04-26 09:42:43,10028.65,71593
2021-04-26 09:42:44,10033.8,71620
2021-04-26 09:42:45,10033.6,71646
2021-04-26 09:42:46,10027.6,71653
2021-04-26 09:42:48,10031.1,71663
2021-04-26 09:42:49,10031.1,71663
2021-04-26 09:42:50,10033.75,71680
2021-04-26 09:42:51,10033.75,71680
2021-04-26 09:42:52,10033.0,71682
2021-04-26 09:42:53,10026.8,71699
2021-04-26 09:42:54,10026.8,71699
2021-04-26 09:42:56,10029.75,71722
2021-04-26 09:42:57,10026.35,71753
2021-04-26 09:42:58,10032.1,71758
2021-04-26 09:42:59,10027.85,71768
2021-04-26 09:43:00,10033.75,71818
2021-04-26 09:43:01,10028.45,71845
2021-04-26 09:43:02,10028.45,71845
2021-04-26 09:43:03,10028.45,71845
2021-04-26 09:43:04,10026.8,71945
2021-04-26 09:43:05,10030.0,71975
2021-04-26 09:43:06,10030.1,71986
2021-04-26 09:43:07,10026.4,71987
2021-04-26 09:43:08,10026.6,71991
2021-04-26 09:43:09,10026.4,71993
2021-04-26 09:43:10,10026.35,72018
2021-04-26 09:43:11,10027.15,72021
2021-04-26 09:43:13,10027.15,72021
2021-04-26 09:43:14,10027.15,72031
2021-04-26 09:43:15,10021.3,72147
2021-04-26 09:43:16,10024.2,72151
2021-04-26 09:43:17,10024.2,72152
2021-04-26 09:43:18,10024.2,72152
2021-04-26 09:43:19,10028.0,72253
2021-04-26 09:43:20,10023.85,72261
2021-04-26 09:43:21,10023.85,72285
2021-04-26 09:43:22,10026.0,72290
2021-04-26 09:43:23,10025.5,72302
2021-04-26 09:43:24,10025.5,72302
2021-04-26 09:43:26,10028.3,72342
2021-04-26 09:43:26,10028.3,72342
2021-04-26 09:43:27,10028.3,72342
2021-04-26 09:43:28,10028.3,72342
2021-04-26 09:43:29,10030.0,72343
2021-04-26 09:43:30,10025.75,72353
2021-04-26 09:43:31,10029.95,72589
2021-04-26 09:43:32,10031.3,72643
2021-04-26 09:43:34,10035.5,72653
2021-04-26 09:43:34,10035.5,72653
2021-04-26 09:43:35,10030.8,72787
2021-04-26 09:43:36,10039.0,72937
2021-04-26 09:43:37,10039.0,72948
2021-04-26 09:43:38,10037.5,72964
2021-04-26 09:43:40,10040.0,73052
2021-04-26 09:43:40,10042.0,73098
2021-04-26 09:43:41,10041.95,73100
2021-04-26 09:43:42,10049.9,73387
2021-04-26 09:43:43,10043.05,73400
2021-04-26 09:43:45,10037.7,73670
2021-04-26 09:43:46,10030.0,73752
2021-04-26 09:43:48,10035.25,74147
2021-04-26 09:43:49,10041.25,74170
2021-04-26 09:43:51,10047.55,74326
2021-04-26 09:43:51,10047.55,74326
2021-04-26 09:43:52,10046.25,74328
2021-04-26 09:43:54,10049.95,74483
2021-04-26 09:43:55,10047.55,74543
2021-04-26 09:43:56,10046.6,74603
2021-04-26 09:43:57,10052.0,75277
2021-04-26 09:43:58,10050.7,75445
2021-04-26 09:43:59,10050.0,75626
2021-04-26 09:44:01,10055.0,75739
2021-04-26 09:44:01,10055.0,75739
2021-04-26 09:44:02,10057.9,75806
2021-04-26 09:44:03,10056.7,75809
2021-04-26 09:44:04,10058.9,75860
2021-04-26 09:44:05,10052.0,75898
2021-04-26 09:44:07,10053.95,75998
2021-04-26 09:44:07,10053.95,75998
2021-04-26 09:44:08,10053.95,75998
2021-04-26 09:44:09,10057.4,76046
2021-04-26 09:44:10,10055.0,76057
2021-04-26 09:44:11,10055.0,76057
2021-04-26 09:44:13,10056.0,76122
2021-04-26 09:44:13,10056.0,76122
2021-04-26 09:44:14,10056.0,76162
2021-04-26 09:44:15,10050.0,76182
2021-04-26 09:44:16,10055.0,76207
2021-04-26 09:44:17,10054.8,76208
2021-04-26 09:44:18,10055.0,76209
2021-04-26 09:44:19,10055.0,76229
2021-04-26 09:44:20,10055.0,76238
2021-04-26 09:44:22,10053.5,76278
2021-04-26 09:44:24,10050.0,76383
2021-04-26 09:44:24,10050.0,76383
2021-04-26 09:44:25,10050.15,76391
2021-04-26 09:44:26,10050.35,76411
2021-04-26 09:44:27,10053.0,76443
2021-04-26 09:44:28,10054.5,76444
2021-04-26 09:44:29,10050.0,76445
2021-04-26 09:44:31,10050.0,76465
2021-04-26 09:44:32,10050.35,76470
2021-04-26 09:44:32,10050.35,76470
2021-04-26 09:44:33,10050.0,76529
2021-04-26 09:44:35,10050.2,76581
2021-04-26 09:44:36,10050.0,76591
2021-04-26 09:44:38,10045.35,76782
2021-04-26 09:44:38,10049.75,76799
2021-04-26 09:44:39,10047.5,76806
2021-04-26 09:44:40,10045.35,76835
2021-04-26 09:44:41,10045.35,76835
2021-04-26 09:44:42,10043.45,76910
2021-04-26 09:44:43,10043.5,76926
2021-04-26 09:44:44,10044.25,76928
2021-04-26 09:44:45,10042.4,76953
2021-04-26 09:44:46,10045.55,76964
2021-04-26 09:44:47,10045.0,76983
2021-04-26 09:44:49,10044.25,76989
2021-04-26 09:44:49,10044.25,76989
2021-04-26 09:44:50,10045.0,76990
2021-04-26 09:44:51,10040.6,77043
2021-04-26 09:44:52,10040.6,77043
2021-04-26 09:44:53,10043.85,77048
2021-04-26 09:44:54,10043.85,77054
2021-04-26 09:44:55,10041.3,77074
2021-04-26 09:44:56,10042.4,77085
2021-04-26 09:44:57,10040.7,77087
2021-04-26 09:44:59,10045.0,77127
2021-04-26 09:45:00,10042.85,77129
2021-04-26 09:45:01,10049.0,77222
2021-04-26 09:45:02,10049.0,77222
2021-04-26 09:45:02,10049.0,77222
2021-04-26 09:45:03,10045.25,77229
2021-04-26 09:45:04,10045.25,77229
2021-04-26 09:45:05,10050.0,77260
2021-04-26 09:45:07,10050.0,77260
2021-04-26 09:45:08,10049.0,77262
2021-04-26 09:45:09,10048.0,77529
2021-04-26 09:45:11,10050.0,77592
2021-04-26 09:45:11,10050.0,77592
2021-04-26 09:45:12,10048.0,77593
2021-04-26 09:45:13,10046.0,77668
2021-04-26 09:45:14,10046.0,77668
2021-04-26 09:45:16,10046.0,77668
2021-04-26 09:45:17,10049.0,77671
2021-04-26 09:45:18,10048.75,77682
2021-04-26 09:45:19,10048.75,77685
2021-04-26 09:45:21,10048.75,77690
2021-04-26 09:45:23,10048.75,77691
2021-04-26 09:45:24,10048.75,77691
2021-04-26 09:45:25,10048.75,77691
2021-04-26 09:45:26,10050.0,77712
2021-04-26 09:45:27,10049.0,77732
2021-04-26 09:45:28,10049.5,77747
2021-04-26 09:45:29,10049.0,77748
2021-04-26 09:45:31,10046.65,77791
2021-04-26 09:45:32,10049.9,77801
2021-04-26 09:45:33,10046.35,77803
2021-04-26 09:45:36,10049.0,77910
2021-04-26 09:45:37,10049.0,77910
2021-04-26 09:45:37,10049.0,77910
2021-04-26 09:45:38,10046.6,77930
2021-04-26 09:45:39,10049.5,77932
2021-04-26 09:45:41,10053.85,78434
2021-04-26 09:45:42,10050.05,78440
2021-04-26 09:45:43,10050.0,78493
2021-04-26 09:45:44,10054.05,78507
2021-04-26 09:45:45,10054.05,78507
2021-04-26 09:45:45,10054.05,78507
2021-04-26 09:45:46,10054.3,78509
2021-04-26 09:45:47,10051.2,78536
2021-04-26 09:45:48,10051.25,78553
2021-04-26 09:45:50,10051.2,78554
2021-04-26 09:45:51,10051.2,78554
2021-04-26 09:45:52,10051.2,78554
2021-04-26 09:45:53,10051.6,78575
2021-04-26 09:45:54,10050.1,78625
2021-04-26 09:45:55,10051.0,78627
2021-04-26 09:45:56,10051.0,78640
2021-04-26 09:45:57,10050.05,78657
2021-04-26 09:45:58,10050.05,78657
2021-04-26 09:45:59,10051.2,78658
2021-04-26 09:46:00,10046.25,78659
2021-04-26 09:46:01,10051.2,78709
2021-04-26 09:46:02,10050.0,78724
2021-04-26 09:46:04,10046.25,78745
2021-04-26 09:46:05,10048.0,78813
2021-04-26 09:46:06,10048.0,78813
2021-04-26 09:46:07,10048.0,78845
2021-04-26 09:46:07,10048.0,78845
2021-04-26 09:46:08,10045.95,78903
2021-04-26 09:46:09,10045.95,78903
2021-04-26 09:46:10,10045.95,78903
2021-04-26 09:46:12,10049.1,78907
2021-04-26 09:46:13,10049.1,78907
2021-04-26 09:46:14,10046.0,79007
2021-04-26 09:46:14,10046.0,79007
2021-04-26 09:46:15,10046.0,79007
2021-04-26 09:46:16,10046.0,79013
2021-04-26 09:46:17,10043.85,79063
2021-04-26 09:46:18,10043.85,79067
2021-04-26 09:46:19,10047.6,79069
2021-04-26 09:46:21,10047.6,79073
2021-04-26 09:46:22,10043.85,79083
2021-04-26 09:46:22,10042.0,79108
2021-04-26 09:46:23,10047.0,79111
2021-04-26 09:46:25,10045.5,79116
2021-04-26 09:46:26,10040.1,79161
2021-04-26 09:46:28,10039.9,79876
2021-04-26 09:46:28,10034.1,80159
2021-04-26 09:46:30,10039.6,80335
2021-04-26 09:46:31,10033.15,80352
2021-04-26 09:46:34,10034.05,80355
2021-04-26 09:46:35,10034.05,80355
2021-04-26 09:46:35,10033.1,80357
2021-04-26 09:46:36,10033.1,80357
2021-04-26 09:46:37,10034.85,80359
2021-04-26 09:46:38,10034.85,80359
2021-04-26 09:46:39,10034.85,80359
2021-04-26 09:46:40,10035.35,80362
2021-04-26 09:46:41,10039.9,80365
2021-04-26 09:46:43,10035.45,80376
2021-04-26 09:46:45,10038.0,80377
2021-04-26 09:46:46,10038.0,80378
2021-04-26 09:46:47,10038.0,80378
2021-04-26 09:46:48,10038.0,80381
2021-04-26 09:46:49,10038.0,80381
2021-04-26 09:46:50,10035.5,80382
2021-04-26 09:46:51,10039.85,80398
2021-04-26 09:46:53,10039.85,80398
2021-04-26 09:46:54,10039.85,80398
2021-04-26 09:46:55,10039.85,80398
2021-04-26 09:46:56,10039.85,80398
2021-04-26 09:46:57,10039.85,80399
2021-04-26 09:46:58,10039.85,80399
2021-04-26 09:46:59,10039.85,80399
2021-04-26 09:46:59,10039.85,80399
2021-04-26 09:47:00,10039.85,80399
2021-04-26 09:47:01,10038.75,80400
2021-04-26 09:47:02,10038.75,80400
2021-04-26 09:47:03,10038.75,80405
2021-04-26 09:47:04,10039.85,80407
2021-04-26 09:47:05,10039.85,80407
2021-04-26 09:47:06,10038.75,80408
2021-04-26 09:47:07,10039.85,80410
2021-04-26 09:47:08,10039.85,80411
2021-04-26 09:47:10,10039.85,80411
2021-04-26 09:47:13,10042.8,80480
2021-04-26 09:47:15,10042.8,80480
2021-04-26 09:47:16,10040.0,80483
2021-04-26 09:47:18,10040.0,80483
2021-04-26 09:47:19,10040.0,80483
2021-04-26 09:47:20,10040.0,80483
2021-04-26 09:47:21,10040.0,80483
2021-04-26 09:47:22,10041.4,80485
2021-04-26 09:47:23,10039.95,80502
2021-04-26 09:47:24,10039.85,80504
2021-04-26 09:47:25,10039.85,80529
2021-04-26 09:47:26,10039.85,80529
2021-04-26 09:47:27,10039.85,80529
2021-04-26 09:47:28,10039.95,80559
2021-04-26 09:47:29,10039.95,80559
2021-04-26 09:47:30,10039.95,80559
2021-04-26 09:47:31,10039.95,80559
2021-04-26 09:47:32,10039.95,80559
2021-04-26 09:47:33,10038.75,80671
2021-04-26 09:47:34,10039.9,80677
2021-04-26 09:47:35,10039.35,80687
2021-04-26 09:47:35,10038.75,80688
2021-04-26 09:47:36,10038.75,80688
2021-04-26 09:47:37,10039.95,80741
2021-04-26 09:47:38,10039.95,80741
2021-04-26 09:47:39,10039.95,80741
2021-04-26 09:47:40,10039.95,80741
2021-04-26 09:47:42,10045.0,80885
2021-04-26 09:47:43,10045.0,80885
2021-04-26 09:47:45,10040.05,80886
2021-04-26 09:47:46,10040.05,80886
2021-04-26 09:47:46,10040.05,80886
2021-04-26 09:47:47,10040.05,80886
2021-04-26 09:47:48,10040.05,80886
2021-04-26 09:47:50,10040.05,80886
2021-04-26 09:47:51,10040.05,80886
2021-04-26 09:47:52,10040.05,80886
2021-04-26 09:47:53,10040.05,80886
2021-04-26 09:47:54,10042.55,80887
2021-04-26 09:47:55,10042.55,80907
2021-04-26 09:47:56,10044.0,80908
2021-04-26 09:47:57,10043.0,80910
2021-04-26 09:47:58,10045.0,80915
2021-04-26 09:47:59,10045.0,80915
2021-04-26 09:48:00,10043.0,80944
2021-04-26 09:48:01,10040.75,80946
2021-04-26 09:48:02,10043.0,80951
2021-04-26 09:48:03,10043.0,80951
2021-04-26 09:48:04,10043.0,80951
2021-04-26 09:48:05,10043.0,80951
2021-04-26 09:48:06,10045.0,80952
2021-04-26 09:48:07,10045.0,80952
2021-04-26 09:48:08,10045.0,80953
2021-04-26 09:48:09,10045.0,80953
2021-04-26 09:48:09,10045.0,80953
2021-04-26 09:48:10,10045.0,80953
2021-04-26 09:48:11,10044.95,80973
2021-04-26 09:48:12,10043.0,80976
2021-04-26 09:48:13,10043.0,80976
2021-04-26 09:48:14,10043.0,80976
2021-04-26 09:48:15,10043.0,80977
2021-04-26 09:48:17,10043.0,80977
2021-04-26 09:48:19,10043.0,80977
2021-04-26 09:48:20,10043.0,80985
2021-04-26 09:48:21,10043.0,80985
2021-04-26 09:48:22,10043.0,81016
2021-04-26 09:48:23,10040.7,81027
2021-04-26 09:48:24,10040.2,81028
2021-04-26 09:48:26,10040.2,81028
2021-04-26 09:48:27,10040.2,81028
2021-04-26 09:48:28,10040.2,81028
2021-04-26 09:48:29,10044.45,81030
2021-04-26 09:48:30,10045.0,81149
2021-04-26 09:48:31,10045.0,81149
2021-04-26 09:48:32,10042.3,81170
2021-04-26 09:48:33,10042.3,81170
2021-04-26 09:48:34,10042.3,81170
2021-04-26 09:48:35,10042.3,81170
2021-04-26 09:48:36,10042.15,81180
2021-04-26 09:48:37,10042.15,81182
2021-04-26 09:48:38,10042.15,81182
2021-04-26 09:48:39,10042.15,81182
2021-04-26 09:48:40,10042.15,81182
2021-04-26 09:48:41,10045.0,81232
2021-04-26 09:48:43,10040.05,81244
2021-04-26 09:48:44,10040.1,81246
2021-04-26 09:48:45,10044.95,81416
2021-04-26 09:48:46,10040.0,81681
2021-04-26 09:48:47,10039.95,81747
2021-04-26 09:48:48,10040.0,81752
2021-04-26 09:48:49,10042.65,81764
2021-04-26 09:48:50,10042.65,81764
2021-04-26 09:48:52,10042.35,81765
2021-04-26 09:48:53,10042.35,81765
2021-04-26 09:48:54,10040.0,81767
2021-04-26 09:48:54,10040.0,81767
2021-04-26 09:48:55,10040.0,81767
2021-04-26 09:48:56,10043.4,81787
2021-04-26 09:48:58,10041.05,81798
2021-04-26 09:48:59,10041.05,81798
2021-04-26 09:49:00,10041.05,81798
2021-04-26 09:49:01,10050.0,82853
2021-04-26 09:49:02,10044.0,82959
2021-04-26 09:49:03,10043.35,83047
2021-04-26 09:49:04,10050.0,83115
2021-04-26 09:49:05,10050.2,83132
2021-04-26 09:49:06,10050.2,83132
2021-04-26 09:49:07,10050.2,83132
2021-04-26 09:49:08,10050.2,83132
2021-04-26 09:49:09,10053.0,83564
2021-04-26 09:49:10,10050.2,83643
2021-04-26 09:49:11,10050.2,83643
2021-04-26 09:49:12,10053.0,83668
2021-04-26 09:49:13,10053.0,83671
2021-04-26 09:49:14,10053.0,83671
2021-04-26 09:49:14,10053.0,83671
2021-04-26 09:49:15,10050.2,83676
2021-04-26 09:49:16,10050.2,83676
2021-04-26 09:49:17,10050.2,83676
2021-04-26 09:49:18,10051.0,83802
2021-04-26 09:49:19,10051.0,83802
2021-04-26 09:49:20,10043.2,83832
2021-04-26 09:49:21,10043.2,83833
2021-04-26 09:49:25,10053.45,83836
2021-04-26 09:49:26,10053.45,83836
2021-04-26 09:49:27,10054.55,83846
2021-04-26 09:49:28,10050.2,83850
2021-04-26 09:49:29,10050.2,83868
2021-04-26 09:49:30,10050.2,83868
2021-04-26 09:49:32,10044.5,84601
2021-04-26 09:49:33,10044.5,84614
2021-04-26 09:49:34,10045.2,85014
2021-04-26 09:49:35,10044.5,85030
2021-04-26 09:49:35,10043.0,85031
2021-04-26 09:49:36,10041.45,85042
2021-04-26 09:49:38,10041.4,85076
2021-04-26 09:49:40,10041.05,85078
2021-04-26 09:49:39,10041.05,85078
2021-04-26 09:49:41,10041.45,85081
2021-04-26 09:49:42,10041.45,85081
2021-04-26 09:49:43,10041.45,85081
2021-04-26 09:49:44,10041.45,85081
2021-04-26 09:49:44,10041.45,85081
2021-04-26 09:49:45,10041.45,85081
2021-04-26 09:49:46,10041.65,85095
2021-04-26 09:49:47,10041.65,85095
2021-04-26 09:49:48,10035.7,85873
2021-04-26 09:49:50,10030.25,85893
2021-04-26 09:49:51,10025.0,85946
2021-04-26 09:49:52,10025.0,86064
2021-04-26 09:49:53,10025.0,86064
2021-04-26 09:49:54,10025.75,86070
2021-04-26 09:49:55,10025.75,86070
2021-04-26 09:49:56,10025.75,86070
2021-04-26 09:49:57,10024.6,86121
2021-04-26 09:49:58,10024.6,86121
2021-04-26 09:49:59,10022.0,86236
2021-04-26 09:50:00,10022.2,86274
2021-04-26 09:50:01,10027.45,86275
2021-04-26 09:50:02,10023.5,86276
2021-04-26 09:50:03,10025.75,86281
2021-04-26 09:50:03,10025.75,86281
2021-04-26 09:50:05,10022.5,86301
2021-04-26 09:50:06,10026.75,86317
2021-04-26 09:50:07,10026.75,86317
2021-04-26 09:50:08,10026.75,86317
2021-04-26 09:50:09,10026.75,86317
2021-04-26 09:50:10,10022.2,86344
2021-04-26 09:50:11,10023.8,86345
2021-04-26 09:50:14,10022.2,86355
2021-04-26 09:50:15,10023.8,86356
2021-04-26 09:50:16,10021.15,86414
2021-04-26 09:50:17,10021.05,86429
2021-04-26 09:50:18,10026.0,86479
2021-04-26 09:50:19,10026.0,86479
2021-04-26 09:50:20,10020.1,86530
2021-04-26 09:50:21,10025.25,86542
2021-04-26 09:50:22,10025.25,86542
2021-04-26 09:50:23,10023.5,86673
2021-04-26 09:50:24,10023.5,86673
2021-04-26 09:50:27,10020.1,86836
2021-04-26 09:50:27,10021.45,86837
2021-04-26 09:50:31,10021.45,86866
2021-04-26 09:50:32,10021.45,86887
2021-04-26 09:50:33,10021.45,86887
2021-04-26 09:50:34,10021.45,86887
2021-04-26 09:50:36,10025.0,86902
2021-04-26 09:50:37,10025.0,86902
2021-04-26 09:50:38,10024.95,86906
2021-04-26 09:50:39,10026.95,86908
2021-04-26 09:50:39,10026.95,86908
2021-04-26 09:50:41,10026.95,86908
2021-04-26 09:50:42,10026.95,86908
2021-04-26 09:50:43,10027.0,86927
2021-04-26 09:50:44,10027.0,86927
2021-04-26 09:50:45,10027.0,86927
2021-04-26 09:50:46,10027.0,86927
2021-04-26 09:50:47,10024.2,86928
2021-04-26 09:50:48,10024.2,86928
2021-04-26 09:50:49,10024.2,86928
2021-04-26 09:50:50,10027.0,86929
2021-04-26 09:50:50,10024.2,86928
2021-04-26 09:50:51,10027.0,86929
2021-04-26 09:50:52,10030.0,86939
2021-04-26 09:50:53,10030.0,86939
2021-04-26 09:50:54,10030.0,86939
2021-04-26 09:50:55,10030.0,86939
2021-04-26 09:50:56,10030.0,86939
2021-04-26 09:50:58,10026.6,86955
2021-04-26 09:50:59,10026.6,86955
2021-04-26 09:51:00,10024.4,86975
2021-04-26 09:51:01,10024.4,86975
2021-04-26 09:51:03,10026.05,86987
2021-04-26 09:51:04,10023.0,87020
2021-04-26 09:51:05,10023.0,87020
2021-04-26 09:51:06,10023.0,87037
2021-04-26 09:51:07,10029.8,87050
2021-04-26 09:51:08,10030.0,87065
2021-04-26 09:51:09,10030.0,87065
2021-04-26 09:51:10,10030.0,87065
2021-04-26 09:51:11,10030.0,87069
2021-04-26 09:51:11,10030.0,87069
2021-04-26 09:51:12,10030.0,87069
2021-04-26 09:51:13,10031.0,87081
2021-04-26 09:51:14,10029.95,87140
2021-04-26 09:51:15,10030.0,87245
2021-04-26 09:51:19,10025.5,87263
2021-04-26 09:51:20,10025.5,87263
2021-04-26 09:51:21,10025.5,87263
2021-04-26 09:51:22,10028.7,87264
2021-04-26 09:51:23,10028.7,87264
2021-04-26 09:51:24,10028.7,87264
2021-04-26 09:51:25,10026.0,87265
2021-04-26 09:51:26,10026.0,87265
2021-04-26 09:51:27,10026.0,87265
2021-04-26 09:51:28,10026.0,87265
2021-04-26 09:51:29,10025.0,87315
2021-04-26 09:51:30,10030.0,87322
2021-04-26 09:51:31,10028.0,87343
2021-04-26 09:51:31,10025.0,87352
2021-04-26 09:51:32,10025.0,87352
2021-04-26 09:51:34,10025.0,87352
2021-04-26 09:51:35,10025.0,87352
2021-04-26 09:51:36,10025.0,87352
2021-04-26 09:51:37,10030.0,87353
2021-04-26 09:51:38,10030.0,87353
2021-04-26 09:51:39,10030.0,87379
2021-04-26 09:51:40,10030.0,87379
2021-04-26 09:51:41,10030.0,87380
2021-04-26 09:51:42,10031.0,87420
2021-04-26 09:51:43,10031.1,87436
2021-04-26 09:51:44,10031.1,87436
2021-04-26 09:51:45,10031.1,87436
2021-04-26 09:51:48,10030.0,87442
2021-04-26 09:51:50,10030.0,87445
2021-04-26 09:51:51,10030.0,87445
2021-04-26 09:51:52,10030.0,87445
2021-04-26 09:51:53,10030.0,87538
2021-04-26 09:51:54,10031.05,87540
2021-04-26 09:51:55,10035.6,87575
2021-04-26 09:51:56,10035.6,87575
2021-04-26 09:51:57,10035.6,87575
2021-04-26 09:51:58,10035.6,87575
2021-04-26 09:51:59,10032.75,87580
2021-04-26 09:52:00,10032.75,87580
2021-04-26 09:52:01,10032.75,87580
2021-04-26 09:52:02,10032.75,87580
2021-04-26 09:52:03,10032.75,87580
2021-04-26 09:52:04,10032.75,87580
2021-04-26 09:52:06,10032.75,87580
2021-04-26 09:52:07,10032.75,87580
2021-04-26 09:52:08,10029.4,87583
2021-04-26 09:52:09,10029.4,87583
2021-04-26 09:52:10,10029.4,87583
2021-04-26 09:52:11,10029.4,87583
2021-04-26 09:52:12,10030.0,87584
2021-04-26 09:52:13,10027.0,87585
2021-04-26 09:52:14,10026.1,87591
2021-04-26 09:52:15,10030.15,87593
2021-04-26 09:52:16,10030.8,87603
2021-04-26 09:52:17,10030.8,87603
2021-04-26 09:52:18,10030.8,87603
2021-04-26 09:52:19,10030.8,87603
2021-04-26 09:52:20,10030.8,87603
2021-04-26 09:52:21,10030.8,87603
2021-04-26 09:52:22,10030.8,87603
2021-04-26 09:52:23,10030.8,87603
2021-04-26 09:52:25,10030.8,87603
2021-04-26 09:52:26,10030.8,87606
2021-04-26 09:52:27,10030.8,87606
2021-04-26 09:52:28,10030.8,87606
2021-04-26 09:52:29,10030.8,87606
2021-04-26 09:52:32,10031.2,87633
2021-04-26 09:52:33,10029.0,87636
2021-04-26 09:52:34,10029.0,87636
2021-04-26 09:52:35,10029.0,87636
2021-04-26 09:52:37,10028.95,87637
2021-04-26 09:52:36,10028.95,87637
2021-04-26 09:52:38,10026.5,87643
2021-04-26 09:52:39,10029.0,87657
2021-04-26 09:52:40,10029.0,87657
2021-04-26 09:52:41,10029.0,87657
2021-04-26 09:52:42,10030.8,87659
2021-04-26 09:52:43,10028.0,87660
2021-04-26 09:52:44,10028.0,87660
2021-04-26 09:52:45,10028.05,87671
2021-04-26 09:52:46,10025.8,87678
2021-04-26 09:52:47,10026.25,87679
2021-04-26 09:52:48,10026.25,87679
2021-04-26 09:52:49,10026.25,87679
2021-04-26 09:52:50,10026.3,87699
2021-04-26 09:52:51,10026.3,87699
2021-04-26 09:52:52,10026.3,87699
2021-04-26 09:52:54,10025.4,87710
2021-04-26 09:52:53,10025.4,87710
2021-04-26 09:52:55,10025.4,87712
2021-04-26 09:52:56,10025.4,87712
2021-04-26 09:52:57,10025.4,87712
2021-04-26 09:52:58,10025.4,87712
2021-04-26 09:52:59,10025.4,87712
2021-04-26 09:53:00,10025.4,87712
2021-04-26 09:53:01,10030.0,87736
2021-04-26 09:53:02,10030.0,87736
2021-04-26 09:53:04,10025.5,87743
2021-04-26 09:53:03,10025.5,87743
2021-04-26 09:53:05,10033.3,87754
2021-04-26 09:53:06,10026.9,87760
2021-04-26 09:53:07,10027.5,87770
2021-04-26 09:53:08,10027.5,87770
2021-04-26 09:53:11,10032.0,87805
2021-04-26 09:53:12,10032.0,87805
2021-04-26 09:53:13,10031.0,87815
2021-04-26 09:53:14,10031.0,87815
2021-04-26 09:53:15,10031.0,87815
2021-04-26 09:53:16,10031.0,87815
2021-04-26 09:53:17,10031.0,87815
2021-04-26 09:53:18,10029.4,87820
2021-04-26 09:53:19,10029.4,87820
2021-04-26 09:53:20,10029.4,87820
2021-04-26 09:53:21,10031.1,87821
2021-04-26 09:53:22,10031.1,87821
2021-04-26 09:53:23,10031.1,87821
2021-04-26 09:53:24,10031.1,87821
2021-04-26 09:53:25,10029.4,87827
2021-04-26 09:53:26,10029.4,87827
2021-04-26 09:53:27,10029.4,87827
2021-04-26 09:53:28,10029.4,87827
2021-04-26 09:53:30,10028.0,87839
2021-04-26 09:53:29,10028.0,87839
2021-04-26 09:53:31,10028.0,87863
2021-04-26 09:53:32,10027.5,87864
2021-04-26 09:53:33,10027.0,87873
2021-04-26 09:53:34,10027.0,87873
2021-04-26 09:53:35,10030.0,87916
2021-04-26 09:53:36,10028.5,87925
2021-04-26 09:53:37,10028.5,87925
2021-04-26 09:53:39,10028.5,87925
2021-04-26 09:53:38,10028.5,87925
2021-04-26 09:53:40,10028.5,87925
2021-04-26 09:53:41,10028.5,87925
2021-04-26 09:53:42,10028.5,87925
2021-04-26 09:53:43,10030.0,87950
2021-04-26 09:53:44,10030.0,87950
2021-04-26 09:53:46,10030.0,87959
2021-04-26 09:53:47,10030.0,87959
2021-04-26 09:53:48,10030.0,87959
2021-04-26 09:53:49,10030.0,87959
2021-04-26 09:53:50,10030.0,87973
2021-04-26 09:53:51,10030.0,87973
2021-04-26 09:53:52,10030.0,87973
2021-04-26 09:53:54,10031.0,88024
2021-04-26 09:53:54,10031.0,88024
2021-04-26 09:53:55,10029.25,88040
2021-04-26 09:53:56,10029.25,88040
2021-04-26 09:53:57,10029.25,88040
2021-04-26 09:53:58,10029.25,88040
2021-04-26 09:53:59,10030.6,88044
2021-04-26 09:54:00,10030.6,88044
2021-04-26 09:54:01,10030.6,88044
2021-04-26 09:54:02,10030.85,88104
2021-04-26 09:54:04,10031.1,88114
2021-04-26 09:54:04,10031.1,88114
2021-04-26 09:54:05,10031.1,88114
2021-04-26 09:54:06,10031.1,88114
2021-04-26 09:54:07,10031.1,88114
2021-04-26 09:54:08,10033.4,88119
2021-04-26 09:54:09,10033.4,88119
2021-04-26 09:54:11,10032.05,88123
2021-04-26 09:54:11,10032.05,88123
2021-04-26 09:54:12,10032.05,88123
2021-04-26 09:54:13,10029.95,88172
2021-04-26 09:54:14,10028.45,88184
2021-04-26 09:54:15,10030.1,88196
2021-04-26 09:54:16,10030.1,88196
2021-04-26 09:54:17,10032.0,88206
2021-04-26 09:54:19,10032.0,88206
2021-04-26 09:54:20,10030.1,88208
2021-04-26 09:54:21,10030.1,88208
2021-04-26 09:54:21,10032.0,88210
2021-04-26 09:54:22,10032.0,88210
2021-04-26 09:54:23,10032.0,88210
2021-04-26 09:54:25,10032.0,88210
2021-04-26 09:54:26,10032.0,88211
2021-04-26 09:54:27,10030.2,88212
2021-04-26 09:54:27,10030.2,88212
2021-04-26 09:54:28,10032.0,88220
2021-04-26 09:54:29,10032.0,88220
2021-04-26 09:54:30,10035.0,88229
2021-04-26 09:54:31,10036.9,88285
2021-04-26 09:54:33,10043.65,88492
2021-04-26 09:54:34,10047.0,88527
2021-04-26 09:54:34,10047.0,88527
2021-04-26 09:54:35,10047.0,88541
2021-04-26 09:54:36,10047.0,88548
2021-04-26 09:54:37,10047.0,88549
2021-04-26 09:54:39,10053.0,90422
2021-04-26 09:54:39,10053.0,90422
2021-04-26 09:54:40,10052.1,90443
2021-04-26 09:54:41,10049.1,90548
2021-04-26 09:54:42,10044.7,90728
2021-04-26 09:54:43,10042.3,90729
2021-04-26 09:54:45,10049.95,90913
2021-04-26 09:54:45,10049.95,90913
2021-04-26 09:54:46,10047.0,90951
2021-04-26 09:54:47,10050.0,90953
2021-04-26 09:54:48,10050.0,90953
2021-04-26 09:54:49,10050.0,90953
2021-04-26 09:54:50,10050.0,90953
2021-04-26 09:54:52,10053.0,91003
2021-04-26 09:54:52,10055.0,91205
2021-04-26 09:54:54,10046.85,91217
2021-04-26 09:54:54,10046.85,91251
2021-04-26 09:54:55,10046.85,91251
2021-04-26 09:54:56,10046.85,91251
2021-04-26 09:54:57,10042.8,91329
2021-04-26 09:55:01,10050.0,91498
2021-04-26 09:55:02,10050.0,91498
2021-04-26 09:55:03,10050.0,91498
2021-04-26 09:55:04,10050.0,91498
2021-04-26 09:55:05,10052.95,91507
2021-04-26 09:55:06,10053.0,91607
2021-04-26 09:55:07,10053.0,91607
2021-04-26 09:55:08,10050.8,91627
2021-04-26 09:55:09,10050.8,91627
2021-04-26 09:55:10,10046.65,91628
2021-04-26 09:55:11,10046.65,91628
2021-04-26 09:55:12,10046.65,91628
2021-04-26 09:55:13,10046.65,91628
2021-04-26 09:55:13,10046.65,91628
2021-04-26 09:55:14,10052.95,91638
2021-04-26 09:55:15,10052.95,91638
2021-04-26 09:55:16,10048.4,91668
2021-04-26 09:55:19,10047.65,91671
2021-04-26 09:55:19,10047.65,91671
2021-04-26 09:55:20,10047.65,91671
2021-04-26 09:55:21,10050.15,91672
2021-04-26 09:55:23,10042.5,91927
2021-04-26 09:55:24,10042.8,91983
2021-04-26 09:55:25,10045.2,92016
2021-04-26 09:55:27,10045.2,92016
2021-04-26 09:55:29,10045.2,92016
2021-04-26 09:55:30,10049.7,92021
2021-04-26 09:55:31,10049.7,92021
2021-04-26 09:55:31,10049.7,92021
2021-04-26 09:55:32,10049.7,92021
2021-04-26 09:55:33,10051.65,92042
2021-04-26 09:55:34,10051.65,92042
2021-04-26 09:55:35,10051.65,92042
2021-04-26 09:55:37,10045.35,92044
2021-04-26 09:55:38,10045.35,92044
2021-04-26 09:55:38,10045.35,92044
2021-04-26 09:55:39,10045.35,92047
2021-04-26 09:55:40,10048.95,92052
2021-04-26 09:55:41,10048.95,92053
2021-04-26 09:55:42,10048.95,92053
2021-04-26 09:55:44,10045.3,92059
2021-04-26 09:55:44,10045.3,92059
2021-04-26 09:55:45,10045.3,92059
2021-04-26 09:55:46,10048.9,92060
2021-04-26 09:55:47,10048.9,92060
2021-04-26 09:55:48,10048.9,92060
2021-04-26 09:55:49,10048.9,92060
2021-04-26 09:55:50,10048.9,92060
2021-04-26 09:55:52,10048.9,92060
2021-04-26 09:55:53,10045.7,92210
2021-04-26 09:55:53,10045.7,92210
2021-04-26 09:55:54,10045.65,92220
2021-04-26 09:55:55,10048.35,92240
2021-04-26 09:55:56,10048.35,92241
2021-04-26 09:55:57,10051.65,92271
2021-04-26 09:55:58,10051.65,92271
2021-04-26 09:55:59,10051.65,92271
2021-04-26 09:56:00,10048.9,92276
2021-04-26 09:56:01,10048.9,92276
2021-04-26 09:56:03,10048.9,92285
2021-04-26 09:56:04,10045.95,92287
2021-04-26 09:56:05,10045.95,92287
2021-04-26 09:56:05,10045.95,92287
2021-04-26 09:56:06,10045.95,92287
2021-04-26 09:56:07,10046.4,92288
2021-04-26 09:56:08,10046.4,92288
2021-04-26 09:56:11,10046.0,92296
2021-04-26 09:56:11,10046.0,92296
2021-04-26 09:56:12,10046.0,92296
2021-04-26 09:56:13,10048.0,92311
2021-04-26 09:56:15,10045.65,92321
2021-04-26 09:56:16,10048.0,92359
2021-04-26 09:56:17,10048.0,92361
2021-04-26 09:56:18,10048.0,92372
2021-04-26 09:56:19,10048.0,92374
2021-04-26 09:56:21,10048.0,92374
2021-04-26 09:56:22,10046.2,92379
2021-04-26 09:56:23,10048.0,92386
2021-04-26 09:56:24,10054.7,92984
2021-04-26 09:56:24,10051.1,93107
2021-04-26 09:56:25,10051.2,93109
2021-04-26 09:56:26,10051.2,93109
2021-04-26 09:56:27,10051.15,93111
2021-04-26 09:56:28,10051.15,93111
2021-04-26 09:56:29,10055.6,93118
2021-04-26 09:56:31,10055.6,93118
2021-04-26 09:56:32,10072.3,94681
2021-04-26 09:56:33,10061.15,94959
2021-04-26 09:56:34,10063.2,94966
2021-04-26 09:56:35,10067.75,94971
2021-04-26 09:56:36,10067.75,94971
2021-04-26 09:56:37,10075.0,95286
2021-04-26 09:56:38,10070.0,95412
2021-04-26 09:56:39,10073.0,95435
2021-04-26 09:56:40,10066.25,95436
2021-04-26 09:56:41,10065.85,95451
2021-04-26 09:56:43,10067.75,95453
2021-04-26 09:56:44,10069.4,95458
2021-04-26 09:56:44,10072.5,95506
2021-04-26 09:56:46,10067.75,95514
2021-04-26 09:56:46,10072.9,95640
2021-04-26 09:56:47,10071.8,95643
2021-04-26 09:56:48,10070.2,95649
2021-04-26 09:56:49,10070.2,95649
2021-04-26 09:56:50,10070.2,95652
2021-04-26 09:56:51,10072.5,95675
2021-04-26 09:56:52,10073.3,95856
2021-04-26 09:56:53,10068.0,95872
2021-04-26 09:56:54,10070.2,95883
2021-04-26 09:56:55,10070.2,95918
2021-04-26 09:56:56,10070.2,95918
2021-04-26 09:56:57,10070.2,95923
2021-04-26 09:56:58,10070.2,95924
2021-04-26 09:56:59,10071.0,95944
2021-04-26 09:57:00,10071.0,95953
2021-04-26 09:57:02,10068.45,96215
2021-04-26 09:57:03,10079.05,96706
2021-04-26 09:57:04,10083.7,96934
2021-04-26 09:57:05,10078.0,97135
2021-04-26 09:57:06,10083.7,97299
2021-04-26 09:57:07,10076.05,97372
2021-04-26 09:57:08,10076.05,97383
2021-04-26 09:57:10,10080.85,97396
2021-04-26 09:57:11,10082.0,97429
2021-04-26 09:57:12,10075.1,97434
2021-04-26 09:57:13,10076.2,97487
2021-04-26 09:57:14,10071.0,97582
2021-04-26 09:57:15,10064.0,97808
2021-04-26 09:57:16,10080.9,97939
2021-04-26 09:57:16,10082.45,97951
2021-04-26 09:57:17,10082.05,98035
2021-04-26 09:57:18,10077.55,98047
2021-04-26 09:57:19,10080.25,98060
2021-04-26 09:57:20,10079.05,98119
2021-04-26 09:57:21,10078.9,98124
2021-04-26 09:57:22,10079.65,98487
2021-04-26 09:57:23,10075.05,98489
2021-04-26 09:57:26,10079.0,98573
2021-04-26 09:57:27,10079.0,98573
2021-04-26 09:57:28,10080.9,98664
2021-04-26 09:57:28,10075.0,98666
2021-04-26 09:57:29,10078.3,98671
2021-04-26 09:57:30,10080.9,98826
2021-04-26 09:57:32,10075.4,98946
2021-04-26 09:57:33,10075.0,98959
2021-04-26 09:57:35,10075.0,99009
2021-04-26 09:57:36,10076.65,99010
2021-04-26 09:57:37,10075.0,99105
2021-04-26 09:57:38,10075.0,99156
2021-04-26 09:57:39,10075.1,99157
2021-04-26 09:57:41,10078.95,99372
2021-04-26 09:57:41,10077.85,99384
2021-04-26 09:57:43,10074.0,99469
2021-04-26 09:57:44,10081.55,99625
2021-04-26 09:57:44,10081.55,99625
2021-04-26 09:57:46,10082.0,99855
2021-04-26 09:57:47,10075.5,99901
2021-04-26 09:57:48,10075.5,99901
2021-04-26 09:57:50,10076.95,100116
2021-04-26 09:57:51,10079.2,100121
2021-04-26 09:57:52,10079.2,100122
2021-04-26 09:57:52,10079.2,100122
2021-04-26 09:57:53,10076.5,100124
2021-04-26 09:57:54,10077.2,100172
2021-04-26 09:57:55,10077.2,100172
2021-04-26 09:57:57,10079.2,100298
2021-04-26 09:57:58,10079.2,100299
2021-04-26 09:57:59,10079.2,100308
2021-04-26 09:58:00,10079.2,100312
2021-04-26 09:58:00,10079.2,100312
2021-04-26 09:58:01,10080.2,100318
2021-04-26 09:58:02,10079.2,100391
2021-04-26 09:58:04,10075.0,100783
2021-04-26 09:58:05,10075.0,100889
2021-04-26 09:58:07,10076.4,101152
2021-04-26 09:58:08,10075.0,101265
2021-04-26 09:58:08,10075.0,101265
2021-04-26 09:58:09,10073.95,101333
2021-04-26 09:58:10,10074.95,101345
2021-04-26 09:58:12,10070.2,101499
2021-04-26 09:58:14,10078.8,101587
2021-04-26 09:58:15,10078.8,101587
2021-04-26 09:58:15,10073.2,101589
2021-04-26 09:58:16,10055.45,103276
2021-04-26 09:58:17,10053.75,104025
2021-04-26 09:58:18,10050.0,104171
2021-04-26 09:58:19,10049.5,104251
2021-04-26 09:58:20,10045.9,104869
2021-04-26 09:58:21,10041.4,106346
2021-04-26 09:58:22,10041.0,108547
2021-04-26 09:58:27,10037.65,110224
2021-04-26 09:58:28,10035.1,110268
2021-04-26 09:58:28,10035.1,110268
2021-04-26 09:58:29,10035.1,110268
2021-04-26 09:58:30,10035.1,110268
2021-04-26 09:58:31,10036.2,110283
2021-04-26 09:58:33,10036.2,110283
2021-04-26 09:58:34,10036.2,110283
2021-04-26 09:58:35,10043.1,110290
2021-04-26 09:58:36,10044.95,110304
2021-04-26 09:58:37,10048.8,110310
2021-04-26 09:58:38,10044.5,110340
2021-04-26 09:58:38,10044.5,110340
2021-04-26 09:58:39,10045.0,110351
2021-04-26 09:58:40,10047.0,110352
2021-04-26 09:58:41,10047.0,110355
2021-04-26 09:58:42,10047.8,110740
2021-04-26 09:58:43,10047.85,110749
2021-04-26 09:58:45,10057.2,110909
2021-04-26 09:58:46,10057.2,110909
2021-04-26 09:58:47,10050.0,110989
2021-04-26 09:58:48,10047.05,111028
2021-04-26 09:58:49,10047.05,111028
2021-04-26 09:58:50,10050.0,111029
2021-04-26 09:58:51,10050.0,111029
2021-04-26 09:58:52,10050.95,111067
2021-04-26 09:58:53,10050.95,111067
2021-04-26 09:58:54,10050.95,111067
2021-04-26 09:58:56,10051.0,111069
2021-04-26 09:58:57,10051.0,111072
2021-04-26 09:58:58,10051.0,111072
2021-04-26 09:59:00,10052.9,111078
2021-04-26 09:59:01,10055.0,111087
2021-04-26 09:59:03,10054.1,111088
2021-04-26 09:59:04,10051.0,111122
2021-04-26 09:59:04,10051.0,111122
2021-04-26 09:59:05,10051.0,111122
2021-04-26 09:59:06,10055.65,111137
2021-04-26 09:59:07,10051.1,111141
2021-04-26 09:59:09,10054.0,111148
2021-04-26 09:59:10,10056.25,111152
2021-04-26 09:59:11,10060.0,111192
2021-04-26 09:59:12,10054.8,111203
2021-04-26 09:59:12,10054.8,111203
2021-04-26 09:59:13,10058.15,111204
2021-04-26 09:59:14,10059.9,111210
2021-04-26 09:59:15,10068.95,111313
2021-04-26 09:59:16,10071.6,111438
2021-04-26 09:59:17,10069.3,111458
2021-04-26 09:59:18,10071.0,111459
2021-04-26 09:59:19,10072.35,111509
2021-04-26 09:59:20,10064.1,111519
2021-04-26 09:59:21,10065.05,111522
2021-04-26 09:59:23,10062.0,111529
2021-04-26 09:59:23,10067.9,111549
2021-04-26 09:59:24,10068.9,111550
2021-04-26 09:59:25,10068.95,111565
2021-04-26 09:59:26,10068.95,111565
2021-04-26 09:59:27,10065.0,111610
2021-04-26 09:59:29,10065.0,111610
2021-04-26 09:59:30,10066.0,111678
2021-04-26 09:59:31,10062.05,111694
2021-04-26 09:59:33,10061.25,111713
2021-04-26 09:59:34,10058.85,111717
2021-04-26 09:59:34,10058.85,111717
2021-04-26 09:59:35,10060.0,111727
2021-04-26 09:59:36,10064.85,111728
2021-04-26 09:59:38,10064.85,111728
2021-04-26 09:59:39,10069.0,111758
2021-04-26 09:59:40,10069.0,111758
2021-04-26 09:59:41,10067.2,111762
2021-04-26 09:59:42,10061.25,111769
2021-04-26 09:59:43,10061.6,111772
2021-04-26 09:59:44,10061.6,111772
2021-04-26 09:59:45,10061.65,111782
2021-04-26 09:59:45,10061.65,111782
2021-04-26 09:59:46,10061.65,111782
2021-04-26 09:59:47,10061.65,111782
2021-04-26 09:59:48,10061.65,111782
2021-04-26 09:59:49,10067.15,111787
2021-04-26 09:59:50,10067.15,111787
2021-04-26 09:59:51,10067.15,111787
2021-04-26 09:59:52,10062.2,111797
2021-04-26 09:59:54,10062.25,111798
2021-04-26 09:59:55,10062.25,111798
2021-04-26 09:59:56,10066.45,111921
2021-04-26 09:59:57,10062.0,111934
2021-04-26 09:59:57,10062.0,111934
2021-04-26 09:59:58,10062.0,111958
2021-04-26 10:00:00,10064.55,111989
2021-04-26 10:00:01,10058.0,112073
2021-04-26 10:00:02,10056.95,112095
2021-04-26 10:00:03,10058.0,112146
2021-04-26 10:00:05,10062.3,112147
2021-04-26 10:00:06,10059.55,112161
2021-04-26 10:00:06,10059.55,112161
2021-04-26 10:00:07,10064.15,112163
2021-04-26 10:00:09,10064.15,112163
2021-04-26 10:00:11,10063.75,112213
2021-04-26 10:00:12,10065.0,112216
2021-04-26 10:00:14,10064.0,112368
2021-04-26 10:00:15,10064.0,112376
2021-04-26 10:00:16,10059.25,112379
2021-04-26 10:00:17,10059.0,112390
2021-04-26 10:00:18,10058.0,112398
2021-04-26 10:00:19,10063.95,112399
2021-04-26 10:00:20,10058.15,112424
2021-04-26 10:00:27,10060.0,112430
2021-04-26 10:00:29,10060.0,112434
2021-04-26 10:00:28,10060.0,112430
2021-04-26 10:00:32,10062.85,112442
2021-04-26 10:00:33,10064.25,112568
2021-04-26 10:00:34,10058.1,112652
2021-04-26 10:00:35,10056.95,112659
2021-04-26 10:00:36,10055.0,112697
2021-04-26 10:00:37,10055.0,112697
2021-04-26 10:00:38,10055.0,112697
2021-04-26 10:00:39,10055.0,112697
2021-04-26 10:00:40,10055.0,112697
2021-04-26 10:00:41,10055.2,112702
2021-04-26 10:00:42,10055.2,112705
2021-04-26 10:00:43,10055.2,112706
2021-04-26 10:00:44,10055.2,112707
2021-04-26 10:00:45,10055.2,112707
2021-04-26 10:00:45,10055.2,112707
2021-04-26 10:00:47,10058.95,112727
2021-04-26 10:00:48,10057.35,112729
2021-04-26 10:00:49,10055.2,112739
2021-04-26 10:00:51,10055.2,112739
2021-04-26 10:00:52,10060.0,112740
2021-04-26 10:00:53,10062.0,112840
2021-04-26 10:00:54,10062.0,112840
2021-04-26 10:00:54,10062.0,112840
2021-04-26 10:00:55,10055.25,112858
2021-04-26 10:00:56,10059.85,112894
2021-04-26 10:00:58,10056.75,112897
2021-04-26 10:00:59,10056.75,112897
2021-04-26 10:01:00,10060.0,112920
2021-04-26 10:01:01,10060.0,112959
2021-04-26 10:01:02,10060.0,112959
2021-04-26 10:01:02,10060.0,112959
2021-04-26 10:01:03,10061.0,112960
2021-04-26 10:01:04,10061.0,112978
2021-04-26 10:01:05,10061.0,112978
2021-04-26 10:01:06,10061.0,112979
2021-04-26 10:01:08,10061.0,112979
2021-04-26 10:01:09,10061.25,112985
2021-04-26 10:01:11,10064.0,112986
2021-04-26 10:01:10,10064.0,112986
2021-04-26 10:01:12,10064.35,113007
2021-04-26 10:01:13,10064.35,113007
2021-04-26 10:01:14,10064.3,113015
2021-04-26 10:01:16,10064.3,113015
2021-04-26 10:01:17,10064.3,113015
2021-04-26 10:01:18,10060.4,113049
2021-04-26 10:01:19,10060.0,113088
2021-04-26 10:01:20,10061.25,113099
2021-04-26 10:01:21,10060.0,113104
2021-04-26 10:01:22,10060.0,113110
2021-04-26 10:01:23,10058.05,113116
2021-04-26 10:01:24,10060.0,113184
2021-04-26 10:01:25,10060.0,113199
2021-04-26 10:01:26,10060.0,113209
2021-04-26 10:01:27,10060.0,113209
2021-04-26 10:01:28,10060.0,113209
2021-04-26 10:01:29,10060.0,113209
2021-04-26 10:01:30,10060.0,113209
2021-04-26 10:01:31,10064.0,113230
2021-04-26 10:01:32,10060.05,113231
2021-04-26 10:01:33,10060.1,113483
2021-04-26 10:01:34,10060.0,113496
2021-04-26 10:01:34,10060.0,113540
2021-04-26 10:01:35,10060.0,113540
2021-04-26 10:01:37,10060.0,113540
2021-04-26 10:01:38,10060.25,113545
2021-04-26 10:01:39,10063.75,113546
2021-04-26 10:01:40,10060.25,113557
2021-04-26 10:01:41,10060.25,113559
2021-04-26 10:01:42,10064.0,113560
2021-04-26 10:01:43,10064.0,113582
2021-04-26 10:01:44,10060.25,113593
2021-04-26 10:01:44,10065.0,113739
2021-04-26 10:01:46,10064.65,113748
2021-04-26 10:01:47,10063.5,113765
2021-04-26 10:01:48,10063.5,113765
2021-04-26 10:01:49,10071.5,113890
2021-04-26 10:01:50,10065.05,113947
2021-04-26 10:01:50,10065.05,113947
2021-04-26 10:01:51,10065.05,113947
2021-04-26 10:01:53,10065.05,113947
2021-04-26 10:01:55,10065.05,113947
2021-04-26 10:01:56,10065.05,113947
2021-04-26 10:01:57,10065.6,113958
2021-04-26 10:01:58,10065.6,113958
2021-04-26 10:01:59,10065.6,113958
2021-04-26 10:02:00,10069.9,113993
2021-04-26 10:02:01,10069.9,113993
2021-04-26 10:02:02,10070.0,114013
2021-04-26 10:02:03,10066.55,114023
2021-04-26 10:02:04,10066.55,114023
2021-04-26 10:02:05,10068.0,114035
2021-04-26 10:02:06,10068.0,114035
2021-04-26 10:02:07,10066.0,114038
2021-04-26 10:02:08,10065.0,114049
2021-04-26 10:02:09,10065.0,114060
2021-04-26 10:02:10,10066.6,114107
2021-04-26 10:02:11,10066.85,114121
2021-04-26 10:02:12,10066.8,114122
2021-04-26 10:02:12,10066.8,114122
2021-04-26 10:02:14,10066.45,114157
2021-04-26 10:02:15,10066.45,114157
2021-04-26 10:02:16,10065.5,114174
2021-04-26 10:02:17,10066.45,114186
2021-04-26 10:02:18,10066.45,114186
2021-04-26 10:02:19,10066.45,114186
2021-04-26 10:02:20,10065.2,114187
2021-04-26 10:02:21,10070.1,114362
2021-04-26 10:02:22,10067.0,114388
2021-04-26 10:02:23,10073.0,114409
2021-04-26 10:02:24,10070.0,114459
2021-04-26 10:02:25,10071.05,114488
2021-04-26 10:02:26,10073.5,114492
2021-04-26 10:02:27,10070.2,114493
2021-04-26 10:02:28,10070.2,114497
2021-04-26 10:02:29,10068.4,114576
2021-04-26 10:02:30,10071.0,114595
2021-04-26 10:02:31,10071.0,114601
2021-04-26 10:02:32,10066.8,114604
2021-04-26 10:02:33,10072.4,114605
2021-04-26 10:02:34,10072.4,114605
2021-04-26 10:02:35,10072.75,114608
2021-04-26 10:02:36,10068.25,114609
2021-04-26 10:02:37,10068.25,114609
2021-04-26 10:02:38,10068.25,114609
2021-04-26 10:02:39,10068.25,114609
2021-04-26 10:02:40,10074.0,114616
2021-04-26 10:02:41,10074.0,114616
2021-04-26 10:02:42,10074.5,114626
2021-04-26 10:02:43,10072.0,114627
2021-04-26 10:02:44,10072.0,114627
2021-04-26 10:02:45,10074.5,114628
2021-04-26 10:02:46,10072.4,114629
2021-04-26 10:02:47,10072.4,114629
2021-04-26 10:02:48,10072.4,114630
2021-04-26 10:02:49,10071.25,114635
2021-04-26 10:02:50,10078.8,114822
2021-04-26 10:02:51,10075.0,114853
2021-04-26 10:02:52,10075.0,114872
2021-04-26 10:02:53,10075.0,114902
2021-04-26 10:02:54,10075.0,114902
2021-04-26 10:02:55,10072.9,114952
2021-04-26 10:02:56,10072.9,114953
2021-04-26 10:02:57,10072.9,114953
2021-04-26 10:02:58,10070.25,114954
2021-04-26 10:02:59,10075.0,114983
2021-04-26 10:03:00,10075.0,115242
2021-04-26 10:03:01,10071.9,115271
2021-04-26 10:03:02,10071.05,115283
2021-04-26 10:03:03,10074.0,115284
2021-04-26 10:03:04,10074.0,115284
2021-04-26 10:03:05,10074.0,115284
2021-04-26 10:03:07,10070.05,115314
2021-04-26 10:03:08,10070.05,115314
2021-04-26 10:03:10,10074.45,115323
2021-04-26 10:03:11,10074.95,115367
2021-04-26 10:03:12,10070.25,115373
2021-04-26 10:03:13,10070.25,115373
2021-04-26 10:03:14,10069.8,115421
2021-04-26 10:03:15,10067.0,115423
2021-04-26 10:03:17,10067.65,115436
2021-04-26 10:03:18,10067.6,115437
2021-04-26 10:03:19,10067.6,115447
2021-04-26 10:03:20,10067.6,115447
2021-04-26 10:03:21,10067.6,115447
2021-04-26 10:03:23,10070.25,115467
2021-04-26 10:03:24,10070.0,115477
2021-04-26 10:03:25,10070.25,115479
2021-04-26 10:03:26,10065.75,115500
2021-04-26 10:03:27,10065.75,115500
2021-04-26 10:03:28,10067.35,115515
2021-04-26 10:03:29,10067.35,115515
2021-04-26 10:03:30,10067.05,115540
2021-04-26 10:03:32,10067.05,115540
2021-04-26 10:03:33,10067.75,115541
2021-04-26 10:03:34,10067.75,115551
2021-04-26 10:03:35,10067.75,115551
2021-04-26 10:03:36,10067.75,115551
2021-04-26 10:03:37,10067.75,115551
2021-04-26 10:03:38,10065.0,115615
2021-04-26 10:03:39,10066.05,115649
2021-04-26 10:03:40,10069.95,115650
2021-04-26 10:03:41,10069.95,115650
2021-04-26 10:03:42,10069.95,115650
2021-04-26 10:03:43,10069.95,115660
2021-04-26 10:03:44,10069.95,115660
2021-04-26 10:03:46,10069.95,115661
2021-04-26 10:03:47,10069.95,115661
2021-04-26 10:03:48,10067.8,115662
2021-04-26 10:03:49,10067.8,115662
2021-04-26 10:03:50,10066.8,115677
2021-04-26 10:03:51,10068.2,115679
2021-04-26 10:03:52,10068.2,115679
2021-04-26 10:03:53,10068.2,115679
2021-04-26 10:03:54,10069.95,115680
2021-04-26 10:03:55,10069.95,115680
2021-04-26 10:03:56,10069.95,115680
2021-04-26 10:03:57,10069.95,115680
2021-04-26 10:03:58,10069.95,115680
2021-04-26 10:03:59,10069.95,115680
2021-04-26 10:04:01,10070.0,115690
2021-04-26 10:04:03,10066.55,115704
2021-04-26 10:04:04,10073.95,115829
2021-04-26 10:04:05,10069.95,115834
2021-04-26 10:04:06,10068.2,115852
2021-04-26 10:04:07,10066.8,115902
2021-04-26 10:04:09,10066.65,115971
2021-04-26 10:04:10,10066.75,116011
2021-04-26 10:04:11,10066.75,116011
2021-04-26 10:04:12,10066.75,116011
2021-04-26 10:04:13,10072.0,116113
2021-04-26 10:04:14,10066.7,116127
2021-04-26 10:04:16,10066.6,116141
2021-04-26 10:04:17,10066.6,116141
2021-04-26 10:04:18,10066.6,116141
2021-04-26 10:04:19,10066.6,116141
2021-04-26 10:04:20,10065.3,116145
2021-04-26 10:04:21,10065.3,116145
2021-04-26 10:04:22,10065.3,116145
2021-04-26 10:04:23,10065.3,116145
2021-04-26 10:04:24,10065.3,116145
2021-04-26 10:04:26,10065.35,116146
2021-04-26 10:04:26,10065.35,116146
2021-04-26 10:04:27,10070.0,116147
2021-04-26 10:04:28,10070.0,116147
2021-04-26 10:04:29,10070.0,116147
2021-04-26 10:04:30,10070.0,116148
2021-04-26 10:04:31,10070.0,116151
2021-04-26 10:04:32,10065.2,116201
2021-04-26 10:04:33,10065.2,116213
2021-04-26 10:04:34,10065.2,116238
2021-04-26 10:04:36,10065.2,116238
2021-04-26 10:04:36,10065.0,116276
2021-04-26 10:04:37,10065.0,116317
2021-04-26 10:04:38,10065.0,116369
2021-04-26 10:04:39,10062.5,116383
2021-04-26 10:04:40,10062.5,116383
2021-04-26 10:04:41,10062.5,116383
2021-04-26 10:04:42,10065.05,116384
2021-04-26 10:04:43,10069.6,116387
2021-04-26 10:04:44,10069.6,116387
2021-04-26 10:04:45,10069.6,116387
2021-04-26 10:04:46,10069.6,116387
2021-04-26 10:04:47,10069.6,116387
2021-04-26 10:04:48,10069.6,116387
2021-04-26 10:04:49,10069.6,116387
2021-04-26 10:04:50,10069.6,116387
2021-04-26 10:04:52,10069.6,116387
2021-04-26 10:04:53,10065.35,116389
2021-04-26 10:04:55,10065.35,116404
2021-04-26 10:04:54,10065.35,116404
2021-04-26 10:04:56,10065.35,116404
2021-04-26 10:04:57,10065.35,116406
2021-04-26 10:04:58,10068.0,116431
2021-04-26 10:04:59,10066.0,116442
2021-04-26 10:05:00,10066.0,116442
2021-04-26 10:05:01,10066.0,116460
2021-04-26 10:05:02,10066.1,116466
2021-04-26 10:05:03,10066.1,116466
2021-04-26 10:05:04,10066.1,116468
2021-04-26 10:05:05,10066.1,116468
2021-04-26 10:05:06,10066.1,116468
2021-04-26 10:05:07,10066.1,116594
2021-04-26 10:05:08,10066.1,116621
2021-04-26 10:05:10,10066.1,116622
2021-04-26 10:05:10,10066.1,116622
2021-04-26 10:05:11,10066.1,116622
2021-04-26 10:05:12,10066.1,116623
2021-04-26 10:05:13,10066.1,116643
2021-04-26 10:05:14,10066.2,116644
2021-04-26 10:05:15,10069.95,116769
2021-04-26 10:05:16,10066.2,116781
2021-04-26 10:05:17,10067.1,116786
2021-04-26 10:05:19,10067.1,116786
2021-04-26 10:05:20,10065.1,116836
2021-04-26 10:05:21,10065.2,116845
2021-04-26 10:05:22,10065.0,116865
2021-04-26 10:05:22,10065.0,116865
2021-04-26 10:05:23,10067.7,116918
2021-04-26 10:05:24,10063.3,116919
2021-04-26 10:05:25,10063.3,116919
2021-04-26 10:05:26,10063.3,116919
2021-04-26 10:05:27,10063.3,116919
2021-04-26 10:05:28,10063.3,116919
2021-04-26 10:05:29,10063.3,116919
2021-04-26 10:05:30,10067.1,116935
2021-04-26 10:05:31,10064.6,116942
2021-04-26 10:05:32,10064.6,116946
2021-04-26 10:05:33,10062.35,116949
2021-04-26 10:05:34,10062.35,116949
2021-04-26 10:05:35,10065.2,116957
2021-04-26 10:05:36,10065.2,116957
2021-04-26 10:05:37,10065.2,116957
2021-04-26 10:05:38,10065.2,116957
2021-04-26 10:05:40,10061.2,117057
2021-04-26 10:05:41,10064.85,117080
2021-04-26 10:05:42,10064.85,117083
2021-04-26 10:05:43,10064.85,117083
2021-04-26 10:05:44,10064.85,117083
2021-04-26 10:05:45,10064.85,117083
2021-04-26 10:05:46,10061.0,117085
2021-04-26 10:05:47,10064.95,117086
2021-04-26 10:05:49,10064.95,117086
2021-04-26 10:05:50,10060.0,117107
2021-04-26 10:05:52,10060.0,117122
2021-04-26 10:05:53,10060.0,117122
2021-04-26 10:05:54,10060.0,117122
2021-04-26 10:05:55,10060.0,117122
2021-04-26 10:05:55,10061.0,117124
2021-04-26 10:05:56,10061.0,117124
2021-04-26 10:05:57,10061.0,117124
2021-04-26 10:05:58,10062.5,117125
2021-04-26 10:05:59,10062.5,117130
2021-04-26 10:06:00,10064.75,117146
2021-04-26 10:06:02,10064.75,117146
2021-04-26 10:06:02,10064.75,117146
2021-04-26 10:06:03,10064.75,117146
2021-04-26 10:06:05,10064.75,117146
2021-04-26 10:06:06,10061.0,117148
2021-04-26 10:06:08,10061.0,117148
2021-04-26 10:06:09,10061.0,117148
2021-04-26 10:06:10,10061.0,117148
2021-04-26 10:06:11,10059.0,117263
2021-04-26 10:06:12,10060.9,117267
2021-04-26 10:06:13,10059.0,117287
2021-04-26 10:06:14,10060.0,117290
2021-04-26 10:06:15,10059.9,117311
2021-04-26 10:06:16,10059.9,117312
2021-04-26 10:06:17,10059.9,117312
2021-04-26 10:06:18,10055.0,117332
2021-04-26 10:06:19,10058.0,117335
2021-04-26 10:06:21,10058.0,117335
2021-04-26 10:06:21,10058.0,117336
2021-04-26 10:06:22,10060.9,117357
2021-04-26 10:06:23,10055.0,117395
2021-04-26 10:06:24,10055.0,117395
2021-04-26 10:06:25,10055.0,117395
2021-04-26 10:06:26,10055.0,117395
2021-04-26 10:06:27,10055.0,117401
2021-04-26 10:06:28,10055.0,117401
2021-04-26 10:06:29,10059.9,117411
2021-04-26 10:06:31,10058.0,117446
2021-04-26 10:06:32,10058.0,117446
2021-04-26 10:06:33,10058.0,117446
2021-04-26 10:06:34,10054.1,117530
