timestamp,ltp,volume
2021-04-26 09:15:20,2868.05,8641
2021-04-26 09:15:22,2866.55,9252
2021-04-26 09:15:23,2866.3,9340
2021-04-26 09:15:24,2869.8,9348
2021-04-26 09:15:25,2869.8,9348
2021-04-26 09:15:26,2866.65,9386
2021-04-26 09:15:27,2866.65,9386
2021-04-26 09:15:28,2866.55,9462
2021-04-26 09:15:29,2869.15,9481
2021-04-26 09:15:30,2864.8,10043
2021-04-26 09:15:31,2866.85,10682
2021-04-26 09:15:32,2865.8,11022
2021-04-26 09:15:33,2863.75,11069
2021-04-26 09:15:34,2863.05,11081
2021-04-26 09:15:36,2869.05,13836
2021-04-26 09:15:37,2866.35,13991
2021-04-26 09:15:38,2867.5,14007
2021-04-26 09:15:39,2869.0,14812
2021-04-26 09:15:40,2869.0,14812
2021-04-26 09:15:41,2870.4,14910
2021-04-26 09:15:42,2870.2,15288
2021-04-26 09:15:43,2867.6,15308
2021-04-26 09:15:44,2867.9,15312
2021-04-26 09:15:46,2867.1,15659
2021-04-26 09:15:45,2867.0,15655
2021-04-26 09:15:48,2866.8,15733
2021-04-26 09:15:49,2865.95,15778
2021-04-26 09:15:50,2863.65,15827
2021-04-26 09:15:51,2865.4,16001
2021-04-26 09:15:52,2863.05,16111
2021-04-26 09:15:53,2863.0,16605
2021-04-26 09:15:53,2864.35,16905
2021-04-26 09:15:54,2864.55,17845
2021-04-26 09:15:55,2865.5,17914
2021-04-26 09:15:56,2864.5,18021
2021-04-26 09:15:57,2867.8,18057
2021-04-26 09:15:58,2867.8,18057
2021-04-26 09:15:59,2867.8,18057
2021-04-26 09:16:00,2866.05,18138
2021-04-26 09:16:01,2865.0,18253
2021-04-26 09:16:03,2865.55,18292
2021-04-26 09:16:03,2861.0,18360
2021-04-26 09:16:04,2865.05,19169
2021-04-26 09:16:05,2865.05,19169
2021-04-26 09:16:06,2865.05,19169
2021-04-26 09:16:07,2868.3,19470
2021-04-26 09:16:08,2868.1,19477
2021-04-26 09:16:10,2868.05,19541
2021-04-26 09:16:11,2868.0,19551
2021-04-26 09:16:12,2867.95,19981
2021-04-26 09:16:13,2867.95,19981
2021-04-26 09:16:14,2867.95,19981
2021-04-26 09:16:15,2867.15,20011
2021-04-26 09:16:16,2867.15,20022
2021-04-26 09:16:17,2867.15,20022
2021-04-26 09:16:18,2867.2,20109
2021-04-26 09:16:19,2866.0,20419
2021-04-26 09:16:20,2867.15,20420
2021-04-26 09:16:21,2866.5,20430
2021-04-26 09:16:22,2866.5,20885
2021-04-26 09:16:24,2869.3,21015
2021-04-26 09:16:25,2866.6,21043
2021-04-26 09:16:25,2866.6,21043
2021-04-26 09:16:26,2866.6,21043
2021-04-26 09:16:27,2866.55,21058
2021-04-26 09:16:28,2866.55,21058
2021-04-26 09:16:29,2866.5,21094
2021-04-26 09:16:30,2867.2,22065
2021-04-26 09:16:32,2865.0,22220
2021-04-26 09:16:31,2864.0,22087
2021-04-26 09:16:33,2864.7,22756
2021-04-26 09:16:35,2864.5,22789
2021-04-26 09:16:35,2864.7,22809
2021-04-26 09:16:36,2863.0,23166
2021-04-26 09:16:37,2862.0,23210
2021-04-26 09:16:38,2864.65,24027
2021-04-26 09:16:39,2866.3,24054
2021-04-26 09:16:40,2864.7,24064
2021-04-26 09:16:41,2864.7,24067
2021-04-26 09:16:42,2866.15,24068
2021-04-26 09:16:43,2866.15,24068
2021-04-26 09:16:44,2866.15,24068
2021-04-26 09:16:45,2864.55,24172
2021-04-26 09:16:46,2865.75,24272
2021-04-26 09:16:47,2865.55,24273
2021-04-26 09:16:48,2863.0,24446
2021-04-26 09:16:49,2864.1,25143
2021-04-26 09:16:50,2865.75,25146
2021-04-26 09:16:51,2863.6,25156
2021-04-26 09:16:54,2864.7,25492
2021-04-26 09:16:55,2865.6,25980
2021-04-26 09:16:56,2863.0,26080
2021-04-26 09:16:58,2863.3,26113
2021-04-26 09:16:59,2863.3,26113
2021-04-26 09:17:00,2865.1,26731
2021-04-26 09:17:01,2865.1,26735
2021-04-26 09:17:01,2865.1,26735
2021-04-26 09:17:02,2865.1,26735
2021-04-26 09:17:04,2867.2,26875
2021-04-26 09:17:05,2867.2,26875
2021-04-26 09:17:06,2867.0,27100
2021-04-26 09:17:06,2869.35,27101
2021-04-26 09:17:07,2869.35,27101
2021-04-26 09:17:08,2869.35,27101
2021-04-26 09:17:09,2866.15,27207
2021-04-26 09:17:10,2866.15,27207
2021-04-26 09:17:11,2872.75,28455
2021-04-26 09:17:12,2872.75,28455
2021-04-26 09:17:13,2869.55,28477
2021-04-26 09:17:14,2870.6,28478
2021-04-26 09:17:15,2870.6,28478
2021-04-26 09:17:16,2870.35,28514
2021-04-26 09:17:17,2870.6,28627
2021-04-26 09:17:18,2870.6,28627
2021-04-26 09:17:19,2870.6,28627
2021-04-26 09:17:20,2869.15,28643
2021-04-26 09:17:21,2869.15,28643
2021-04-26 09:17:23,2869.15,28643
2021-04-26 09:17:24,2869.1,28753
2021-04-26 09:17:25,2868.0,28829
2021-04-26 09:17:25,2868.0,28819
2021-04-26 09:17:26,2867.55,28842
2021-04-26 09:17:27,2867.55,28842
2021-04-26 09:17:28,2867.6,29169
2021-04-26 09:17:29,2869.1,29469
2021-04-26 09:17:31,2869.1,29469
2021-04-26 09:17:31,2869.1,29469
2021-04-26 09:17:32,2869.1,29469
2021-04-26 09:17:33,2869.1,29469
2021-04-26 09:17:34,2868.0,29470
2021-04-26 09:17:35,2866.6,30746
2021-04-26 09:17:36,2865.5,30755
2021-04-26 09:17:37,2865.0,30927
2021-04-26 09:17:38,2864.8,31027
2021-04-26 09:17:40,2863.0,31077
2021-04-26 09:17:41,2864.15,31098
2021-04-26 09:17:42,2868.75,32725
2021-04-26 09:17:43,2868.75,32725
2021-04-26 09:17:43,2868.75,32725
2021-04-26 09:17:44,2868.3,32727
2021-04-26 09:17:45,2867.25,32753
2021-04-26 09:17:46,2867.25,32753
2021-04-26 09:17:47,2868.0,32755
2021-04-26 09:17:48,2867.95,32797
2021-04-26 09:17:49,2866.3,32824
2021-04-26 09:17:50,2866.3,32824
2021-04-26 09:17:52,2867.5,32860
2021-04-26 09:17:53,2867.5,32920
2021-04-26 09:17:54,2865.9,32944
2021-04-26 09:17:55,2867.45,32954
2021-04-26 09:17:56,2867.45,32954
2021-04-26 09:17:57,2866.1,32978
2021-04-26 09:17:57,2866.1,32978
2021-04-26 09:17:59,2867.5,33085
2021-04-26 09:18:00,2866.0,33091
2021-04-26 09:18:01,2866.0,33091
2021-04-26 09:18:01,2866.05,33113
2021-04-26 09:18:02,2866.05,33113
2021-04-26 09:18:03,2865.8,33116
2021-04-26 09:18:05,2865.0,33129
2021-04-26 09:18:06,2866.25,33195
2021-04-26 09:18:06,2866.25,33213
2021-04-26 09:18:07,2866.25,33255
2021-04-26 09:18:08,2866.25,33258
2021-04-26 09:18:09,2866.25,33258
2021-04-26 09:18:11,2866.25,33258
2021-04-26 09:18:12,2866.25,33358
2021-04-26 09:18:12,2864.5,33685
2021-04-26 09:18:14,2863.35,33749
2021-04-26 09:18:15,2862.15,34290
2021-04-26 09:18:15,2861.0,34288
2021-04-26 09:18:16,2864.9,35269
2021-04-26 09:18:17,2865.4,35423
2021-04-26 09:18:20,2865.4,35437
2021-04-26 09:18:21,2863.35,35498
2021-04-26 09:18:22,2863.35,35502
2021-04-26 09:18:23,2863.35,35502
2021-04-26 09:18:26,2864.75,35546
2021-04-26 09:18:26,2864.8,35545
2021-04-26 09:18:27,2862.95,35547
2021-04-26 09:18:30,2862.4,35592
2021-04-26 09:18:31,2863.65,35611
2021-04-26 09:18:31,2862.4,35593
2021-04-26 09:18:32,2863.65,35612
2021-04-26 09:18:33,2863.65,35612
2021-04-26 09:18:34,2863.65,35612
2021-04-26 09:18:35,2863.55,35618
2021-04-26 09:18:36,2863.55,35629
2021-04-26 09:18:37,2863.55,35941
2021-04-26 09:18:38,2863.55,35957
2021-04-26 09:18:40,2863.55,35957
2021-04-26 09:18:40,2863.55,35957
2021-04-26 09:18:42,2862.0,35989
2021-04-26 09:18:42,2861.55,35992
2021-04-26 09:18:43,2863.0,36012
2021-04-26 09:18:44,2861.3,36053
2021-04-26 09:18:45,2861.3,36053
2021-04-26 09:18:46,2861.3,36066
2021-04-26 09:18:47,2861.95,36084
2021-04-26 09:18:49,2861.95,36135
2021-04-26 09:18:50,2861.95,36137
2021-04-26 09:18:51,2861.0,36161
2021-04-26 09:18:52,2862.15,36927
2021-04-26 09:18:52,2862.15,36927
2021-04-26 09:18:53,2863.0,36929
2021-04-26 09:18:55,2862.25,36966
2021-04-26 09:18:56,2862.25,36968
2021-04-26 09:18:56,2862.25,36970
2021-04-26 09:18:58,2861.4,37329
2021-04-26 09:18:59,2863.45,37331
2021-04-26 09:19:00,2863.45,37331
2021-04-26 09:19:01,2863.45,37331
2021-04-26 09:19:02,2863.45,37331
2021-04-26 09:19:03,2863.45,37331
2021-04-26 09:19:04,2863.3,37349
2021-04-26 09:19:05,2863.0,37351
2021-04-26 09:19:06,2863.0,37356
2021-04-26 09:19:07,2862.95,37357
2021-04-26 09:19:08,2862.95,37357
2021-04-26 09:19:09,2861.15,37388
2021-04-26 09:19:10,2861.0,37411
2021-04-26 09:19:11,2861.0,37421
2021-04-26 09:19:11,2861.0,37421
2021-04-26 09:19:13,2861.0,37425
2021-04-26 09:19:13,2861.0,37465
2021-04-26 09:19:15,2861.0,37465
2021-04-26 09:19:16,2861.0,37504
2021-04-26 09:19:16,2862.3,37715
2021-04-26 09:19:18,2862.3,37725
2021-04-26 09:19:18,2862.2,37726
2021-04-26 09:19:19,2861.0,37752
2021-04-26 09:19:20,2862.2,37777
2021-04-26 09:19:21,2862.15,37797
2021-04-26 09:19:23,2862.15,37809
2021-04-26 09:19:23,2862.15,37853
2021-04-26 09:19:25,2862.0,37906
2021-04-26 09:19:26,2861.0,38466
2021-04-26 09:19:26,2861.0,38466
2021-04-26 09:19:27,2861.0,38466
2021-04-26 09:19:28,2859.25,39023
2021-04-26 09:19:29,2859.25,39023
2021-04-26 09:19:30,2861.55,39073
2021-04-26 09:19:31,2861.5,39075
2021-04-26 09:19:33,2861.5,39075
2021-04-26 09:19:33,2861.15,39112
2021-04-26 09:19:35,2859.3,39116
2021-04-26 09:19:35,2859.3,39120
2021-04-26 09:19:36,2859.25,39125
2021-04-26 09:19:37,2859.25,39143
2021-04-26 09:19:39,2859.05,39158
2021-04-26 09:19:40,2859.3,39252
2021-04-26 09:19:40,2859.25,39253
2021-04-26 09:19:41,2859.3,39258
2021-04-26 09:19:43,2857.3,39378
2021-04-26 09:19:44,2857.3,39378
2021-04-26 09:19:45,2857.15,39398
2021-04-26 09:19:46,2855.95,39618
2021-04-26 09:19:47,2857.75,39652
2021-04-26 09:19:47,2855.95,39665
2021-04-26 09:19:49,2855.95,39665
2021-04-26 09:19:50,2857.65,39675
2021-04-26 09:19:52,2855.55,39778
2021-04-26 09:19:53,2857.1,39791
2021-04-26 09:19:53,2857.1,39792
2021-04-26 09:19:55,2855.45,41325
2021-04-26 09:19:55,2855.45,41325
2021-04-26 09:19:56,2855.45,41326
2021-04-26 09:19:57,2855.45,41381
2021-04-26 09:19:59,2856.9,41431
2021-04-26 09:20:00,2855.45,41478
2021-04-26 09:20:01,2856.9,41537
2021-04-26 09:20:02,2856.9,41540
2021-04-26 09:20:03,2856.9,41550
2021-04-26 09:20:04,2857.95,41950
2021-04-26 09:20:05,2866.0,43932
2021-04-26 09:20:06,2865.25,44082
2021-04-26 09:20:07,2865.25,44090
2021-04-26 09:20:08,2865.15,44091
2021-04-26 09:20:09,2863.3,44104
2021-04-26 09:20:10,2863.3,44107
2021-04-26 09:20:11,2863.3,44107
2021-04-26 09:20:12,2863.3,44107
2021-04-26 09:20:13,2861.6,44118
2021-04-26 09:20:14,2861.6,44118
2021-04-26 09:20:14,2861.6,44118
2021-04-26 09:20:15,2861.6,44118
2021-04-26 09:20:17,2862.75,44261
2021-04-26 09:20:18,2862.75,44269
2021-04-26 09:20:18,2862.75,44556
2021-04-26 09:20:19,2861.95,44808
2021-04-26 09:20:21,2861.9,44838
2021-04-26 09:20:21,2862.75,44855
2021-04-26 09:20:22,2862.75,44856
2021-04-26 09:20:24,2862.75,44856
2021-04-26 09:20:25,2861.95,44862
2021-04-26 09:20:26,2862.75,44863
2021-04-26 09:20:27,2862.85,45167
2021-04-26 09:20:28,2862.95,45171
2021-04-26 09:20:29,2862.95,45171
2021-04-26 09:20:30,2862.95,45171
2021-04-26 09:20:31,2864.8,45172
2021-04-26 09:20:32,2864.85,45187
2021-04-26 09:20:33,2862.6,45498
2021-04-26 09:20:34,2862.7,45501
2021-04-26 09:20:35,2862.7,45551
2021-04-26 09:20:36,2862.8,45559
2021-04-26 09:20:37,2862.8,45575
2021-04-26 09:20:38,2862.8,45575
2021-04-26 09:20:39,2864.65,45601
2021-04-26 09:20:39,2864.55,45640
2021-04-26 09:20:41,2864.55,45697
2021-04-26 09:20:42,2865.0,46107
2021-04-26 09:20:43,2864.9,46139
2021-04-26 09:20:44,2864.9,46139
2021-04-26 09:20:45,2864.95,46141
2021-04-26 09:20:46,2864.9,46147
2021-04-26 09:20:47,2864.9,46163
2021-04-26 09:20:47,2865.0,46264
2021-04-26 09:20:48,2864.9,46269
2021-04-26 09:20:50,2863.4,46288
2021-04-26 09:20:50,2863.4,46288
2021-04-26 09:20:53,2863.4,46288
2021-04-26 09:20:54,2864.0,46291
2021-04-26 09:20:55,2864.8,46317
2021-04-26 09:20:56,2864.8,46419
2021-04-26 09:20:56,2864.8,46425
2021-04-26 09:20:57,2864.8,46425
2021-04-26 09:20:58,2863.35,46437
2021-04-26 09:20:59,2863.7,46499
2021-04-26 09:21:00,2869.95,47619
2021-04-26 09:21:02,2867.65,47697
2021-04-26 09:21:03,2867.4,47748
2021-04-26 09:21:04,2869.05,47749
2021-04-26 09:21:05,2868.7,47808
2021-04-26 09:21:06,2868.6,47824
2021-04-26 09:21:07,2868.6,47825
2021-04-26 09:21:08,2867.4,47827
2021-04-26 09:21:09,2867.35,47838
2021-04-26 09:21:10,2867.3,47846
2021-04-26 09:21:11,2867.35,47964
2021-04-26 09:21:12,2865.5,47972
2021-04-26 09:21:13,2867.25,48012
2021-04-26 09:21:14,2865.5,48016
2021-04-26 09:21:15,2865.5,48021
2021-04-26 09:21:16,2866.0,48026
2021-04-26 09:21:17,2865.0,48131
2021-04-26 09:21:18,2864.95,48331
2021-04-26 09:21:19,2864.95,48331
2021-04-26 09:21:20,2865.0,48340
2021-04-26 09:21:21,2865.0,48370
2021-04-26 09:21:22,2864.5,48507
2021-04-26 09:21:23,2864.5,48507
2021-04-26 09:21:24,2864.5,48523
2021-04-26 09:21:25,2865.0,48533
2021-04-26 09:21:26,2865.0,48533
2021-04-26 09:21:27,2865.75,48538
2021-04-26 09:21:28,2865.75,48538
2021-04-26 09:21:29,2863.5,48714
2021-04-26 09:21:30,2863.3,48722
2021-04-26 09:21:31,2863.3,48722
2021-04-26 09:21:32,2862.85,48921
2021-04-26 09:21:33,2862.0,49038
2021-04-26 09:21:34,2863.05,49075
2021-04-26 09:21:35,2861.15,49086
2021-04-26 09:21:36,2861.15,49116
2021-04-26 09:21:37,2861.15,49116
2021-04-26 09:21:38,2862.5,49117
2021-04-26 09:21:38,2861.1,49118
2021-04-26 09:21:40,2861.0,49147
2021-04-26 09:21:41,2861.05,49698
2021-04-26 09:21:41,2861.05,49698
2021-04-26 09:21:43,2861.05,49698
2021-04-26 09:21:43,2861.05,49698
2021-04-26 09:21:44,2861.05,49698
2021-04-26 09:21:45,2860.85,49741
2021-04-26 09:21:47,2860.6,49743
2021-04-26 09:21:48,2860.0,51660
2021-04-26 09:21:49,2859.35,51677
2021-04-26 09:21:50,2860.0,51705
2021-04-26 09:21:51,2860.0,51705
2021-04-26 09:21:52,2860.0,51705
2021-04-26 09:21:53,2859.75,51725
2021-04-26 09:21:54,2859.75,51757
2021-04-26 09:21:55,2859.75,51757
2021-04-26 09:21:56,2858.5,52192
2021-04-26 09:21:57,2857.65,52204
2021-04-26 09:21:58,2857.65,52204
2021-04-26 09:21:59,2856.95,52206
2021-04-26 09:22:00,2856.9,52208
2021-04-26 09:22:01,2856.1,52218
2021-04-26 09:22:02,2857.45,52523
2021-04-26 09:22:03,2856.0,52534
2021-04-26 09:22:04,2857.65,52735
2021-04-26 09:22:05,2856.05,52758
2021-04-26 09:22:06,2856.05,52758
2021-04-26 09:22:07,2856.05,52758
2021-04-26 09:22:08,2856.05,52758
2021-04-26 09:22:09,2855.55,52761
2021-04-26 09:22:10,2856.0,52861
2021-04-26 09:22:11,2856.0,52861
2021-04-26 09:22:12,2856.0,52861
2021-04-26 09:22:13,2856.0,52871
2021-04-26 09:22:14,2856.0,52871
2021-04-26 09:22:15,2856.0,52935
2021-04-26 09:22:16,2856.0,52937
2021-04-26 09:22:17,2856.0,52937
2021-04-26 09:22:18,2856.4,52940
2021-04-26 09:22:19,2856.4,52940
2021-04-26 09:22:20,2856.4,52940
2021-04-26 09:22:21,2856.4,53147
2021-04-26 09:22:22,2857.0,53157
2021-04-26 09:22:23,2857.0,53157
2021-04-26 09:22:24,2856.0,53357
2021-04-26 09:22:25,2856.0,53357
2021-04-26 09:22:26,2856.0,53357
2021-04-26 09:22:27,2856.1,53364
2021-04-26 09:22:28,2856.1,53364
2021-04-26 09:22:29,2856.95,53375
2021-04-26 09:22:30,2856.95,53383
2021-04-26 09:22:31,2856.95,53383
2021-04-26 09:22:32,2856.95,53383
2021-04-26 09:22:34,2856.2,54089
2021-04-26 09:22:33,2855.55,54079
2021-04-26 09:22:35,2856.2,54089
2021-04-26 09:22:36,2854.15,54272
2021-04-26 09:22:37,2852.85,54382
2021-04-26 09:22:38,2852.6,54461
2021-04-26 09:22:39,2850.8,54517
2021-04-26 09:22:40,2850.8,54517
2021-04-26 09:22:41,2852.25,54525
2021-04-26 09:22:42,2852.55,55035
2021-04-26 09:22:44,2850.55,55054
2021-04-26 09:22:45,2850.55,55057
2021-04-26 09:22:46,2850.5,55061
2021-04-26 09:22:47,2850.3,55071
2021-04-26 09:22:48,2850.0,55142
2021-04-26 09:22:49,2850.0,55142
2021-04-26 09:22:50,2850.0,55142
2021-04-26 09:22:51,2851.7,55232
2021-04-26 09:22:52,2851.65,55246
2021-04-26 09:22:53,2850.55,55253
2021-04-26 09:22:54,2850.1,55259
2021-04-26 09:22:55,2850.1,55259
2021-04-26 09:22:56,2851.5,55282
2021-04-26 09:22:57,2850.05,55287
2021-04-26 09:22:58,2851.0,55292
2021-04-26 09:22:59,2851.5,55332
2021-04-26 09:23:00,2851.5,55332
2021-04-26 09:23:01,2850.3,55335
2021-04-26 09:23:03,2851.45,55346
2021-04-26 09:23:02,2851.45,55346
2021-04-26 09:23:04,2851.45,55346
2021-04-26 09:23:05,2851.0,55496
2021-04-26 09:23:06,2850.05,55499
2021-04-26 09:23:07,2851.3,55501
2021-04-26 09:23:08,2850.0,55755
2021-04-26 09:23:09,2849.95,55771
2021-04-26 09:23:10,2849.0,55798
2021-04-26 09:23:11,2849.0,55803
2021-04-26 09:23:12,2848.25,55858
2021-04-26 09:23:13,2848.05,56009
2021-04-26 09:23:14,2848.15,56040
2021-04-26 09:23:15,2848.25,56101
2021-04-26 09:23:16,2848.25,56101
2021-04-26 09:23:17,2848.05,56141
2021-04-26 09:23:18,2848.05,56141
2021-04-26 09:23:19,2848.05,56165
2021-04-26 09:23:20,2848.0,56182
2021-04-26 09:23:21,2848.0,56271
2021-04-26 09:23:22,2848.0,56283
2021-04-26 09:23:23,2848.0,56283
2021-04-26 09:23:24,2848.0,56333
2021-04-26 09:23:25,2848.0,56333
2021-04-26 09:23:26,2848.1,57718
2021-04-26 09:23:28,2848.0,58177
2021-04-26 09:23:27,2848.0,58177
2021-04-26 09:23:29,2846.25,58213
2021-04-26 09:23:31,2846.25,58213
2021-04-26 09:23:32,2846.25,58213
2021-04-26 09:23:33,2846.1,58226
2021-04-26 09:23:34,2846.6,58433
2021-04-26 09:23:35,2845.0,58437
2021-04-26 09:23:36,2844.45,58493
2021-04-26 09:23:37,2844.5,58501
2021-04-26 09:23:38,2844.5,58501
2021-04-26 09:23:40,2844.5,58646
2021-04-26 09:23:41,2844.5,58672
2021-04-26 09:23:42,2844.2,58674
2021-04-26 09:23:43,2844.2,58685
2021-04-26 09:23:44,2844.2,58692
2021-04-26 09:23:45,2847.0,59198
2021-04-26 09:23:47,2847.2,59388
2021-04-26 09:23:48,2844.8,59392
2021-04-26 09:23:49,2844.8,59544
2021-04-26 09:23:50,2846.55,59555
2021-04-26 09:23:51,2846.55,59555
2021-04-26 09:23:52,2846.55,59610
2021-04-26 09:23:53,2845.05,59612
2021-04-26 09:23:54,2845.05,59612
2021-04-26 09:23:55,2845.05,59612
2021-04-26 09:23:56,2845.1,59690
2021-04-26 09:23:57,2845.1,59690
2021-04-26 09:23:58,2846.5,59708
2021-04-26 09:23:59,2846.5,59709
2021-04-26 09:24:00,2846.55,59759
2021-04-26 09:24:01,2846.55,59759
2021-04-26 09:24:02,2846.55,59759
2021-04-26 09:24:04,2847.8,60038
2021-04-26 09:24:05,2847.8,60038
2021-04-26 09:24:07,2846.5,60045
2021-04-26 09:24:08,2847.3,60052
2021-04-26 09:24:09,2847.45,60256
2021-04-26 09:24:10,2845.8,60293
2021-04-26 09:24:13,2845.65,60430
2021-04-26 09:24:13,2845.65,60430
2021-04-26 09:24:15,2844.0,61361
2021-04-26 09:24:15,2844.0,61361
2021-04-26 09:24:16,2843.55,61399
2021-04-26 09:24:18,2845.35,61431
2021-04-26 09:24:18,2845.35,61431
2021-04-26 09:24:19,2843.25,61492
2021-04-26 09:24:20,2845.15,61503
2021-04-26 09:24:22,2845.1,61529
2021-04-26 09:24:21,2845.15,61508
2021-04-26 09:24:23,2843.5,61539
2021-04-26 09:24:24,2843.4,61544
2021-04-26 09:24:25,2843.55,61714
2021-04-26 09:24:26,2843.55,61716
2021-04-26 09:24:27,2843.5,61763
2021-04-26 09:24:28,2843.5,61788
2021-04-26 09:24:29,2843.4,61798
2021-04-26 09:24:31,2843.5,61944
2021-04-26 09:24:31,2844.9,61852
2021-04-26 09:24:33,2843.35,61951
2021-04-26 09:24:33,2842.95,62570
2021-04-26 09:24:34,2842.0,62742
2021-04-26 09:24:35,2842.0,62888
2021-04-26 09:24:36,2842.0,62888
2021-04-26 09:24:37,2841.05,62927
2021-04-26 09:24:38,2843.7,63943
2021-04-26 09:24:40,2844.35,63968
2021-04-26 09:24:40,2844.35,63968
2021-04-26 09:24:41,2843.65,63976
2021-04-26 09:24:43,2845.8,63990
2021-04-26 09:24:43,2843.1,64015
2021-04-26 09:24:45,2845.2,64021
2021-04-26 09:24:46,2842.55,64028
2021-04-26 09:24:46,2842.55,64028
2021-04-26 09:24:48,2844.4,64073
2021-04-26 09:24:48,2842.25,64083
2021-04-26 09:24:49,2842.25,64083
2021-04-26 09:24:50,2842.25,64083
2021-04-26 09:24:52,2842.95,64100
2021-04-26 09:24:52,2842.95,64100
2021-04-26 09:24:53,2842.95,64100
2021-04-26 09:24:54,2842.95,64100
2021-04-26 09:24:56,2841.8,64314
2021-04-26 09:24:56,2841.8,64314
2021-04-26 09:24:58,2843.7,64400
2021-04-26 09:24:58,2843.7,64400
2021-04-26 09:24:59,2843.7,64400
2021-04-26 09:25:00,2843.7,64400
2021-04-26 09:25:01,2843.55,64821
2021-04-26 09:25:02,2843.55,64821
2021-04-26 09:25:03,2843.55,64821
2021-04-26 09:25:04,2843.55,64921
2021-04-26 09:25:05,2843.55,64921
2021-04-26 09:25:06,2843.95,64962
2021-04-26 09:25:07,2843.95,64967
2021-04-26 09:25:08,2843.95,64967
2021-04-26 09:25:10,2843.95,64977
2021-04-26 09:25:11,2843.95,65013
2021-04-26 09:25:11,2843.95,65013
2021-04-26 09:25:12,2843.95,65053
2021-04-26 09:25:13,2844.0,65083
2021-04-26 09:25:14,2844.0,65083
2021-04-26 09:25:15,2844.0,65151
2021-04-26 09:25:16,2842.6,65175
2021-04-26 09:25:17,2842.6,65175
2021-04-26 09:25:18,2844.35,65229
2021-04-26 09:25:19,2843.7,65726
2021-04-26 09:25:20,2843.7,65726
2021-04-26 09:25:21,2843.0,65728
2021-04-26 09:25:23,2842.6,65816
2021-04-26 09:25:23,2842.6,65816
2021-04-26 09:25:24,2843.9,65817
2021-04-26 09:25:25,2842.5,65845
2021-04-26 09:25:26,2842.5,65860
2021-04-26 09:25:27,2842.0,65896
2021-04-26 09:25:28,2841.1,65960
2021-04-26 09:25:29,2841.1,65960
2021-04-26 09:25:30,2841.05,66166
2021-04-26 09:25:32,2841.05,66178
2021-04-26 09:25:33,2842.5,66228
2021-04-26 09:25:35,2842.5,66228
2021-04-26 09:25:37,2842.0,66230
2021-04-26 09:25:40,2840.25,67195
2021-04-26 09:25:41,2840.0,67563
2021-04-26 09:25:42,2838.2,68330
2021-04-26 09:25:43,2837.95,68729
2021-04-26 09:25:44,2837.85,68791
2021-04-26 09:25:46,2837.65,69245
2021-04-26 09:25:46,2836.05,69257
2021-04-26 09:25:47,2836.05,69257
2021-04-26 09:25:48,2837.65,69610
2021-04-26 09:25:50,2837.65,69610
2021-04-26 09:25:50,2839.25,69620
2021-04-26 09:25:51,2836.85,69670
2021-04-26 09:25:52,2837.6,69672
2021-04-26 09:25:53,2837.1,69907
2021-04-26 09:25:54,2839.1,69957
2021-04-26 09:25:55,2839.1,69957
2021-04-26 09:25:56,2838.9,69977
2021-04-26 09:25:58,2838.9,69983
2021-04-26 09:25:58,2838.9,69983
2021-04-26 09:26:00,2837.35,70044
2021-04-26 09:26:00,2837.35,70059
2021-04-26 09:26:01,2839.55,70622
2021-04-26 09:26:02,2839.55,70622
2021-04-26 09:26:03,2840.05,70642
2021-04-26 09:26:04,2840.9,70690
2021-04-26 09:26:05,2840.9,70690
2021-04-26 09:26:06,2840.9,70690
2021-04-26 09:26:07,2839.2,70694
2021-04-26 09:26:09,2839.4,70923
2021-04-26 09:26:10,2839.35,70925
2021-04-26 09:26:11,2839.35,70925
2021-04-26 09:26:12,2838.25,70933
2021-04-26 09:26:14,2838.25,70933
2021-04-26 09:26:15,2838.0,70934
2021-04-26 09:26:15,2837.8,70935
2021-04-26 09:26:17,2837.45,70956
2021-04-26 09:26:17,2837.45,70956
2021-04-26 09:26:19,2840.65,71997
2021-04-26 09:26:20,2840.65,71997
2021-04-26 09:26:21,2840.65,71997
2021-04-26 09:26:22,2840.8,72102
2021-04-26 09:26:23,2839.15,72169
2021-04-26 09:26:24,2838.85,72212
2021-04-26 09:26:25,2838.85,72212
2021-04-26 09:26:27,2839.3,72262
2021-04-26 09:26:28,2838.75,72300
2021-04-26 09:26:28,2838.1,72303
2021-04-26 09:26:29,2837.8,72375
2021-04-26 09:26:30,2840.0,72932
2021-04-26 09:26:31,2842.0,73090
2021-04-26 09:26:32,2842.0,73090
2021-04-26 09:26:33,2841.3,73091
2021-04-26 09:26:34,2841.3,73091
2021-04-26 09:26:35,2841.3,73091
2021-04-26 09:26:36,2841.3,73091
2021-04-26 09:26:37,2841.05,73100
2021-04-26 09:26:38,2842.65,73140
2021-04-26 09:26:39,2842.65,73140
2021-04-26 09:26:40,2840.25,73149
2021-04-26 09:26:41,2841.95,73159
2021-04-26 09:26:42,2841.65,73210
2021-04-26 09:26:43,2841.65,73210
2021-04-26 09:26:44,2841.65,73246
2021-04-26 09:26:47,2841.65,73363
2021-04-26 09:26:48,2841.65,73373
2021-04-26 09:26:49,2841.65,73373
2021-04-26 09:26:49,2841.65,73373
2021-04-26 09:26:50,2841.65,73374
2021-04-26 09:26:51,2841.65,73392
2021-04-26 09:26:53,2841.65,73811
2021-04-26 09:26:54,2843.0,74316
2021-04-26 09:26:55,2846.0,75016
2021-04-26 09:26:56,2846.0,75016
2021-04-26 09:26:56,2846.0,75016
2021-04-26 09:26:57,2843.0,75066
2021-04-26 09:26:58,2843.3,75120
2021-04-26 09:26:59,2843.3,75120
2021-04-26 09:27:00,2842.75,75421
2021-04-26 09:27:01,2842.75,75421
2021-04-26 09:27:02,2842.75,75421
2021-04-26 09:27:03,2842.75,75421
2021-04-26 09:27:04,2842.75,75421
2021-04-26 09:27:05,2843.1,75524
2021-04-26 09:27:06,2842.65,75553
2021-04-26 09:27:07,2842.65,75560
2021-04-26 09:27:08,2842.65,75585
2021-04-26 09:27:10,2841.05,76593
2021-04-26 09:27:10,2842.6,76805
2021-04-26 09:27:11,2842.6,76955
2021-04-26 09:27:12,2842.6,76980
2021-04-26 09:27:13,2842.6,77257
2021-04-26 09:27:14,2842.6,77267
2021-04-26 09:27:16,2842.6,77268
2021-04-26 09:27:17,2842.0,77271
2021-04-26 09:27:18,2842.0,77281
2021-04-26 09:27:19,2843.75,77591
2021-04-26 09:27:20,2843.65,77616
2021-04-26 09:27:20,2843.65,77616
2021-04-26 09:27:21,2842.6,77636
2021-04-26 09:27:22,2843.65,77637
2021-04-26 09:27:23,2842.2,77674
2021-04-26 09:27:24,2842.2,77677
2021-04-26 09:27:25,2842.2,77679
2021-04-26 09:27:26,2842.2,77723
2021-04-26 09:27:28,2842.2,77723
2021-04-26 09:27:28,2842.0,77823
2021-04-26 09:27:30,2842.0,77823
2021-04-26 09:27:30,2842.0,77823
2021-04-26 09:27:31,2842.0,77823
2021-04-26 09:27:32,2841.05,77824
2021-04-26 09:27:33,2842.2,77894
2021-04-26 09:27:34,2842.2,77949
2021-04-26 09:27:36,2842.2,77974
2021-04-26 09:27:37,2842.7,78368
2021-04-26 09:27:38,2842.7,78368
2021-04-26 09:27:38,2842.7,78368
2021-04-26 09:27:39,2844.8,78454
2021-04-26 09:27:40,2844.8,78454
2021-04-26 09:27:41,2844.8,78454
2021-04-26 09:27:42,2842.6,78464
2021-04-26 09:27:43,2842.6,78464
2021-04-26 09:27:44,2842.6,78464
2021-04-26 09:27:45,2842.6,78464
2021-04-26 09:27:46,2843.95,78467
2021-04-26 09:27:47,2843.95,78467
2021-04-26 09:27:48,2843.9,78475
2021-04-26 09:27:49,2843.85,78476
2021-04-26 09:27:50,2843.85,78509
2021-04-26 09:27:51,2843.85,78509
2021-04-26 09:27:52,2843.7,79123
2021-04-26 09:27:53,2842.0,79188
2021-04-26 09:27:54,2842.0,79243
2021-04-26 09:27:55,2841.05,79324
2021-04-26 09:27:57,2842.0,79452
2021-04-26 09:27:58,2842.0,79552
2021-04-26 09:27:59,2842.0,79560
2021-04-26 09:27:59,2842.0,79560
2021-04-26 09:28:00,2840.95,80571
2021-04-26 09:28:01,2841.0,80821
2021-04-26 09:28:02,2840.95,80831
2021-04-26 09:28:03,2840.0,80844
2021-04-26 09:28:04,2840.0,80846
2021-04-26 09:28:05,2839.4,80863
2021-04-26 09:28:06,2840.9,80982
2021-04-26 09:28:07,2840.4,81286
2021-04-26 09:28:08,2838.35,81290
2021-04-26 09:28:09,2840.35,81341
2021-04-26 09:28:10,2840.15,81342
2021-04-26 09:28:11,2838.05,81350
2021-04-26 09:28:12,2839.4,81362
2021-04-26 09:28:13,2838.0,81434
2021-04-26 09:28:14,2837.5,81443
2021-04-26 09:28:15,2837.55,81445
2021-04-26 09:28:16,2839.3,81446
2021-04-26 09:28:17,2839.3,81446
2021-04-26 09:28:18,2837.45,81458
2021-04-26 09:28:19,2839.05,82406
2021-04-26 09:28:21,2840.0,82407
2021-04-26 09:28:22,2840.0,82408
2021-04-26 09:28:23,2840.0,82418
2021-04-26 09:28:24,2839.3,82470
2021-04-26 09:28:25,2839.3,82579
2021-04-26 09:28:27,2840.0,82589
2021-04-26 09:28:28,2840.0,82589
2021-04-26 09:28:29,2839.0,82591
2021-04-26 09:28:30,2839.0,82595
2021-04-26 09:28:31,2839.05,82596
2021-04-26 09:28:31,2839.05,82596
2021-04-26 09:28:32,2839.05,82598
2021-04-26 09:28:33,2839.05,82602
2021-04-26 09:28:34,2839.0,82712
2021-04-26 09:28:35,2838.35,82719
2021-04-26 09:28:36,2839.85,82769
2021-04-26 09:28:38,2839.3,82798
2021-04-26 09:28:39,2839.85,82808
2021-04-26 09:28:40,2839.85,82808
2021-04-26 09:28:40,2839.85,82808
2021-04-26 09:28:41,2839.3,82820
2021-04-26 09:28:42,2839.3,82820
2021-04-26 09:28:43,2839.0,82831
2021-04-26 09:28:45,2839.0,82832
2021-04-26 09:28:46,2838.0,82841
2021-04-26 09:28:47,2838.0,82841
2021-04-26 09:28:48,2838.0,82841
2021-04-26 09:28:48,2838.0,82854
2021-04-26 09:28:49,2838.0,82854
2021-04-26 09:28:50,2838.0,82854
2021-04-26 09:28:52,2838.0,82928
2021-04-26 09:28:53,2838.15,83571
2021-04-26 09:28:54,2838.15,83571
2021-04-26 09:28:55,2838.45,83574
2021-04-26 09:28:56,2838.45,83574
2021-04-26 09:28:57,2838.45,83574
2021-04-26 09:28:58,2838.7,83577
2021-04-26 09:28:59,2840.65,84042
2021-04-26 09:29:01,2842.85,84043
2021-04-26 09:29:03,2842.85,84043
2021-04-26 09:29:03,2842.85,84043
2021-04-26 09:29:04,2842.75,84073
2021-04-26 09:29:05,2842.85,84118
2021-04-26 09:29:07,2842.85,84118
2021-04-26 09:29:07,2842.85,84118
2021-04-26 09:29:08,2842.75,84143
2021-04-26 09:29:09,2842.0,84188
2021-04-26 09:29:10,2842.0,84188
2021-04-26 09:29:12,2840.8,84189
2021-04-26 09:29:14,2842.0,84716
2021-04-26 09:29:16,2842.0,84756
2021-04-26 09:29:17,2841.45,84857
2021-04-26 09:29:18,2841.45,84857
2021-04-26 09:29:19,2841.45,84857
2021-04-26 09:29:20,2841.45,84857
2021-04-26 09:29:20,2846.0,85552
2021-04-26 09:29:21,2846.0,85552
2021-04-26 09:29:22,2842.2,85752
2021-04-26 09:29:23,2845.2,85890
2021-04-26 09:29:25,2845.2,85890
2021-04-26 09:29:26,2845.2,85890
2021-04-26 09:29:27,2844.95,85902
2021-04-26 09:29:28,2842.65,85930
2021-04-26 09:29:28,2842.65,85930
2021-04-26 09:29:29,2842.65,85930
2021-04-26 09:29:30,2844.5,85989
2021-04-26 09:29:32,2844.35,85999
2021-04-26 09:29:33,2844.35,85999
2021-04-26 09:29:33,2842.1,86059
2021-04-26 09:29:34,2842.3,86080
2021-04-26 09:29:35,2843.6,86090
2021-04-26 09:29:36,2842.0,86146
2021-04-26 09:29:37,2842.0,86146
2021-04-26 09:29:39,2842.75,86157
2021-04-26 09:29:40,2841.85,86178
2021-04-26 09:29:40,2841.85,86178
2021-04-26 09:29:41,2841.85,86178
2021-04-26 09:29:43,2840.8,86187
2021-04-26 09:29:43,2841.75,86429
2021-04-26 09:29:45,2841.7,86431
2021-04-26 09:29:46,2841.7,86431
2021-04-26 09:29:47,2841.65,86432
2021-04-26 09:29:47,2841.7,86445
2021-04-26 09:29:48,2841.65,86459
2021-04-26 09:29:49,2840.5,86468
2021-04-26 09:29:50,2841.65,86473
2021-04-26 09:29:51,2841.65,86474
2021-04-26 09:29:52,2841.65,86475
2021-04-26 09:29:53,2840.5,86517
2021-04-26 09:29:54,2837.55,87475
2021-04-26 09:29:56,2837.0,87742
2021-04-26 09:29:57,2836.45,87752
2021-04-26 09:29:58,2836.35,87822
2021-04-26 09:29:59,2836.35,87827
2021-04-26 09:30:00,2836.05,87837
2021-04-26 09:30:00,2836.05,87837
2021-04-26 09:30:01,2836.35,88488
2021-04-26 09:30:02,2836.55,88489
2021-04-26 09:30:03,2837.15,88670
2021-04-26 09:30:05,2837.15,88670
2021-04-26 09:30:06,2836.05,88682
2021-04-26 09:30:07,2836.05,88682
2021-04-26 09:30:07,2836.05,88682
2021-04-26 09:30:08,2837.0,88987
2021-04-26 09:30:09,2837.0,88987
2021-04-26 09:30:10,2837.0,89022
2021-04-26 09:30:11,2837.0,89073
2021-04-26 09:30:12,2837.0,89073
2021-04-26 09:30:14,2836.55,89083
2021-04-26 09:30:15,2836.55,89083
2021-04-26 09:30:17,2836.55,89102
2021-04-26 09:30:18,2837.0,89112
2021-04-26 09:30:19,2841.55,89973
2021-04-26 09:30:20,2840.2,90077
2021-04-26 09:30:21,2841.75,90100
2021-04-26 09:30:22,2840.75,90103
2021-04-26 09:30:23,2840.75,90135
2021-04-26 09:30:24,2840.7,90141
2021-04-26 09:30:24,2840.7,90141
2021-04-26 09:30:25,2839.5,90156
2021-04-26 09:30:26,2840.5,90256
2021-04-26 09:30:27,2840.5,90261
2021-04-26 09:30:29,2838.65,90293
2021-04-26 09:30:30,2838.0,90301
2021-04-26 09:30:31,2838.0,90353
2021-04-26 09:30:32,2838.6,90400
2021-04-26 09:30:33,2838.0,90455
2021-04-26 09:30:34,2836.6,90460
2021-04-26 09:30:35,2838.65,90684
2021-04-26 09:30:36,2838.6,90714
2021-04-26 09:30:37,2838.6,90714
2021-04-26 09:30:39,2838.6,90714
2021-04-26 09:30:40,2838.6,90719
2021-04-26 09:30:41,2838.55,90729
2021-04-26 09:30:42,2838.0,90734
2021-04-26 09:30:43,2836.9,90739
2021-04-26 09:30:44,2836.9,90739
2021-04-26 09:30:45,2836.7,90740
2021-04-26 09:30:46,2836.7,90792
2021-04-26 09:30:47,2836.65,90810
2021-04-26 09:30:47,2836.65,90810
2021-04-26 09:30:49,2837.9,90811
2021-04-26 09:30:50,2836.65,90819
2021-04-26 09:30:51,2836.65,90819
2021-04-26 09:30:52,2836.65,90904
2021-04-26 09:30:53,2836.55,90976
2021-04-26 09:30:55,2836.55,90986
2021-04-26 09:30:56,2836.55,90987
2021-04-26 09:30:57,2836.55,91046
2021-04-26 09:30:57,2836.55,91046
2021-04-26 09:30:58,2836.35,91050
2021-04-26 09:30:59,2835.7,92203
2021-04-26 09:31:01,2836.2,92643
2021-04-26 09:31:02,2839.3,93511
2021-04-26 09:31:03,2839.3,93511
2021-04-26 09:31:04,2839.3,93511
2021-04-26 09:31:04,2839.3,93511
2021-04-26 09:31:05,2839.8,93663
2021-04-26 09:31:07,2839.0,93982
2021-04-26 09:31:08,2839.0,93982
2021-04-26 09:31:08,2839.0,93982
2021-04-26 09:31:09,2836.55,94062
2021-04-26 09:31:10,2837.95,94156
2021-04-26 09:31:12,2837.6,94225
2021-04-26 09:31:14,2837.55,94228
2021-04-26 09:31:15,2837.55,94228
2021-04-26 09:31:16,2837.55,94230
2021-04-26 09:31:17,2837.55,94290
2021-04-26 09:31:17,2837.55,94315
2021-04-26 09:31:19,2837.55,94325
2021-04-26 09:31:20,2837.55,94341
2021-04-26 09:31:21,2837.55,94352
2021-04-26 09:31:22,2837.55,94352
2021-04-26 09:31:23,2836.0,94359
2021-04-26 09:31:23,2835.1,94361
2021-04-26 09:31:24,2835.0,94382
2021-04-26 09:31:26,2835.0,94557
2021-04-26 09:31:26,2833.05,95024
2021-04-26 09:31:28,2833.3,95053
2021-04-26 09:31:29,2833.0,95165
2021-04-26 09:31:29,2833.0,95252
2021-04-26 09:31:30,2833.3,95253
2021-04-26 09:31:31,2833.3,95268
2021-04-26 09:31:33,2833.1,95301
2021-04-26 09:31:34,2833.1,95891
2021-04-26 09:31:35,2833.35,95906
2021-04-26 09:31:36,2833.35,95906
2021-04-26 09:31:38,2834.45,96017
2021-04-26 09:31:39,2834.45,96027
2021-04-26 09:31:40,2834.45,96086
2021-04-26 09:31:41,2834.45,96086
2021-04-26 09:31:42,2834.9,96459
2021-04-26 09:31:43,2834.9,96459
2021-04-26 09:31:44,2833.5,96489
2021-04-26 09:31:45,2836.7,96550
2021-04-26 09:31:46,2836.7,96550
2021-04-26 09:31:47,2836.25,96554
2021-04-26 09:31:48,2834.45,96594
2021-04-26 09:31:48,2836.25,96554
2021-04-26 09:31:49,2835.85,96605
2021-04-26 09:31:50,2835.8,96619
2021-04-26 09:31:51,2835.8,96619
2021-04-26 09:31:53,2834.9,96675
2021-04-26 09:31:54,2833.6,96750
2021-04-26 09:31:55,2833.75,96771
2021-04-26 09:31:56,2834.9,96988
2021-04-26 09:31:57,2834.9,96990
2021-04-26 09:31:58,2834.9,97042
2021-04-26 09:31:59,2834.9,97042
2021-04-26 09:32:00,2836.0,97106
2021-04-26 09:32:01,2835.8,97123
2021-04-26 09:32:02,2835.8,97125
2021-04-26 09:32:03,2835.8,97125
2021-04-26 09:32:04,2835.8,97125
2021-04-26 09:32:05,2834.9,97150
2021-04-26 09:32:06,2834.9,97150
2021-04-26 09:32:07,2835.0,97152
2021-04-26 09:32:08,2834.9,97154
2021-04-26 09:32:09,2835.0,97254
2021-04-26 09:32:11,2835.0,97254
2021-04-26 09:32:12,2835.05,97334
2021-04-26 09:32:13,2835.05,97334
2021-04-26 09:32:14,2835.05,97334
2021-04-26 09:32:15,2835.0,97340
2021-04-26 09:32:16,2836.0,97345
2021-04-26 09:32:17,2835.0,97353
2021-04-26 09:32:18,2835.0,97353
2021-04-26 09:32:19,2835.0,97354
2021-04-26 09:32:20,2836.0,97365
2021-04-26 09:32:21,2835.5,97375
2021-04-26 09:32:22,2836.0,97384
2021-04-26 09:32:23,2835.5,97401
2021-04-26 09:32:24,2835.5,97541
2021-04-26 09:32:25,2835.5,97599
2021-04-26 09:32:25,2835.5,97629
2021-04-26 09:32:26,2835.5,97949
2021-04-26 09:32:27,2835.5,97951
2021-04-26 09:32:29,2835.5,98007
2021-04-26 09:32:29,2835.5,98007
2021-04-26 09:32:31,2837.4,98008
2021-04-26 09:32:31,2837.4,98008
2021-04-26 09:32:32,2837.4,98008
2021-04-26 09:32:33,2837.4,98008
2021-04-26 09:32:35,2837.65,98043
2021-04-26 09:32:36,2837.65,98043
2021-04-26 09:32:37,2837.35,98146
2021-04-26 09:32:37,2837.35,98146
2021-04-26 09:32:39,2837.35,98146
2021-04-26 09:32:40,2837.35,98146
2021-04-26 09:32:41,2837.0,98147
2021-04-26 09:32:42,2837.0,98248
2021-04-26 09:32:43,2837.0,98258
2021-04-26 09:32:44,2837.0,98258
2021-04-26 09:32:45,2836.1,98268
2021-04-26 09:32:46,2837.0,98278
2021-04-26 09:32:47,2837.0,98278
2021-04-26 09:32:48,2837.0,98388
2021-04-26 09:32:49,2837.0,98388
2021-04-26 09:32:50,2837.0,98405
2021-04-26 09:32:51,2837.0,98407
2021-04-26 09:32:52,2837.0,98407
2021-04-26 09:32:53,2836.95,98408
2021-04-26 09:32:54,2836.0,98413
2021-04-26 09:32:55,2835.5,98427
2021-04-26 09:32:56,2836.5,98432
2021-04-26 09:32:57,2836.5,98612
2021-04-26 09:32:58,2836.0,98614
2021-04-26 09:32:59,2835.55,98620
2021-04-26 09:33:00,2836.0,98622
2021-04-26 09:33:01,2835.8,99135
2021-04-26 09:33:02,2835.0,99150
2021-04-26 09:33:03,2835.85,99206
2021-04-26 09:33:04,2835.85,99206
2021-04-26 09:33:05,2835.0,99603
2021-04-26 09:33:06,2835.65,99621
2021-04-26 09:33:07,2835.65,99621
2021-04-26 09:33:08,2835.45,99626
2021-04-26 09:33:09,2835.45,99680
2021-04-26 09:33:10,2835.45,99680
2021-04-26 09:33:11,2835.45,99680
2021-04-26 09:33:12,2835.45,99681
2021-04-26 09:33:13,2835.45,99701
2021-04-26 09:33:14,2835.45,99701
2021-04-26 09:33:15,2835.45,99726
2021-04-26 09:33:16,2835.45,99727
2021-04-26 09:33:17,2835.45,99727
2021-04-26 09:33:18,2835.45,99745
2021-04-26 09:33:19,2835.45,99745
2021-04-26 09:33:20,2835.45,99745
2021-04-26 09:33:21,2835.0,99763
2021-04-26 09:33:22,2835.0,99763
2021-04-26 09:33:25,2835.45,100208
2021-04-26 09:33:24,2835.45,100208
2021-04-26 09:33:26,2835.7,100319
2021-04-26 09:33:27,2835.7,100319
2021-04-26 09:33:28,2835.7,100320
2021-04-26 09:33:29,2835.7,100320
2021-04-26 09:33:30,2835.7,100340
2021-04-26 09:33:31,2836.1,100537
2021-04-26 09:33:32,2836.1,100537
2021-04-26 09:33:33,2836.1,100537
2021-04-26 09:33:34,2836.1,100537
2021-04-26 09:33:35,2836.0,100669
2021-04-26 09:33:36,2836.75,100674
2021-04-26 09:33:37,2836.75,100674
2021-04-26 09:33:38,2834.0,101105
2021-04-26 09:33:39,2835.55,101160
2021-04-26 09:33:40,2835.55,101210
2021-04-26 09:33:41,2837.45,101320
2021-04-26 09:33:42,2837.45,101320
2021-04-26 09:33:43,2837.45,101320
2021-04-26 09:33:44,2837.15,101366
2021-04-26 09:33:45,2837.45,101654
2021-04-26 09:33:46,2837.45,101654
2021-04-26 09:33:47,2837.55,101735
2021-04-26 09:33:48,2837.55,101735
2021-04-26 09:33:49,2837.55,101735
2021-04-26 09:33:50,2838.3,101755
2021-04-26 09:33:51,2838.7,101765
2021-04-26 09:33:52,2837.95,101770
2021-04-26 09:33:53,2837.3,101857
2021-04-26 09:33:54,2837.3,101903
2021-04-26 09:33:55,2838.8,101938
2021-04-26 09:33:56,2838.8,101938
2021-04-26 09:33:57,2838.8,101993
2021-04-26 09:33:58,2838.8,101993
2021-04-26 09:33:59,2839.9,101994
2021-04-26 09:34:00,2839.9,101994
2021-04-26 09:34:01,2839.9,101994
2021-04-26 09:34:02,2840.0,102048
2021-04-26 09:34:03,2840.0,102457
2021-04-26 09:34:04,2840.0,102457
2021-04-26 09:34:05,2840.0,102457
2021-04-26 09:34:07,2841.55,102459
2021-04-26 09:34:08,2841.55,102459
2021-04-26 09:34:09,2841.55,102459
2021-04-26 09:34:10,2840.0,102472
2021-04-26 09:34:11,2841.2,102473
2021-04-26 09:34:12,2841.2,102488
2021-04-26 09:34:13,2840.0,102498
2021-04-26 09:34:14,2839.25,102516
2021-04-26 09:34:15,2840.65,102824
2021-04-26 09:34:16,2840.65,102824
2021-04-26 09:34:17,2840.65,102824
2021-04-26 09:34:18,2840.65,102824
2021-04-26 09:34:19,2839.9,103117
2021-04-26 09:34:20,2841.5,103132
2021-04-26 09:34:21,2840.0,103142
2021-04-26 09:34:22,2840.0,103142
2021-04-26 09:34:23,2840.05,103288
2021-04-26 09:34:24,2840.05,103308
2021-04-26 09:34:25,2840.05,103308
2021-04-26 09:34:26,2840.0,103356
2021-04-26 09:34:27,2840.0,103398
2021-04-26 09:34:28,2839.95,103401
2021-04-26 09:34:29,2839.5,103482
2021-04-26 09:34:30,2839.5,103535
2021-04-26 09:34:31,2839.6,103835
2021-04-26 09:34:32,2842.0,104190
2021-04-26 09:34:33,2842.0,104190
2021-04-26 09:34:34,2841.75,104195
2021-04-26 09:34:35,2841.75,104195
2021-04-26 09:34:36,2841.75,104195
2021-04-26 09:34:37,2841.75,104195
2021-04-26 09:34:38,2841.7,104196
2021-04-26 09:34:39,2841.7,104218
2021-04-26 09:34:40,2841.7,104218
2021-04-26 09:34:42,2841.65,104263
2021-04-26 09:34:43,2841.65,104263
2021-04-26 09:34:46,2841.4,104288
2021-04-26 09:34:47,2841.4,104328
2021-04-26 09:34:48,2841.4,104333
2021-04-26 09:34:49,2841.4,104333
2021-04-26 09:34:50,2841.0,104583
2021-04-26 09:34:51,2841.4,104629
2021-04-26 09:34:52,2841.0,104639
2021-04-26 09:34:53,2840.1,104644
2021-04-26 09:34:54,2840.1,104644
2021-04-26 09:34:56,2840.1,104683
2021-04-26 09:34:55,2840.05,104656
2021-04-26 09:34:57,2840.1,104683
2021-04-26 09:34:58,2840.05,104716
2021-04-26 09:34:59,2840.0,104990
2021-04-26 09:35:01,2840.1,105001
2021-04-26 09:35:02,2840.1,105003
2021-04-26 09:35:03,2840.1,105023
2021-04-26 09:35:04,2840.1,105055
2021-04-26 09:35:06,2839.5,105064
2021-04-26 09:35:07,2840.1,105072
2021-04-26 09:35:08,2840.0,105083
2021-04-26 09:35:11,2840.0,105138
2021-04-26 09:35:12,2839.85,105152
2021-04-26 09:35:13,2840.5,105808
2021-04-26 09:35:16,2841.3,105833
2021-04-26 09:35:17,2841.3,105833
2021-04-26 09:35:18,2841.25,105869
2021-04-26 09:35:20,2841.25,105869
2021-04-26 09:35:21,2840.1,105879
2021-04-26 09:35:22,2840.1,105879
2021-04-26 09:35:23,2840.0,105911
2021-04-26 09:35:24,2840.0,105911
2021-04-26 09:35:25,2840.0,105924
2021-04-26 09:35:26,2840.0,105941
2021-04-26 09:35:28,2839.5,105949
2021-04-26 09:35:29,2840.0,105951
2021-04-26 09:35:29,2839.5,105949
2021-04-26 09:35:30,2840.0,105951
2021-04-26 09:35:31,2840.0,105951
2021-04-26 09:35:32,2841.5,106386
2021-04-26 09:35:33,2840.1,106409
2021-04-26 09:35:34,2839.6,106459
2021-04-26 09:35:35,2839.6,106459
2021-04-26 09:35:36,2839.9,106476
2021-04-26 09:35:37,2839.9,106502
2021-04-26 09:35:38,2839.9,106502
2021-04-26 09:35:39,2839.9,106502
2021-04-26 09:35:40,2838.0,106555
2021-04-26 09:35:41,2838.0,106555
2021-04-26 09:35:42,2839.35,106556
2021-04-26 09:35:43,2839.35,106556
2021-04-26 09:35:44,2839.35,106556
2021-04-26 09:35:45,2839.35,106556
2021-04-26 09:35:46,2838.0,106561
2021-04-26 09:35:47,2839.35,106618
2021-04-26 09:35:48,2839.35,106618
2021-04-26 09:35:49,2839.35,106618
2021-04-26 09:35:50,2838.0,106627
2021-04-26 09:35:51,2837.95,106645
2021-04-26 09:35:52,2837.85,106957
2021-04-26 09:35:53,2838.55,106977
2021-04-26 09:35:54,2838.55,106977
2021-04-26 09:35:56,2838.55,106977
2021-04-26 09:35:57,2838.55,106977
2021-04-26 09:35:58,2837.85,107077
2021-04-26 09:35:59,2837.85,107078
2021-04-26 09:36:00,2837.85,107078
2021-04-26 09:36:01,2837.2,107089
2021-04-26 09:36:02,2837.2,107089
2021-04-26 09:36:03,2837.2,107110
2021-04-26 09:36:05,2837.2,107116
2021-04-26 09:36:05,2837.05,107126
2021-04-26 09:36:06,2837.2,107127
2021-04-26 09:36:07,2837.0,107145
2021-04-26 09:36:08,2837.0,107175
2021-04-26 09:36:09,2837.2,107184
2021-04-26 09:36:10,2838.65,107731
2021-04-26 09:36:11,2838.65,107731
2021-04-26 09:36:12,2838.65,107731
2021-04-26 09:36:13,2838.65,107731
2021-04-26 09:36:14,2839.3,107741
2021-04-26 09:36:15,2839.3,107741
2021-04-26 09:36:16,2839.3,107741
2021-04-26 09:36:17,2839.3,107741
2021-04-26 09:36:19,2836.05,108018
2021-04-26 09:36:20,2836.05,108018
2021-04-26 09:36:21,2838.0,108023
2021-04-26 09:36:22,2838.0,108023
2021-04-26 09:36:23,2836.05,108028
2021-04-26 09:36:24,2836.05,108028
2021-04-26 09:36:25,2836.0,108663
2021-04-26 09:36:26,2835.4,108668
2021-04-26 09:36:28,2835.0,108893
2021-04-26 09:36:27,2835.5,108695
2021-04-26 09:36:29,2835.0,108893
2021-04-26 09:36:30,2834.05,108894
2021-04-26 09:36:31,2834.0,108994
2021-04-26 09:36:32,2834.0,109196
2021-04-26 09:36:33,2833.85,109207
2021-04-26 09:36:34,2833.85,109212
2021-04-26 09:36:35,2833.7,109219
2021-04-26 09:36:36,2833.85,109238
2021-04-26 09:36:37,2833.5,109239
2021-04-26 09:36:38,2833.5,109257
2021-04-26 09:36:39,2831.65,110076
2021-04-26 09:36:40,2833.1,110099
2021-04-26 09:36:41,2833.1,110099
2021-04-26 09:36:42,2832.0,110139
2021-04-26 09:36:43,2831.7,110158
2021-04-26 09:36:44,2832.0,110453
2021-04-26 09:36:45,2832.0,110553
2021-04-26 09:36:46,2830.25,110934
2021-04-26 09:36:47,2832.0,111762
2021-04-26 09:36:48,2831.0,111845
2021-04-26 09:36:49,2831.0,111845
2021-04-26 09:36:50,2831.0,111845
2021-04-26 09:36:51,2831.95,112070
2021-04-26 09:36:53,2830.9,112097
2021-04-26 09:36:53,2830.9,112087
2021-04-26 09:36:54,2830.05,112101
2021-04-26 09:36:55,2830.85,112169
2021-04-26 09:36:56,2830.85,112544
2021-04-26 09:36:57,2830.85,112554
2021-04-26 09:36:58,2830.0,112647
2021-04-26 09:36:59,2830.85,112652
2021-04-26 09:37:00,2830.0,112665
2021-04-26 09:37:01,2830.65,113147
2021-04-26 09:37:02,2830.65,113147
2021-04-26 09:37:03,2830.5,113167
2021-04-26 09:37:05,2830.5,113167
2021-04-26 09:37:05,2831.9,113169
2021-04-26 09:37:06,2832.7,113521
2021-04-26 09:37:07,2834.65,113522
2021-04-26 09:37:08,2834.65,113522
2021-04-26 09:37:09,2834.5,113575
2021-04-26 09:37:10,2834.5,113575
2021-04-26 09:37:11,2834.5,113575
2021-04-26 09:37:13,2832.7,113595
2021-04-26 09:37:13,2834.45,113596
2021-04-26 09:37:15,2834.45,113616
2021-04-26 09:37:15,2834.35,113626
2021-04-26 09:37:16,2832.6,113866
2021-04-26 09:37:18,2832.6,113866
2021-04-26 09:37:19,2832.0,113877
2021-04-26 09:37:19,2832.0,113877
2021-04-26 09:37:20,2833.05,113892
2021-04-26 09:37:21,2833.0,113946
2021-04-26 09:37:22,2833.0,113960
2021-04-26 09:37:23,2832.0,113981
2021-04-26 09:37:24,2832.0,114065
2021-04-26 09:37:26,2832.0,114125
2021-04-26 09:37:26,2832.0,114125
2021-04-26 09:37:27,2833.0,114146
2021-04-26 09:37:28,2833.0,114146
2021-04-26 09:37:29,2833.0,114157
2021-04-26 09:37:30,2833.0,114157
2021-04-26 09:37:31,2833.0,114157
2021-04-26 09:37:32,2833.0,114172
2021-04-26 09:37:33,2833.0,114177
2021-04-26 09:37:34,2831.8,114227
2021-04-26 09:37:35,2831.8,114227
2021-04-26 09:37:37,2831.8,114227
2021-04-26 09:37:37,2832.3,114228
2021-04-26 09:37:39,2832.3,114229
2021-04-26 09:37:40,2833.0,114239
2021-04-26 09:37:41,2833.0,114240
2021-04-26 09:37:42,2832.1,114250
2021-04-26 09:37:43,2831.65,114269
2021-04-26 09:37:44,2831.65,114269
2021-04-26 09:37:45,2831.65,114269
2021-04-26 09:37:46,2832.1,114319
2021-04-26 09:37:46,2831.8,114329
2021-04-26 09:37:48,2831.8,114329
2021-04-26 09:37:49,2831.0,114349
2021-04-26 09:37:50,2832.45,114783
2021-04-26 09:37:51,2833.65,114818
2021-04-26 09:37:52,2833.6,114819
2021-04-26 09:37:52,2832.25,114833
2021-04-26 09:37:53,2832.05,114855
2021-04-26 09:37:54,2832.05,114865
2021-04-26 09:37:55,2832.05,114886
2021-04-26 09:37:56,2833.0,115044
2021-04-26 09:37:57,2834.0,115049
2021-04-26 09:37:59,2834.55,115132
2021-04-26 09:37:59,2834.55,115132
2021-04-26 09:38:01,2834.55,115132
2021-04-26 09:38:03,2834.0,115134
2021-04-26 09:38:04,2834.0,115134
2021-04-26 09:38:05,2834.0,115139
2021-04-26 09:38:05,2833.0,115180
2021-04-26 09:38:07,2833.0,115180
2021-04-26 09:38:07,2832.05,115189
2021-04-26 09:38:08,2833.0,115190
2021-04-26 09:38:09,2833.0,115290
2021-04-26 09:38:10,2832.05,115300
2021-04-26 09:38:11,2832.05,115300
2021-04-26 09:38:12,2833.0,115301
2021-04-26 09:38:13,2832.9,115381
2021-04-26 09:38:14,2831.2,115411
2021-04-26 09:38:15,2831.15,115565
2021-04-26 09:38:16,2831.15,115565
2021-04-26 09:38:17,2832.7,115586
2021-04-26 09:38:18,2832.75,115669
2021-04-26 09:38:19,2832.75,115679
2021-04-26 09:38:22,2831.35,115898
2021-04-26 09:38:22,2832.75,115945
2021-04-26 09:38:24,2831.6,116038
2021-04-26 09:38:25,2832.7,116113
2021-04-26 09:38:25,2833.2,116558
2021-04-26 09:38:26,2832.8,116600
2021-04-26 09:38:27,2831.3,116993
2021-04-26 09:38:28,2831.45,117007
2021-04-26 09:38:30,2833.05,117118
2021-04-26 09:38:31,2832.05,117127
2021-04-26 09:38:31,2833.95,117443
2021-04-26 09:38:32,2833.95,117445
2021-04-26 09:38:34,2833.9,117485
2021-04-26 09:38:35,2833.9,117584
2021-04-26 09:38:36,2833.9,117621
2021-04-26 09:38:37,2833.95,117717
2021-04-26 09:38:38,2833.95,117741
2021-04-26 09:38:38,2833.95,117734
2021-04-26 09:38:39,2833.95,117752
2021-04-26 09:38:40,2833.9,117757
2021-04-26 09:38:41,2833.9,117783
2021-04-26 09:38:42,2833.9,117789
2021-04-26 09:38:43,2833.9,117791
2021-04-26 09:38:44,2833.9,117792
2021-04-26 09:38:45,2833.05,117803
2021-04-26 09:38:46,2833.9,117836
2021-04-26 09:38:47,2833.9,117877
2021-04-26 09:38:48,2836.15,121491
2021-04-26 09:38:49,2836.15,121491
2021-04-26 09:38:50,2836.15,121491
2021-04-26 09:38:51,2837.55,121529
2021-04-26 09:38:52,2837.75,121777
2021-04-26 09:38:53,2835.55,121833
2021-04-26 09:38:54,2835.55,121833
2021-04-26 09:38:55,2835.55,121833
2021-04-26 09:38:56,2835.55,121833
2021-04-26 09:38:58,2835.55,121833
2021-04-26 09:38:58,2836.55,121834
2021-04-26 09:38:59,2836.0,121854
2021-04-26 09:39:00,2835.55,121891
2021-04-26 09:39:01,2836.55,121896
2021-04-26 09:39:02,2836.55,121896
2021-04-26 09:39:03,2836.55,121896
2021-04-26 09:39:04,2836.65,121906
2021-04-26 09:39:05,2835.15,122034
2021-04-26 09:39:06,2836.7,122036
2021-04-26 09:39:07,2835.05,122037
2021-04-26 09:39:10,2835.05,122037
2021-04-26 09:39:09,2835.05,122037
2021-04-26 09:39:10,2835.05,122037
2021-04-26 09:39:11,2835.05,122037
2021-04-26 09:39:12,2834.75,123339
2021-04-26 09:39:14,2835.0,123468
2021-04-26 09:39:15,2835.0,123473
2021-04-26 09:39:16,2834.0,123512
2021-04-26 09:39:16,2833.5,123537
2021-04-26 09:39:18,2834.95,123548
2021-04-26 09:39:19,2833.55,123556
2021-04-26 09:39:20,2834.95,123558
2021-04-26 09:39:21,2834.9,123571
2021-04-26 09:39:22,2833.5,123593
2021-04-26 09:39:23,2833.5,123637
2021-04-26 09:39:24,2834.9,123685
2021-04-26 09:39:24,2834.9,123718
2021-04-26 09:39:26,2834.9,123720
2021-04-26 09:39:27,2835.0,123815
2021-04-26 09:39:28,2835.0,123889
2021-04-26 09:39:29,2835.0,123939
2021-04-26 09:39:30,2835.0,123989
2021-04-26 09:39:31,2835.0,124052
2021-04-26 09:39:32,2835.0,124112
2021-04-26 09:39:33,2834.05,124212
2021-04-26 09:39:33,2835.0,124252
2021-04-26 09:39:34,2835.0,124360
2021-04-26 09:39:35,2835.0,124390
2021-04-26 09:39:37,2835.0,124416
2021-04-26 09:39:38,2836.0,124460
2021-04-26 09:39:39,2836.45,124463
2021-04-26 09:39:40,2836.45,124463
2021-04-26 09:39:41,2836.45,124485
2021-04-26 09:39:42,2836.45,124486
2021-04-26 09:39:43,2836.45,124486
2021-04-26 09:39:44,2836.45,124486
2021-04-26 09:39:45,2836.45,124486
2021-04-26 09:39:47,2835.85,124503
2021-04-26 09:39:48,2835.85,124533
2021-04-26 09:39:49,2835.85,124533
2021-04-26 09:39:50,2835.85,124558
2021-04-26 09:39:51,2835.85,124558
2021-04-26 09:39:52,2835.85,124558
2021-04-26 09:39:53,2835.0,124666
2021-04-26 09:39:54,2835.0,124673
2021-04-26 09:39:55,2835.0,124760
2021-04-26 09:39:56,2835.0,124789
2021-04-26 09:39:57,2835.0,124852
2021-04-26 09:39:59,2834.3,124885
2021-04-26 09:40:00,2834.3,124885
2021-04-26 09:40:01,2836.0,124935
2021-04-26 09:40:02,2835.0,124937
2021-04-26 09:40:03,2836.05,124948
2021-04-26 09:40:04,2836.05,125130
2021-04-26 09:40:05,2836.05,125130
2021-04-26 09:40:06,2836.05,125130
2021-04-26 09:40:07,2836.3,125531
2021-04-26 09:40:08,2836.3,125531
2021-04-26 09:40:09,2836.3,125531
2021-04-26 09:40:10,2836.3,125556
2021-04-26 09:40:11,2836.3,125556
2021-04-26 09:40:12,2836.3,125556
2021-04-26 09:40:13,2835.0,125656
2021-04-26 09:40:14,2835.0,125656
2021-04-26 09:40:15,2836.0,125706
2021-04-26 09:40:16,2836.0,125706
2021-04-26 09:40:17,2836.0,125711
2021-04-26 09:40:18,2836.0,125713
2021-04-26 09:40:19,2836.0,125713
2021-04-26 09:40:20,2836.0,125713
2021-04-26 09:40:21,2836.0,125715
2021-04-26 09:40:22,2833.1,126017
2021-04-26 09:40:22,2833.1,126017
2021-04-26 09:40:23,2833.15,126039
2021-04-26 09:40:24,2833.15,126044
2021-04-26 09:40:26,2833.7,126511
2021-04-26 09:40:28,2833.65,126546
2021-04-26 09:40:29,2835.3,126626
2021-04-26 09:40:31,2835.3,126626
2021-04-26 09:40:32,2835.3,126626
2021-04-26 09:40:33,2835.05,126628
2021-04-26 09:40:34,2835.05,126628
2021-04-26 09:40:35,2835.05,126629
2021-04-26 09:40:36,2835.0,126694
2021-04-26 09:40:37,2835.0,126694
2021-04-26 09:40:38,2835.0,126694
2021-04-26 09:40:39,2835.05,126744
2021-04-26 09:40:40,2835.05,126744
2021-04-26 09:40:41,2835.05,126748
2021-04-26 09:40:42,2835.05,126748
2021-04-26 09:40:43,2834.0,126757
2021-04-26 09:40:44,2834.0,126759
2021-04-26 09:40:45,2834.0,126816
2021-04-26 09:40:46,2834.0,126855
2021-04-26 09:40:47,2834.0,126903
2021-04-26 09:40:48,2834.0,127014
2021-04-26 09:40:48,2834.0,127088
2021-04-26 09:40:49,2835.15,127089
2021-04-26 09:40:51,2835.15,127089
2021-04-26 09:40:52,2835.15,127089
2021-04-26 09:40:53,2833.65,127185
2021-04-26 09:40:54,2833.3,127198
2021-04-26 09:40:57,2834.0,127326
2021-04-26 09:40:58,2833.35,127351
2021-04-26 09:40:59,2833.35,127362
2021-04-26 09:41:01,2833.35,127425
2021-04-26 09:41:02,2833.3,127464
2021-04-26 09:41:03,2833.65,127564
2021-04-26 09:41:04,2833.65,127588
2021-04-26 09:41:05,2833.0,127719
2021-04-26 09:41:06,2833.65,127745
2021-04-26 09:41:07,2833.65,127778
2021-04-26 09:41:08,2834.5,127969
2021-04-26 09:41:09,2835.0,128069
2021-04-26 09:41:10,2835.0,128097
2021-04-26 09:41:11,2834.0,128100
2021-04-26 09:41:12,2835.0,128180
2021-04-26 09:41:13,2835.0,128190
2021-04-26 09:41:14,2833.0,128414
2021-04-26 09:41:15,2833.45,128464
2021-04-26 09:41:16,2834.8,128480
2021-04-26 09:41:17,2835.15,128532
2021-04-26 09:41:18,2834.8,128572
2021-04-26 09:41:19,2835.85,128629
2021-04-26 09:41:20,2834.8,128633
2021-04-26 09:41:21,2834.8,128633
2021-04-26 09:41:22,2834.8,128633
2021-04-26 09:41:23,2835.0,128653
2021-04-26 09:41:24,2835.0,128723
2021-04-26 09:41:25,2835.0,128728
2021-04-26 09:41:26,2835.0,128755
2021-04-26 09:41:27,2835.0,128797
2021-04-26 09:41:28,2835.0,128816
2021-04-26 09:41:29,2835.0,128873
2021-04-26 09:41:30,2835.0,128873
2021-04-26 09:41:31,2834.05,128879
2021-04-26 09:41:33,2834.0,128916
2021-04-26 09:41:34,2834.8,128921
2021-04-26 09:41:35,2834.8,128945
2021-04-26 09:41:36,2834.8,129020
2021-04-26 09:41:37,2834.8,129071
2021-04-26 09:41:37,2836.0,129393
2021-04-26 09:41:39,2836.0,129393
2021-04-26 09:41:40,2836.0,129394
2021-04-26 09:41:41,2835.05,129404
2021-04-26 09:41:42,2835.05,129404
2021-04-26 09:41:42,2835.05,129404
2021-04-26 09:41:43,2835.05,129404
2021-04-26 09:41:46,2835.0,129424
2021-04-26 09:41:47,2835.0,129424
2021-04-26 09:41:48,2835.9,129426
2021-04-26 09:41:49,2835.9,129426
2021-04-26 09:41:50,2835.9,129426
2021-04-26 09:41:51,2835.9,129436
2021-04-26 09:41:52,2835.9,129436
2021-04-26 09:41:52,2835.9,129436
2021-04-26 09:41:54,2835.15,129456
2021-04-26 09:41:55,2835.0,129461
2021-04-26 09:41:56,2835.15,129484
2021-04-26 09:41:57,2835.0,129504
2021-04-26 09:41:58,2834.05,129509
2021-04-26 09:41:59,2834.05,129514
2021-04-26 09:42:01,2834.0,129577
2021-04-26 09:42:02,2834.05,129632
2021-04-26 09:42:02,2835.15,129633
2021-04-26 09:42:04,2835.15,129633
2021-04-26 09:42:05,2835.15,129650
2021-04-26 09:42:06,2835.15,129651
2021-04-26 09:42:07,2835.15,129651
2021-04-26 09:42:08,2835.15,129660
2021-04-26 09:42:09,2835.15,129661
2021-04-26 09:42:10,2835.15,129661
2021-04-26 09:42:11,2835.15,129673
2021-04-26 09:42:12,2835.15,129673
2021-04-26 09:42:13,2835.15,129673
2021-04-26 09:42:14,2835.15,129673
2021-04-26 09:42:15,2835.0,129704
2021-04-26 09:42:15,2835.0,129684
2021-04-26 09:42:16,2835.0,129706
2021-04-26 09:42:18,2835.15,129767
2021-04-26 09:42:19,2835.0,129769
2021-04-26 09:42:20,2835.0,129769
2021-04-26 09:42:22,2834.05,129789
2021-04-26 09:42:23,2834.0,129832
2021-04-26 09:42:24,2834.0,129832
2021-04-26 09:42:25,2834.05,130329
2021-04-26 09:42:25,2835.0,130410
2021-04-26 09:42:26,2835.0,130741
2021-04-26 09:42:28,2835.15,130992
2021-04-26 09:42:28,2835.15,130992
2021-04-26 09:42:29,2836.0,130993
2021-04-26 09:42:30,2836.0,130993
2021-04-26 09:42:31,2834.75,130994
2021-04-26 09:42:33,2835.95,130996
2021-04-26 09:42:35,2835.95,130996
2021-04-26 09:42:36,2835.95,130996
2021-04-26 09:42:37,2835.95,130996
2021-04-26 09:42:38,2835.95,130996
2021-04-26 09:42:39,2835.95,130996
2021-04-26 09:42:40,2835.95,130996
2021-04-26 09:42:41,2835.95,130996
2021-04-26 09:42:42,2835.95,130996
2021-04-26 09:42:43,2835.0,131006
2021-04-26 09:42:44,2835.0,131006
2021-04-26 09:42:45,2835.0,131006
2021-04-26 09:42:46,2835.8,131136
2021-04-26 09:42:47,2835.8,131236
2021-04-26 09:42:48,2835.8,131248
2021-04-26 09:42:49,2835.05,131249
2021-04-26 09:42:50,2835.8,131254
2021-04-26 09:42:51,2835.8,131254
2021-04-26 09:42:52,2835.8,131254
2021-04-26 09:42:53,2835.0,131297
2021-04-26 09:42:54,2835.0,131297
2021-04-26 09:42:55,2835.8,131317
2021-04-26 09:42:56,2835.0,131357
2021-04-26 09:42:57,2835.0,131357
2021-04-26 09:42:57,2835.8,131368
2021-04-26 09:42:59,2835.8,131368
2021-04-26 09:43:00,2834.55,131518
2021-04-26 09:43:01,2835.75,131549
2021-04-26 09:43:01,2835.75,131549
2021-04-26 09:43:02,2835.75,131549
2021-04-26 09:43:03,2835.75,131549
2021-04-26 09:43:04,2835.05,131554
2021-04-26 09:43:06,2835.05,131560
2021-04-26 09:43:07,2835.05,131561
2021-04-26 09:43:08,2835.05,131561
2021-04-26 09:43:09,2835.05,131561
2021-04-26 09:43:10,2835.05,131564
2021-04-26 09:43:11,2835.05,131726
2021-04-26 09:43:12,2835.0,131727
2021-04-26 09:43:13,2835.0,131777
2021-04-26 09:43:14,2835.85,131796
2021-04-26 09:43:15,2835.85,131796
2021-04-26 09:43:16,2835.05,131801
2021-04-26 09:43:16,2835.05,131802
2021-04-26 09:43:17,2835.05,131802
2021-04-26 09:43:18,2835.8,131808
2021-04-26 09:43:19,2835.8,131808
2021-04-26 09:43:20,2835.8,131808
2021-04-26 09:43:22,2835.8,131808
2021-04-26 09:43:23,2835.05,131812
2021-04-26 09:43:24,2835.05,131812
2021-04-26 09:43:25,2835.05,131822
2021-04-26 09:43:26,2834.65,131823
2021-04-26 09:43:27,2835.05,131834
2021-04-26 09:43:28,2835.05,131836
2021-04-26 09:43:29,2834.65,131841
2021-04-26 09:43:30,2835.0,131929
2021-04-26 09:43:31,2834.45,132011
2021-04-26 09:43:32,2835.0,132078
2021-04-26 09:43:33,2835.0,132144
2021-04-26 09:43:34,2835.05,132164
2021-04-26 09:43:35,2835.05,132174
2021-04-26 09:43:36,2835.05,132174
2021-04-26 09:43:37,2835.05,132174
2021-04-26 09:43:38,2835.05,132174
2021-04-26 09:43:39,2835.05,132274
2021-04-26 09:43:42,2835.85,132428
2021-04-26 09:43:43,2835.85,132428
2021-04-26 09:43:44,2835.1,132430
2021-04-26 09:43:45,2835.05,132460
2021-04-26 09:43:46,2835.05,132460
2021-04-26 09:43:49,2835.05,132460
2021-04-26 09:43:50,2835.9,132565
2021-04-26 09:43:52,2835.9,132576
2021-04-26 09:43:53,2835.0,132606
2021-04-26 09:43:54,2834.55,132853
2021-04-26 09:43:55,2835.0,132897
2021-04-26 09:43:56,2835.0,132907
2021-04-26 09:43:57,2835.0,132960
2021-04-26 09:43:58,2835.9,133047
2021-04-26 09:43:59,2835.0,133066
2021-04-26 09:44:00,2835.0,133066
2021-04-26 09:44:01,2835.9,133366
2021-04-26 09:44:02,2835.9,133366
2021-04-26 09:44:03,2835.9,133366
2021-04-26 09:44:04,2835.9,133391
2021-04-26 09:44:05,2835.9,133391
2021-04-26 09:44:06,2836.3,133458
2021-04-26 09:44:07,2836.3,133458
2021-04-26 09:44:08,2836.6,133468
2021-04-26 09:44:09,2836.6,133488
2021-04-26 09:44:11,2836.6,133488
2021-04-26 09:44:12,2836.05,133900
2021-04-26 09:44:13,2838.0,134025
2021-04-26 09:44:15,2838.0,134126
2021-04-26 09:44:16,2838.05,134127
2021-04-26 09:44:17,2836.95,134132
2021-04-26 09:44:18,2836.95,134132
2021-04-26 09:44:19,2836.95,134132
2021-04-26 09:44:20,2836.95,134136
2021-04-26 09:44:21,2836.6,134137
2021-04-26 09:44:22,2836.6,134137
2021-04-26 09:44:23,2836.6,134166
2021-04-26 09:44:24,2836.6,134166
2021-04-26 09:44:25,2836.8,134246
2021-04-26 09:44:26,2836.8,134246
2021-04-26 09:44:27,2836.8,134246
2021-04-26 09:44:28,2838.4,134350
2021-04-26 09:44:29,2838.4,134350
2021-04-26 09:44:30,2838.4,134368
2021-04-26 09:44:31,2838.4,134368
2021-04-26 09:44:32,2838.4,134368
2021-04-26 09:44:33,2838.4,134368
2021-04-26 09:44:34,2838.4,134368
2021-04-26 09:44:35,2838.05,134369
2021-04-26 09:44:36,2838.4,134370
2021-04-26 09:44:37,2837.35,134579
2021-04-26 09:44:38,2837.35,134579
2021-04-26 09:44:39,2838.25,134580
2021-04-26 09:44:40,2838.25,134580
2021-04-26 09:44:41,2838.25,134601
2021-04-26 09:44:42,2838.25,134601
2021-04-26 09:44:43,2838.25,134601
2021-04-26 09:44:44,2838.25,134601
2021-04-26 09:44:45,2838.25,134721
2021-04-26 09:44:46,2838.25,134721
2021-04-26 09:44:47,2838.25,134721
2021-04-26 09:44:48,2836.8,134824
2021-04-26 09:44:49,2836.8,134824
2021-04-26 09:44:50,2837.75,134834
2021-04-26 09:44:51,2837.7,134844
2021-04-26 09:44:52,2837.7,134844
2021-04-26 09:44:53,2836.8,134854
2021-04-26 09:44:54,2836.3,134867
2021-04-26 09:44:55,2836.3,134867
2021-04-26 09:44:56,2836.3,134867
2021-04-26 09:44:58,2835.55,134925
2021-04-26 09:44:57,2836.75,134868
2021-04-26 09:44:59,2835.55,134925
2021-04-26 09:45:00,2835.55,134925
2021-04-26 09:45:01,2835.55,134925
2021-04-26 09:45:02,2836.6,135031
2021-04-26 09:45:03,2836.6,135031
2021-04-26 09:45:04,2835.05,135131
2021-04-26 09:45:05,2835.0,135217
2021-04-26 09:45:06,2836.2,135218
2021-04-26 09:45:07,2836.2,135221
2021-04-26 09:45:08,2836.2,135221
2021-04-26 09:45:09,2836.2,135221
2021-04-26 09:45:10,2836.2,135222
2021-04-26 09:45:11,2835.0,135347
2021-04-26 09:45:12,2834.85,135357
2021-04-26 09:45:13,2836.05,135362
2021-04-26 09:45:15,2834.8,135679
2021-04-26 09:45:14,2834.5,135379
2021-04-26 09:45:16,2835.8,135982
2021-04-26 09:45:17,2834.35,135986
2021-04-26 09:45:19,2834.4,135989
2021-04-26 09:45:20,2834.25,135994
2021-04-26 09:45:21,2834.35,136010
2021-04-26 09:45:22,2834.35,136043
2021-04-26 09:45:23,2834.2,136118
2021-04-26 09:45:24,2834.35,136402
2021-04-26 09:45:25,2834.75,136413
2021-04-26 09:45:26,2834.75,136432
2021-04-26 09:45:27,2834.75,136475
2021-04-26 09:45:28,2834.45,136490
2021-04-26 09:45:29,2834.75,136630
2021-04-26 09:45:31,2834.75,136630
2021-04-26 09:45:32,2835.5,136662
2021-04-26 09:45:33,2835.5,136662
2021-04-26 09:45:34,2835.25,136687
2021-04-26 09:45:36,2834.4,136839
2021-04-26 09:45:37,2836.0,136844
2021-04-26 09:45:38,2836.0,136844
2021-04-26 09:45:39,2834.45,136875
2021-04-26 09:45:41,2834.45,136875
2021-04-26 09:45:42,2835.8,136877
2021-04-26 09:45:43,2835.8,136877
2021-04-26 09:45:45,2835.8,136877
2021-04-26 09:45:45,2835.8,136877
2021-04-26 09:45:46,2835.55,136883
2021-04-26 09:45:47,2835.0,136884
2021-04-26 09:45:48,2835.25,136886
2021-04-26 09:45:49,2835.0,136892
2021-04-26 09:45:50,2835.0,136892
2021-04-26 09:45:51,2834.75,136895
2021-04-26 09:45:52,2835.25,136905
2021-04-26 09:45:54,2834.4,136939
2021-04-26 09:45:54,2834.75,136944
2021-04-26 09:45:55,2834.4,136958
2021-04-26 09:45:56,2834.75,137006
2021-04-26 09:45:57,2834.75,137195
2021-04-26 09:45:59,2834.75,137332
2021-04-26 09:46:00,2835.0,137461
2021-04-26 09:46:01,2835.25,137464
2021-04-26 09:46:02,2835.25,137464
2021-04-26 09:46:03,2835.25,137464
2021-04-26 09:46:04,2835.25,137464
2021-04-26 09:46:06,2835.95,137465
2021-04-26 09:46:06,2835.95,137465
2021-04-26 09:46:07,2835.95,137465
2021-04-26 09:46:09,2835.95,137465
2021-04-26 09:46:08,2835.95,137465
2021-04-26 09:46:10,2835.0,138396
2021-04-26 09:46:11,2835.0,138396
2021-04-26 09:46:12,2835.0,138396
2021-04-26 09:46:13,2835.45,138402
2021-04-26 09:46:15,2835.45,138402
2021-04-26 09:46:14,2835.45,138402
2021-04-26 09:46:16,2834.0,138733
2021-04-26 09:46:17,2834.05,138738
2021-04-26 09:46:18,2835.0,138740
2021-04-26 09:46:19,2834.8,138757
2021-04-26 09:46:20,2834.7,138758
2021-04-26 09:46:21,2834.7,138883
2021-04-26 09:46:22,2834.7,139135
2021-04-26 09:46:23,2834.0,139221
2021-04-26 09:46:25,2834.7,139298
2021-04-26 09:46:25,2834.7,139236
2021-04-26 09:46:27,2834.1,139391
2021-04-26 09:46:27,2834.8,139420
2021-04-26 09:46:28,2834.8,139441
2021-04-26 09:46:29,2835.0,139449
2021-04-26 09:46:30,2835.0,139449
2021-04-26 09:46:31,2835.0,139449
2021-04-26 09:46:32,2835.7,139450
2021-04-26 09:46:33,2835.7,139450
2021-04-26 09:46:34,2835.7,139450
2021-04-26 09:46:35,2835.65,139495
2021-04-26 09:46:36,2835.65,139495
2021-04-26 09:46:37,2835.65,139495
2021-04-26 09:46:38,2835.65,139495
2021-04-26 09:46:40,2835.65,139495
2021-04-26 09:46:41,2835.65,139495
2021-04-26 09:46:42,2835.65,139515
2021-04-26 09:46:43,2835.55,139536
2021-04-26 09:46:44,2835.55,139536
2021-04-26 09:46:45,2835.55,139543
2021-04-26 09:46:46,2835.55,139543
2021-04-26 09:46:48,2835.5,139548
2021-04-26 09:46:47,2835.55,139543
2021-04-26 09:46:49,2835.5,139548
2021-04-26 09:46:50,2835.5,139548
2021-04-26 09:46:51,2835.5,139579
2021-04-26 09:46:53,2835.65,139942
2021-04-26 09:46:54,2835.65,139942
2021-04-26 09:46:55,2835.65,139952
2021-04-26 09:46:56,2835.65,139952
2021-04-26 09:46:58,2835.65,139965
2021-04-26 09:46:57,2835.65,139965
2021-04-26 09:46:59,2835.65,139965
2021-04-26 09:47:00,2835.6,140248
2021-04-26 09:47:01,2835.6,140253
2021-04-26 09:47:02,2834.4,140254
2021-04-26 09:47:03,2835.6,140256
2021-04-26 09:47:04,2835.55,140265
2021-04-26 09:47:05,2835.6,140267
2021-04-26 09:47:06,2835.6,140302
2021-04-26 09:47:07,2835.6,140302
2021-04-26 09:47:08,2835.6,140308
2021-04-26 09:47:09,2835.6,140312
2021-04-26 09:47:10,2835.6,140312
2021-04-26 09:47:11,2835.6,140312
2021-04-26 09:47:12,2834.45,140314
2021-04-26 09:47:13,2834.45,140324
2021-04-26 09:47:14,2834.45,140324
2021-04-26 09:47:15,2835.6,140354
2021-04-26 09:47:16,2835.6,140354
2021-04-26 09:47:17,2835.6,140354
2021-04-26 09:47:18,2835.6,140354
2021-04-26 09:47:19,2835.0,140355
2021-04-26 09:47:20,2835.6,140564
2021-04-26 09:47:21,2835.6,140564
2021-04-26 09:47:22,2835.6,140564
2021-04-26 09:47:23,2835.6,140617
2021-04-26 09:47:24,2835.6,140617
2021-04-26 09:47:25,2834.3,140679
2021-04-26 09:47:26,2835.0,140744
2021-04-26 09:47:27,2835.35,140818
2021-04-26 09:47:28,2837.4,140918
2021-04-26 09:47:29,2836.35,141043
2021-04-26 09:47:30,2836.35,141043
2021-04-26 09:47:31,2836.35,141043
2021-04-26 09:47:32,2836.35,141043
2021-04-26 09:47:33,2836.2,141083
2021-04-26 09:47:34,2836.2,141083
2021-04-26 09:47:35,2836.2,141083
2021-04-26 09:47:36,2836.2,141083
2021-04-26 09:47:37,2836.2,141083
2021-04-26 09:47:38,2836.55,141093
2021-04-26 09:47:39,2834.9,141193
2021-04-26 09:47:40,2834.9,141193
2021-04-26 09:47:41,2836.3,141202
2021-04-26 09:47:42,2836.3,141202
2021-04-26 09:47:43,2835.5,141203
2021-04-26 09:47:44,2836.25,141220
2021-04-26 09:47:45,2834.35,141293
2021-04-26 09:47:46,2836.0,141298
2021-04-26 09:47:47,2835.95,141320
2021-04-26 09:47:48,2836.0,141321
2021-04-26 09:47:49,2836.0,141321
2021-04-26 09:47:50,2836.0,141322
2021-04-26 09:47:51,2835.95,141323
2021-04-26 09:47:52,2835.95,141323
2021-04-26 09:47:53,2835.0,141340
2021-04-26 09:47:54,2835.0,141344
2021-04-26 09:47:55,2834.3,141508
2021-04-26 09:47:56,2835.0,141690
2021-04-26 09:47:57,2835.0,141811
2021-04-26 09:47:58,2837.6,142581
2021-04-26 09:47:59,2837.6,142581
2021-04-26 09:48:00,2839.15,142681
2021-04-26 09:48:01,2839.35,142691
2021-04-26 09:48:02,2839.4,142732
2021-04-26 09:48:03,2839.4,142742
2021-04-26 09:48:04,2839.4,142742
2021-04-26 09:48:05,2839.4,142743
2021-04-26 09:48:06,2839.4,142743
2021-04-26 09:48:07,2839.4,142744
2021-04-26 09:48:08,2839.0,142804
2021-04-26 09:48:09,2839.0,142804
2021-04-26 09:48:10,2839.5,142805
2021-04-26 09:48:12,2839.5,143170
2021-04-26 09:48:13,2839.5,143170
2021-04-26 09:48:14,2839.5,143170
2021-04-26 09:48:14,2839.5,143170
2021-04-26 09:48:15,2839.5,143170
2021-04-26 09:48:18,2844.4,145432
2021-04-26 09:48:19,2844.4,145432
2021-04-26 09:48:20,2844.4,145432
2021-04-26 09:48:21,2844.4,145432
2021-04-26 09:48:22,2844.45,145532
2021-04-26 09:48:23,2842.1,145536
2021-04-26 09:48:24,2842.1,145566
2021-04-26 09:48:24,2844.1,145616
2021-04-26 09:48:25,2844.1,145616
2021-04-26 09:48:26,2843.85,145622
2021-04-26 09:48:27,2842.05,145837
2021-04-26 09:48:28,2843.9,145845
2021-04-26 09:48:29,2843.9,145845
2021-04-26 09:48:30,2843.9,145845
2021-04-26 09:48:31,2841.35,145945
2021-04-26 09:48:32,2843.0,145991
2021-04-26 09:48:33,2843.0,145991
2021-04-26 09:48:34,2841.8,146001
2021-04-26 09:48:35,2842.95,146003
2021-04-26 09:48:36,2841.95,146063
2021-04-26 09:48:37,2841.95,146063
2021-04-26 09:48:38,2841.95,146063
2021-04-26 09:48:40,2842.95,146098
2021-04-26 09:48:41,2842.1,146100
2021-04-26 09:48:41,2842.0,146202
2021-04-26 09:48:43,2842.7,146223
2021-04-26 09:48:44,2842.7,146238
2021-04-26 09:48:45,2842.7,146238
2021-04-26 09:48:46,2841.05,146338
2021-04-26 09:48:47,2842.0,146349
2021-04-26 09:48:48,2842.0,146349
2021-04-26 09:48:49,2841.1,146380
2021-04-26 09:48:50,2841.1,146380
2021-04-26 09:48:51,2840.75,146440
2021-04-26 09:48:52,2840.75,146440
2021-04-26 09:48:53,2839.9,146448
2021-04-26 09:48:54,2840.65,146483
2021-04-26 09:48:55,2840.65,146485
2021-04-26 09:48:56,2839.45,146588
2021-04-26 09:48:57,2839.3,146598
2021-04-26 09:48:58,2839.9,146650
2021-04-26 09:48:59,2839.05,146659
2021-04-26 09:49:00,2839.05,146659
2021-04-26 09:49:01,2844.0,147362
2021-04-26 09:49:02,2843.75,147365
2021-04-26 09:49:03,2843.75,147388
2021-04-26 09:49:04,2843.75,147388
2021-04-26 09:49:05,2843.75,147388
2021-04-26 09:49:06,2842.05,147393
2021-04-26 09:49:08,2843.55,147394
2021-04-26 09:49:09,2843.55,147398
2021-04-26 09:49:09,2841.75,147482
2021-04-26 09:49:10,2841.75,147482
2021-04-26 09:49:11,2843.0,147497
2021-04-26 09:49:12,2841.0,147797
2021-04-26 09:49:13,2841.75,147807
2021-04-26 09:49:14,2841.85,147887
2021-04-26 09:49:15,2841.75,147907
2021-04-26 09:49:16,2841.75,147907
2021-04-26 09:49:17,2841.75,147917
2021-04-26 09:49:18,2841.0,148011
2021-04-26 09:49:19,2841.0,148011
2021-04-26 09:49:20,2841.75,148024
2021-04-26 09:49:21,2841.75,148024
2021-04-26 09:49:22,2841.0,148074
2021-04-26 09:49:23,2841.0,148075
2021-04-26 09:49:24,2841.1,148138
2021-04-26 09:49:25,2841.1,148138
2021-04-26 09:49:26,2841.1,148163
2021-04-26 09:49:27,2841.1,148163
2021-04-26 09:49:28,2841.1,148163
2021-04-26 09:49:29,2841.1,148163
2021-04-26 09:49:30,2841.1,148163
2021-04-26 09:49:31,2841.0,148190
2021-04-26 09:49:33,2841.0,148190
2021-04-26 09:49:34,2841.0,148190
2021-04-26 09:49:34,2841.0,148190
2021-04-26 09:49:35,2842.55,148215
2021-04-26 09:49:36,2842.45,148217
2021-04-26 09:49:37,2842.45,148217
2021-04-26 09:49:38,2842.5,148347
2021-04-26 09:49:39,2842.5,148347
2021-04-26 09:49:40,2842.85,148407
2021-04-26 09:49:41,2842.85,148407
2021-04-26 09:49:42,2841.0,148557
2021-04-26 09:49:43,2841.0,148557
2021-04-26 09:49:44,2841.0,148557
2021-04-26 09:49:45,2841.0,148557
2021-04-26 09:49:46,2841.0,148557
2021-04-26 09:49:47,2842.45,148560
2021-04-26 09:49:48,2841.0,149005
2021-04-26 09:49:49,2841.0,149005
2021-04-26 09:49:50,2841.0,149005
2021-04-26 09:49:51,2841.0,149005
2021-04-26 09:49:52,2841.0,149005
2021-04-26 09:49:53,2840.0,149025
2021-04-26 09:49:54,2840.0,149026
2021-04-26 09:49:55,2840.0,149026
2021-04-26 09:49:56,2840.0,149026
2021-04-26 09:49:58,2839.15,149049
2021-04-26 09:49:58,2839.15,149048
2021-04-26 09:49:59,2839.0,149067
2021-04-26 09:50:00,2839.0,149067
2021-04-26 09:50:01,2840.0,149069
2021-04-26 09:50:02,2841.35,149523
2021-04-26 09:50:03,2841.35,149523
2021-04-26 09:50:04,2841.35,149523
2021-04-26 09:50:05,2841.35,149523
2021-04-26 09:50:06,2841.35,149523
2021-04-26 09:50:07,2842.6,149535
2021-04-26 09:50:08,2842.6,149535
2021-04-26 09:50:09,2842.6,149535
2021-04-26 09:50:11,2842.6,149535
2021-04-26 09:50:11,2842.6,149535
2021-04-26 09:50:12,2842.6,149560
2021-04-26 09:50:14,2841.25,149588
2021-04-26 09:50:15,2842.0,149589
2021-04-26 09:50:16,2842.0,149589
2021-04-26 09:50:17,2842.0,149589
2021-04-26 09:50:18,2841.5,149599
2021-04-26 09:50:19,2840.4,149600
2021-04-26 09:50:20,2840.4,149600
2021-04-26 09:50:21,2840.25,149613
2021-04-26 09:50:22,2840.25,149613
2021-04-26 09:50:23,2840.1,149657
2021-04-26 09:50:25,2840.2,150051
2021-04-26 09:50:26,2840.2,150051
2021-04-26 09:50:27,2840.2,150051
2021-04-26 09:50:28,2840.05,150092
2021-04-26 09:50:29,2840.05,150094
2021-04-26 09:50:30,2840.05,150099
2021-04-26 09:50:31,2839.1,150109
2021-04-26 09:50:32,2839.1,150109
2021-04-26 09:50:33,2839.1,150130
2021-04-26 09:50:34,2839.1,150130
2021-04-26 09:50:35,2839.1,150135
2021-04-26 09:50:36,2839.1,150446
2021-04-26 09:50:37,2840.85,150506
2021-04-26 09:50:38,2840.85,150506
2021-04-26 09:50:39,2840.85,150506
2021-04-26 09:50:40,2840.05,150606
2021-04-26 09:50:41,2840.05,150606
2021-04-26 09:50:43,2839.5,150646
2021-04-26 09:50:44,2839.5,150646
2021-04-26 09:50:45,2841.05,150746
2021-04-26 09:50:46,2839.55,150756
2021-04-26 09:50:47,2839.55,150756
2021-04-26 09:50:48,2839.55,150756
2021-04-26 09:50:49,2839.55,150756
2021-04-26 09:50:50,2839.55,150756
2021-04-26 09:50:50,2839.55,150756
2021-04-26 09:50:51,2839.55,150756
2021-04-26 09:50:54,2840.0,150814
2021-04-26 09:50:55,2840.0,150814
2021-04-26 09:50:56,2839.95,151116
2021-04-26 09:50:57,2839.8,151153
2021-04-26 09:50:58,2839.8,151153
2021-04-26 09:50:59,2839.8,151153
2021-04-26 09:51:00,2839.8,151153
2021-04-26 09:51:01,2840.8,151156
2021-04-26 09:51:02,2840.1,151247
2021-04-26 09:51:03,2840.1,151247
2021-04-26 09:51:04,2839.55,151249
2021-04-26 09:51:06,2839.55,151249
2021-04-26 09:51:06,2839.4,151255
2021-04-26 09:51:08,2839.4,151255
2021-04-26 09:51:09,2839.4,151255
2021-04-26 09:51:10,2840.7,151262
2021-04-26 09:51:11,2839.4,151267
2021-04-26 09:51:11,2839.4,151267
2021-04-26 09:51:12,2840.7,151268
2021-04-26 09:51:13,2840.7,151291
2021-04-26 09:51:14,2840.7,151291
2021-04-26 09:51:15,2839.0,151539
2021-04-26 09:51:16,2840.0,151550
2021-04-26 09:51:17,2839.0,151559
2021-04-26 09:51:18,2839.0,151559
2021-04-26 09:51:19,2840.2,151722
2021-04-26 09:51:20,2840.4,151724
2021-04-26 09:51:22,2840.4,151725
2021-04-26 09:51:23,2839.15,151738
2021-04-26 09:51:25,2839.15,151762
2021-04-26 09:51:26,2839.15,151762
2021-04-26 09:51:27,2839.15,151762
2021-04-26 09:51:28,2839.0,151782
2021-04-26 09:51:29,2839.0,151795
2021-04-26 09:51:30,2839.0,151795
2021-04-26 09:51:31,2839.15,151805
2021-04-26 09:51:32,2839.15,151816
2021-04-26 09:51:33,2839.15,151816
2021-04-26 09:51:34,2839.15,151816
2021-04-26 09:51:35,2839.0,151826
2021-04-26 09:51:36,2839.0,151826
2021-04-26 09:51:37,2839.55,151961
2021-04-26 09:51:38,2840.0,151981
2021-04-26 09:51:39,2840.0,151981
2021-04-26 09:51:40,2840.0,151981
2021-04-26 09:51:41,2840.0,151984
2021-04-26 09:51:42,2840.6,152284
2021-04-26 09:51:43,2840.6,152284
2021-04-26 09:51:44,2839.7,152289
2021-04-26 09:51:45,2839.7,152289
2021-04-26 09:51:46,2839.85,152339
2021-04-26 09:51:47,2839.85,152339
2021-04-26 09:51:48,2839.85,152339
2021-04-26 09:51:49,2839.85,152354
2021-04-26 09:51:50,2839.85,152354
2021-04-26 09:51:50,2839.85,152354
2021-04-26 09:51:51,2839.85,152354
2021-04-26 09:51:52,2839.0,152419
2021-04-26 09:51:53,2839.0,152419
2021-04-26 09:51:55,2839.15,152529
2021-04-26 09:51:56,2839.6,152532
2021-04-26 09:51:57,2839.6,152532
2021-04-26 09:51:58,2839.6,152532
2021-04-26 09:51:59,2839.55,152552
2021-04-26 09:52:00,2838.45,152660
2021-04-26 09:52:01,2841.0,152960
2021-04-26 09:52:02,2841.0,152960
2021-04-26 09:52:02,2841.0,152960
2021-04-26 09:52:03,2840.95,152963
2021-04-26 09:52:06,2840.95,152963
2021-04-26 09:52:06,2840.95,152963
2021-04-26 09:52:07,2840.95,152963
2021-04-26 09:52:08,2840.8,152984
2021-04-26 09:52:10,2840.8,152984
2021-04-26 09:52:11,2840.8,152984
2021-04-26 09:52:13,2840.8,152984
2021-04-26 09:52:14,2840.8,152984
2021-04-26 09:52:14,2840.8,152984
2021-04-26 09:52:16,2840.8,152985
2021-04-26 09:52:16,2840.8,152985
2021-04-26 09:52:18,2840.8,152987
2021-04-26 09:52:19,2840.8,152987
2021-04-26 09:52:20,2840.8,152987
2021-04-26 09:52:21,2840.8,152987
2021-04-26 09:52:22,2840.8,152987
2021-04-26 09:52:23,2839.65,153110
2021-04-26 09:52:24,2839.65,153110
2021-04-26 09:52:25,2839.65,153110
2021-04-26 09:52:26,2840.6,153120
2021-04-26 09:52:27,2840.6,153122
2021-04-26 09:52:28,2840.6,153142
2021-04-26 09:52:28,2840.6,153123
2021-04-26 09:52:31,2840.0,153148
2021-04-26 09:52:32,2840.0,153214
2021-04-26 09:52:33,2840.0,153436
2021-04-26 09:52:34,2840.0,153436
2021-04-26 09:52:35,2840.0,153436
2021-04-26 09:52:36,2840.0,153436
2021-04-26 09:52:37,2840.0,153436
2021-04-26 09:52:38,2840.85,153725
2021-04-26 09:52:39,2840.85,153725
2021-04-26 09:52:40,2841.0,153773
2021-04-26 09:52:42,2841.0,153773
2021-04-26 09:52:43,2841.0,153773
2021-04-26 09:52:44,2841.0,153773
2021-04-26 09:52:46,2842.0,153840
2021-04-26 09:52:47,2842.0,153840
2021-04-26 09:52:48,2842.0,153857
2021-04-26 09:52:49,2842.0,153857
2021-04-26 09:52:50,2842.0,153857
2021-04-26 09:52:51,2842.0,153857
2021-04-26 09:52:52,2842.0,153857
2021-04-26 09:52:53,2841.0,153900
2021-04-26 09:52:54,2842.15,154110
2021-04-26 09:52:55,2841.0,154123
2021-04-26 09:52:55,2842.15,154110
2021-04-26 09:52:56,2841.0,154124
2021-04-26 09:52:58,2841.9,154125
2021-04-26 09:52:59,2841.9,154125
2021-04-26 09:53:00,2841.9,154125
2021-04-26 09:53:01,2841.9,154145
2021-04-26 09:53:02,2841.9,154145
2021-04-26 09:53:03,2841.0,154146
2021-04-26 09:53:05,2841.9,154152
2021-04-26 09:53:06,2840.8,154162
2021-04-26 09:53:07,2840.8,154162
2021-04-26 09:53:08,2841.9,154163
2021-04-26 09:53:09,2841.9,154163
2021-04-26 09:53:10,2841.9,154163
2021-04-26 09:53:12,2841.9,154163
2021-04-26 09:53:14,2841.9,154188
2021-04-26 09:53:15,2841.9,154188
2021-04-26 09:53:16,2841.9,154192
2021-04-26 09:53:16,2841.9,154192
2021-04-26 09:53:19,2841.9,154202
2021-04-26 09:53:18,2841.9,154202
2021-04-26 09:53:20,2841.9,154202
2021-04-26 09:53:21,2841.9,154202
2021-04-26 09:53:22,2841.9,154252
2021-04-26 09:53:23,2841.9,154305
2021-04-26 09:53:24,2841.0,154306
2021-04-26 09:53:25,2841.0,154306
2021-04-26 09:53:26,2841.0,154306
2021-04-26 09:53:27,2840.8,154316
2021-04-26 09:53:28,2840.8,154316
2021-04-26 09:53:29,2841.9,154320
2021-04-26 09:53:30,2841.9,154320
2021-04-26 09:53:31,2841.05,154325
2021-04-26 09:53:32,2841.05,154325
2021-04-26 09:53:32,2841.05,154325
2021-04-26 09:53:33,2841.0,154353
2021-04-26 09:53:34,2841.0,154368
2021-04-26 09:53:35,2841.0,154368
2021-04-26 09:53:36,2840.8,154386
2021-04-26 09:53:37,2840.8,154386
2021-04-26 09:53:39,2841.0,154448
2021-04-26 09:53:40,2840.1,154485
2021-04-26 09:53:42,2841.0,154491
2021-04-26 09:53:43,2841.0,154491
2021-04-26 09:53:43,2841.0,154491
2021-04-26 09:53:45,2841.0,154501
2021-04-26 09:53:46,2841.0,154509
2021-04-26 09:53:47,2841.0,154509
2021-04-26 09:53:48,2841.0,154509
2021-04-26 09:53:49,2841.0,154509
2021-04-26 09:53:51,2840.9,154859
2021-04-26 09:53:52,2840.9,154859
2021-04-26 09:53:53,2840.9,154911
2021-04-26 09:53:54,2842.0,155029
2021-04-26 09:53:55,2842.4,155034
2021-04-26 09:53:56,2842.4,155034
2021-04-26 09:53:57,2842.4,155034
2021-04-26 09:53:57,2842.4,155034
2021-04-26 09:53:59,2842.4,155034
2021-04-26 09:54:00,2842.4,155034
2021-04-26 09:54:02,2842.4,155035
2021-04-26 09:54:01,2842.4,155035
2021-04-26 09:54:02,2842.4,155035
2021-04-26 09:54:04,2842.0,155038
2021-04-26 09:54:04,2842.0,155038
2021-04-26 09:54:05,2842.0,155038
2021-04-26 09:54:06,2842.0,155079
2021-04-26 09:54:08,2842.0,155079
2021-04-26 09:54:09,2842.0,155079
2021-04-26 09:54:10,2842.4,155159
2021-04-26 09:54:11,2842.0,155179
2021-04-26 09:54:12,2842.0,155179
2021-04-26 09:54:13,2842.0,155179
2021-04-26 09:54:14,2842.0,155179
2021-04-26 09:54:15,2842.0,155253
2021-04-26 09:54:16,2842.0,155253
2021-04-26 09:54:17,2842.0,155262
2021-04-26 09:54:18,2842.0,155262
2021-04-26 09:54:19,2842.0,155262
2021-04-26 09:54:20,2842.0,155371
2021-04-26 09:54:21,2842.0,155371
2021-04-26 09:54:22,2842.0,155414
2021-04-26 09:54:23,2842.0,155973
2021-04-26 09:54:24,2842.05,155998
2021-04-26 09:54:25,2842.05,155998
2021-04-26 09:54:26,2841.95,156216
2021-04-26 09:54:27,2841.95,156216
2021-04-26 09:54:28,2841.95,156216
2021-04-26 09:54:29,2841.95,156216
2021-04-26 09:54:30,2842.0,156217
2021-04-26 09:54:31,2842.0,156217
2021-04-26 09:54:32,2842.0,156217
2021-04-26 09:54:33,2842.0,156217
2021-04-26 09:54:34,2841.0,156238
2021-04-26 09:54:35,2841.2,156239
2021-04-26 09:54:36,2841.2,156248
2021-04-26 09:54:37,2841.2,156253
2021-04-26 09:54:38,2841.0,156316
2021-04-26 09:54:39,2841.2,156993
2021-04-26 09:54:40,2841.2,156993
2021-04-26 09:54:41,2841.2,156998
2021-04-26 09:54:42,2841.2,156998
2021-04-26 09:54:43,2841.2,157048
2021-04-26 09:54:44,2840.0,157100
2021-04-26 09:54:45,2841.0,157111
2021-04-26 09:54:46,2841.0,157111
2021-04-26 09:54:47,2841.0,157111
2021-04-26 09:54:48,2841.0,157111
2021-04-26 09:54:49,2841.2,157295
2021-04-26 09:54:50,2841.2,157295
2021-04-26 09:54:51,2841.0,157415
2021-04-26 09:54:52,2841.0,157415
2021-04-26 09:54:53,2841.0,157509
2021-04-26 09:54:54,2842.0,157646
2021-04-26 09:54:55,2842.0,157647
2021-04-26 09:54:56,2842.0,157672
2021-04-26 09:54:57,2842.0,157672
2021-04-26 09:54:59,2842.0,157732
2021-04-26 09:55:01,2842.0,157732
2021-04-26 09:55:00,2842.0,157732
2021-04-26 09:55:02,2842.0,157732
2021-04-26 09:55:03,2842.0,157732
2021-04-26 09:55:04,2841.1,157754
2021-04-26 09:55:05,2842.0,157973
2021-04-26 09:55:06,2842.0,157973
2021-04-26 09:55:07,2843.0,157983
2021-04-26 09:55:08,2843.0,157983
2021-04-26 09:55:09,2843.0,157983
2021-04-26 09:55:10,2842.9,158084
2021-04-26 09:55:11,2842.9,158084
2021-04-26 09:55:12,2842.9,158084
2021-04-26 09:55:13,2842.9,158084
2021-04-26 09:55:14,2842.0,158159
2021-04-26 09:55:15,2842.0,158159
2021-04-26 09:55:16,2842.0,158179
2021-04-26 09:55:17,2842.0,158181
2021-04-26 09:55:18,2842.0,158181
2021-04-26 09:55:19,2842.0,158201
2021-04-26 09:55:20,2841.05,158205
2021-04-26 09:55:22,2842.0,158215
2021-04-26 09:55:23,2841.35,158322
2021-04-26 09:55:24,2841.35,158322
2021-04-26 09:55:25,2841.35,158322
2021-04-26 09:55:26,2842.9,158422
2021-04-26 09:55:27,2842.9,158422
2021-04-26 09:55:28,2842.9,158422
2021-04-26 09:55:29,2842.9,158422
2021-04-26 09:55:30,2842.8,158437
2021-04-26 09:55:31,2842.8,158442
2021-04-26 09:55:32,2842.8,158443
2021-04-26 09:55:33,2842.8,158443
2021-04-26 09:55:34,2842.8,158443
2021-04-26 09:55:35,2842.8,158444
2021-04-26 09:55:36,2842.8,158444
2021-04-26 09:55:37,2842.8,158444
2021-04-26 09:55:38,2842.8,158444
2021-04-26 09:55:39,2842.0,158475
2021-04-26 09:55:40,2842.6,158488
2021-04-26 09:55:42,2841.0,158558
2021-04-26 09:55:43,2842.0,158578
2021-04-26 09:55:44,2842.0,158578
2021-04-26 09:55:46,2842.0,158583
2021-04-26 09:55:47,2841.85,158584
2021-04-26 09:55:48,2841.85,158584
2021-04-26 09:55:49,2841.85,158584
2021-04-26 09:55:50,2841.85,158584
2021-04-26 09:55:51,2841.9,158586
2021-04-26 09:55:52,2841.9,158586
2021-04-26 09:55:53,2841.9,158631
2021-04-26 09:55:54,2841.9,158638
2021-04-26 09:55:55,2841.9,158638
2021-04-26 09:55:56,2841.9,158638
2021-04-26 09:55:57,2841.9,158638
2021-04-26 09:55:58,2841.9,158638
2021-04-26 09:55:59,2841.0,158646
2021-04-26 09:56:00,2841.0,158646
2021-04-26 09:56:01,2841.0,158685
2021-04-26 09:56:02,2841.0,158685
2021-04-26 09:56:03,2841.05,158694
2021-04-26 09:56:04,2841.05,158694
2021-04-26 09:56:05,2841.0,158704
2021-04-26 09:56:06,2841.0,158704
2021-04-26 09:56:07,2841.0,158804
2021-04-26 09:56:08,2841.8,158854
2021-04-26 09:56:09,2841.65,159100
2021-04-26 09:56:10,2841.05,159120
2021-04-26 09:56:11,2841.85,159170
2021-04-26 09:56:12,2841.85,159170
2021-04-26 09:56:13,2841.85,159170
2021-04-26 09:56:14,2841.85,159170
2021-04-26 09:56:15,2841.9,159225
2021-04-26 09:56:16,2841.9,159225
2021-04-26 09:56:17,2841.9,159225
2021-04-26 09:56:18,2841.9,159225
2021-04-26 09:56:20,2841.9,159225
2021-04-26 09:56:20,2841.9,159225
2021-04-26 09:56:21,2841.9,159225
2021-04-26 09:56:22,2841.05,159245
2021-04-26 09:56:23,2841.8,159296
2021-04-26 09:56:24,2841.8,159296
2021-04-26 09:56:25,2841.8,159306
2021-04-26 09:56:26,2841.8,159311
2021-04-26 09:56:27,2841.8,159311
2021-04-26 09:56:28,2841.8,159311
2021-04-26 09:56:29,2841.8,159311
2021-04-26 09:56:30,2841.05,159312
2021-04-26 09:56:31,2841.05,159312
2021-04-26 09:56:32,2841.75,159322
2021-04-26 09:56:33,2841.75,159322
2021-04-26 09:56:34,2841.75,159322
2021-04-26 09:56:35,2841.75,159322
2021-04-26 09:56:36,2841.75,159322
2021-04-26 09:56:37,2841.75,159322
2021-04-26 09:56:38,2841.75,159322
2021-04-26 09:56:39,2841.05,159327
2021-04-26 09:56:41,2841.05,159336
2021-04-26 09:56:42,2841.05,159354
2021-04-26 09:56:43,2841.05,159354
2021-04-26 09:56:43,2841.05,159354
2021-04-26 09:56:45,2841.05,159354
2021-04-26 09:56:46,2841.05,159388
2021-04-26 09:56:46,2841.0,159710
2021-04-26 09:56:47,2841.0,159710
2021-04-26 09:56:49,2841.0,159710
2021-04-26 09:56:49,2841.0,159711
2021-04-26 09:56:51,2840.2,159732
2021-04-26 09:56:51,2840.2,159732
2021-04-26 09:56:52,2840.15,159741
2021-04-26 09:56:53,2840.15,159784
2021-04-26 09:56:54,2840.15,159784
2021-04-26 09:56:55,2840.15,159794
2021-04-26 09:56:56,2840.0,159885
2021-04-26 09:56:57,2840.05,159895
2021-04-26 09:56:58,2840.05,159895
2021-04-26 09:56:59,2840.05,159895
2021-04-26 09:57:00,2840.05,159895
2021-04-26 09:57:01,2840.1,159900
2021-04-26 09:57:03,2840.55,159909
2021-04-26 09:57:04,2840.55,159909
2021-04-26 09:57:05,2840.55,159909
2021-04-26 09:57:06,2840.55,159909
2021-04-26 09:57:07,2840.05,159923
2021-04-26 09:57:08,2840.1,159942
2021-04-26 09:57:09,2840.1,159942
2021-04-26 09:57:11,2840.1,159942
2021-04-26 09:57:13,2840.1,159942
2021-04-26 09:57:14,2841.0,159960
2021-04-26 09:57:15,2840.0,159978
2021-04-26 09:57:16,2841.0,160278
2021-04-26 09:57:17,2841.0,160285
2021-04-26 09:57:18,2841.0,160285
2021-04-26 09:57:19,2841.0,160290
2021-04-26 09:57:20,2841.0,160290
2021-04-26 09:57:20,2841.0,160290
2021-04-26 09:57:22,2841.0,160290
2021-04-26 09:57:23,2840.0,160299
2021-04-26 09:57:23,2840.05,160539
2021-04-26 09:57:24,2840.1,160679
2021-04-26 09:57:25,2840.1,160679
2021-04-26 09:57:26,2840.1,160679
2021-04-26 09:57:27,2840.55,160685
2021-04-26 09:57:28,2840.55,160729
2021-04-26 09:57:29,2840.55,160729
2021-04-26 09:57:31,2840.6,160987
2021-04-26 09:57:33,2841.0,160988
2021-04-26 09:57:34,2841.0,161015
2021-04-26 09:57:35,2841.0,161096
2021-04-26 09:57:38,2841.2,161184
2021-04-26 09:57:39,2842.0,161392
2021-04-26 09:57:40,2842.0,161392
2021-04-26 09:57:41,2842.0,161392
2021-04-26 09:57:42,2842.0,161392
2021-04-26 09:57:43,2842.0,161392
2021-04-26 09:57:44,2841.6,161398
2021-04-26 09:57:46,2841.6,161443
2021-04-26 09:57:47,2842.0,161503
2021-04-26 09:57:48,2842.0,161503
2021-04-26 09:57:49,2842.0,161504
2021-04-26 09:57:50,2842.0,161504
2021-04-26 09:57:51,2842.0,161504
2021-04-26 09:57:52,2841.0,161509
2021-04-26 09:57:53,2840.55,161609
2021-04-26 09:57:54,2840.55,161609
2021-04-26 09:57:55,2841.0,161619
2021-04-26 09:57:56,2841.0,161619
2021-04-26 09:57:57,2840.55,161652
2021-04-26 09:57:58,2840.55,161652
2021-04-26 09:57:59,2840.0,161781
2021-04-26 09:58:00,2840.1,161832
2021-04-26 09:58:01,2840.1,161832
2021-04-26 09:58:02,2840.1,161832
2021-04-26 09:58:03,2840.1,161832
2021-04-26 09:58:04,2840.95,161837
2021-04-26 09:58:05,2840.95,161837
2021-04-26 09:58:06,2840.95,161837
2021-04-26 09:58:07,2840.0,161888
2021-04-26 09:58:10,2840.05,161890
2021-04-26 09:58:10,2840.05,161890
2021-04-26 09:58:11,2840.05,161890
2021-04-26 09:58:12,2843.95,162798
2021-04-26 09:58:13,2842.5,162807
2021-04-26 09:58:14,2843.8,162808
2021-04-26 09:58:15,2844.0,162813
2021-04-26 09:58:16,2844.0,162813
2021-04-26 09:58:17,2844.0,162815
2021-04-26 09:58:18,2844.0,162815
2021-04-26 09:58:20,2844.0,162815
2021-04-26 09:58:22,2842.95,162898
2021-04-26 09:58:24,2844.0,162908
2021-04-26 09:58:27,2843.7,163033
2021-04-26 09:58:28,2843.7,163033
2021-04-26 09:58:29,2843.7,163033
2021-04-26 09:58:30,2843.7,163033
2021-04-26 09:58:32,2842.2,163111
2021-04-26 09:58:32,2842.2,163111
2021-04-26 09:58:34,2842.2,163111
2021-04-26 09:58:35,2842.2,163111
2021-04-26 09:58:36,2842.2,163111
2021-04-26 09:58:37,2843.0,163116
2021-04-26 09:58:38,2843.95,163146
2021-04-26 09:58:39,2843.95,163146
2021-04-26 09:58:39,2843.95,163146
2021-04-26 09:58:41,2843.95,163147
2021-04-26 09:58:41,2843.95,163146
2021-04-26 09:58:42,2842.95,163197
2021-04-26 09:58:43,2842.45,163405
2021-04-26 09:58:44,2844.1,163665
2021-04-26 09:58:45,2844.1,163675
2021-04-26 09:58:47,2844.1,163987
2021-04-26 09:58:48,2844.1,164088
2021-04-26 09:58:50,2844.0,164159
2021-04-26 09:58:52,2844.0,164185
2021-04-26 09:58:54,2843.3,164259
2021-04-26 09:58:55,2844.95,164277
2021-04-26 09:58:56,2844.95,164278
2021-04-26 09:58:59,2844.0,164353
2021-04-26 09:59:00,2844.0,164353
2021-04-26 09:59:02,2844.0,164406
2021-04-26 09:59:03,2844.0,164406
2021-04-26 09:59:04,2844.0,164406
2021-04-26 09:59:05,2844.95,164431
2021-04-26 09:59:06,2845.0,164566
2021-04-26 09:59:07,2845.0,164566
2021-04-26 09:59:07,2845.0,164566
2021-04-26 09:59:08,2845.0,164566
2021-04-26 09:59:09,2845.0,164566
2021-04-26 09:59:10,2845.0,164566
2021-04-26 09:59:11,2845.0,164566
2021-04-26 09:59:12,2845.0,164566
2021-04-26 09:59:14,2845.0,164566
2021-04-26 09:59:14,2845.0,164566
2021-04-26 09:59:16,2844.95,164568
2021-04-26 09:59:17,2844.95,164568
2021-04-26 09:59:18,2844.95,164574
2021-04-26 09:59:19,2844.95,164574
2021-04-26 09:59:20,2844.95,164575
2021-04-26 09:59:21,2844.95,164575
2021-04-26 09:59:22,2844.95,164575
2021-04-26 09:59:22,2844.0,164618
2021-04-26 09:59:24,2844.95,164642
2021-04-26 09:59:25,2844.95,164725
2021-04-26 09:59:26,2844.95,164725
2021-04-26 09:59:27,2845.0,164785
2021-04-26 09:59:28,2845.0,164785
2021-04-26 09:59:29,2845.0,164785
2021-04-26 09:59:31,2845.0,164786
2021-04-26 09:59:32,2845.0,164786
2021-04-26 09:59:32,2845.0,164786
2021-04-26 09:59:33,2844.0,164796
2021-04-26 09:59:34,2845.0,164797
2021-04-26 09:59:36,2844.0,164807
2021-04-26 09:59:36,2844.0,164807
2021-04-26 09:59:38,2844.95,164809
2021-04-26 09:59:39,2844.0,164876
2021-04-26 09:59:41,2844.0,164908
2021-04-26 09:59:42,2844.0,164908
2021-04-26 09:59:43,2845.0,164913
2021-04-26 09:59:45,2844.0,164919
2021-04-26 09:59:46,2844.0,164919
2021-04-26 09:59:48,2844.0,164919
2021-04-26 09:59:50,2844.0,164928
2021-04-26 09:59:51,2844.85,164958
2021-04-26 09:59:52,2844.85,164958
2021-04-26 09:59:53,2844.0,164972
2021-04-26 09:59:54,2844.0,164972
2021-04-26 09:59:55,2843.55,164990
2021-04-26 09:59:56,2843.55,164990
2021-04-26 09:59:57,2843.55,165024
2021-04-26 09:59:57,2843.55,165282
2021-04-26 09:59:59,2843.9,165302
2021-04-26 09:59:59,2843.0,165310
2021-04-26 10:00:01,2843.3,165670
2021-04-26 10:00:02,2841.75,165740
2021-04-26 10:00:03,2841.75,165740
2021-04-26 10:00:05,2841.75,165740
2021-04-26 10:00:05,2841.45,165749
2021-04-26 10:00:06,2841.45,165749
2021-04-26 10:00:07,2841.7,165756
2021-04-26 10:00:09,2841.55,165773
2021-04-26 10:00:10,2842.7,165775
2021-04-26 10:00:12,2841.6,165777
2021-04-26 10:00:12,2841.6,165777
2021-04-26 10:00:13,2845.0,166756
2021-04-26 10:00:15,2845.0,166756
2021-04-26 10:00:16,2845.0,166756
2021-04-26 10:00:18,2845.0,166766
2021-04-26 10:00:19,2845.0,166806
2021-04-26 10:00:21,2843.65,166906
2021-04-26 10:00:22,2843.65,166906
2021-04-26 10:00:24,2843.6,166911
2021-04-26 10:00:29,2843.2,167186
2021-04-26 10:00:30,2843.2,167186
2021-04-26 10:00:31,2844.65,167197
2021-04-26 10:00:32,2844.5,167202
2021-04-26 10:00:33,2844.5,167237
2021-04-26 10:00:34,2844.45,167255
2021-04-26 10:00:36,2844.45,167255
2021-04-26 10:00:37,2844.45,167255
2021-04-26 10:00:37,2844.45,167255
2021-04-26 10:00:39,2844.5,167265
2021-04-26 10:00:40,2844.5,167265
2021-04-26 10:00:41,2844.5,167265
2021-04-26 10:00:42,2844.45,167284
2021-04-26 10:00:42,2844.45,167284
2021-04-26 10:00:43,2844.0,167319
2021-04-26 10:00:44,2844.0,167359
2021-04-26 10:00:45,2844.0,167359
2021-04-26 10:00:46,2844.0,167359
2021-04-26 10:00:47,2844.0,167359
2021-04-26 10:00:49,2844.9,167457
2021-04-26 10:00:50,2844.0,167459
2021-04-26 10:00:51,2844.9,167469
2021-04-26 10:00:52,2844.9,167469
2021-04-26 10:00:53,2844.5,167500
2021-04-26 10:00:54,2844.0,167566
2021-04-26 10:00:55,2844.0,167566
2021-04-26 10:00:56,2844.0,167766
2021-04-26 10:00:57,2844.0,167766
2021-04-26 10:00:57,2844.0,167766
2021-04-26 10:00:59,2844.7,167776
2021-04-26 10:01:00,2844.7,167782
2021-04-26 10:01:01,2844.0,167822
2021-04-26 10:01:02,2843.3,167832
2021-04-26 10:01:03,2843.3,167832
2021-04-26 10:01:04,2843.3,167832
2021-04-26 10:01:05,2842.0,167943
2021-04-26 10:01:07,2843.0,167958
2021-04-26 10:01:08,2841.7,168158
2021-04-26 10:01:10,2842.2,168198
2021-04-26 10:01:11,2842.2,168198
2021-04-26 10:01:12,2843.15,168199
2021-04-26 10:01:13,2841.5,168232
2021-04-26 10:01:14,2841.45,168247
2021-04-26 10:01:16,2841.4,168256
2021-04-26 10:01:17,2842.8,168271
2021-04-26 10:01:17,2841.35,168280
2021-04-26 10:01:18,2841.35,168280
2021-04-26 10:01:20,2842.75,168285
2021-04-26 10:01:21,2842.75,168285
2021-04-26 10:01:22,2842.75,168285
2021-04-26 10:01:22,2841.4,168301
2021-04-26 10:01:24,2841.4,168302
2021-04-26 10:01:25,2841.4,168302
2021-04-26 10:01:27,2841.0,168378
2021-04-26 10:01:27,2841.0,168378
2021-04-26 10:01:28,2841.0,168378
2021-04-26 10:01:29,2841.0,168378
2021-04-26 10:01:30,2841.0,168378
2021-04-26 10:01:31,2841.0,168378
2021-04-26 10:01:32,2841.0,168378
2021-04-26 10:01:34,2841.0,168390
2021-04-26 10:01:36,2841.4,168410
2021-04-26 10:01:37,2841.0,168411
2021-04-26 10:01:38,2841.0,168411
2021-04-26 10:01:39,2841.0,168411
2021-04-26 10:01:41,2841.0,168420
2021-04-26 10:01:42,2841.0,168465
2021-04-26 10:01:42,2841.0,168465
2021-04-26 10:01:43,2840.6,168472
2021-04-26 10:01:44,2840.6,168472
2021-04-26 10:01:45,2841.35,168532
2021-04-26 10:01:48,2841.35,168532
2021-04-26 10:01:49,2841.35,168622
2021-04-26 10:01:51,2841.4,168695
2021-04-26 10:01:50,2841.4,168695
2021-04-26 10:01:51,2841.4,168700
2021-04-26 10:01:52,2840.75,169049
2021-04-26 10:01:53,2840.75,169049
2021-04-26 10:01:54,2840.5,169055
2021-04-26 10:01:55,2841.35,169060
2021-04-26 10:01:56,2841.35,169061
2021-04-26 10:01:57,2841.35,169061
2021-04-26 10:01:58,2841.35,169061
2021-04-26 10:02:00,2841.35,169061
2021-04-26 10:02:01,2840.25,169091
2021-04-26 10:02:02,2841.35,169108
2021-04-26 10:02:03,2840.25,169158
2021-04-26 10:02:04,2840.25,169158
2021-04-26 10:02:05,2840.25,169158
2021-04-26 10:02:06,2840.25,169158
2021-04-26 10:02:07,2841.35,169168
2021-04-26 10:02:08,2840.15,169178
2021-04-26 10:02:08,2840.15,169178
2021-04-26 10:02:09,2840.15,169201
2021-04-26 10:02:12,2840.0,169511
2021-04-26 10:02:13,2840.0,169511
2021-04-26 10:02:14,2840.1,169521
2021-04-26 10:02:15,2840.95,169522
2021-04-26 10:02:16,2840.95,169572
2021-04-26 10:02:17,2840.95,169572
2021-04-26 10:02:19,2840.1,169573
2021-04-26 10:02:19,2840.1,169573
2021-04-26 10:02:21,2840.1,169582
2021-04-26 10:02:22,2840.0,169592
2021-04-26 10:02:23,2840.0,169592
2021-04-26 10:02:26,2840.0,169595
2021-04-26 10:02:27,2840.0,171244
2021-04-26 10:02:28,2840.0,171296
2021-04-26 10:02:29,2840.0,171306
2021-04-26 10:02:31,2840.0,171328
2021-04-26 10:02:30,2840.0,171328
2021-04-26 10:02:32,2840.05,171363
2021-04-26 10:02:33,2840.0,171372
2021-04-26 10:02:34,2840.0,171372
2021-04-26 10:02:35,2840.05,171377
2021-04-26 10:02:36,2840.05,171377
2021-04-26 10:02:37,2840.05,171387
2021-04-26 10:02:38,2840.05,171387
2021-04-26 10:02:39,2840.05,171478
2021-04-26 10:02:40,2840.05,171478
2021-04-26 10:02:41,2840.05,171478
2021-04-26 10:02:42,2840.05,171478
2021-04-26 10:02:44,2840.05,171478
2021-04-26 10:02:44,2840.05,171489
2021-04-26 10:02:45,2840.0,171545
2021-04-26 10:02:47,2840.05,171575
2021-04-26 10:02:49,2840.05,171575
2021-04-26 10:02:49,2840.05,171575
2021-04-26 10:02:50,2840.05,171575
2021-04-26 10:02:52,2840.0,171584
2021-04-26 10:02:52,2840.0,171626
2021-04-26 10:02:53,2840.0,171626
2021-04-26 10:02:54,2840.0,171626
2021-04-26 10:02:56,2840.05,171691
2021-04-26 10:02:57,2840.0,171693
2021-04-26 10:02:57,2840.0,171693
2021-04-26 10:02:59,2840.0,171693
2021-04-26 10:03:00,2840.0,171700
2021-04-26 10:03:01,2840.25,171819
2021-04-26 10:03:02,2840.25,171819
2021-04-26 10:03:03,2840.25,171819
2021-04-26 10:03:07,2842.2,171821
2021-04-26 10:03:07,2843.65,171871
2021-04-26 10:03:08,2843.65,171871
2021-04-26 10:03:09,2842.2,171878
2021-04-26 10:03:11,2842.2,171878
2021-04-26 10:03:12,2842.2,171878
2021-04-26 10:03:15,2843.55,171883
2021-04-26 10:03:16,2843.55,171883
2021-04-26 10:03:17,2843.55,171883
2021-04-26 10:03:18,2843.55,171883
2021-04-26 10:03:19,2842.3,171884
2021-04-26 10:03:20,2843.5,171889
2021-04-26 10:03:21,2843.55,171939
2021-04-26 10:03:22,2842.3,171950
2021-04-26 10:03:23,2842.3,171955
2021-04-26 10:03:24,2842.3,171957
2021-04-26 10:03:25,2843.55,172017
2021-04-26 10:03:25,2843.55,172017
2021-04-26 10:03:27,2842.15,172021
2021-04-26 10:03:27,2842.3,172024
2021-04-26 10:03:29,2842.1,172038
2021-04-26 10:03:30,2842.3,172039
2021-04-26 10:03:31,2842.3,172039
2021-04-26 10:03:32,2842.3,172039
2021-04-26 10:03:33,2842.3,172039
2021-04-26 10:03:34,2842.3,172039
2021-04-26 10:03:35,2842.3,172039
2021-04-26 10:03:36,2842.3,172039
2021-04-26 10:03:37,2842.1,172042
2021-04-26 10:03:38,2842.1,172042
2021-04-26 10:03:39,2842.1,172048
2021-04-26 10:03:40,2842.1,172048
2021-04-26 10:03:41,2842.1,172048
2021-04-26 10:03:42,2842.1,172048
2021-04-26 10:03:43,2842.1,172053
2021-04-26 10:03:44,2842.1,172053
2021-04-26 10:03:45,2840.95,172062
2021-04-26 10:03:49,2840.95,172080
2021-04-26 10:03:50,2840.95,172080
2021-04-26 10:03:51,2840.95,172080
2021-04-26 10:03:52,2842.1,172238
2021-04-26 10:03:53,2842.1,172238
2021-04-26 10:03:54,2842.1,172238
2021-04-26 10:03:55,2842.0,172239
2021-04-26 10:03:56,2842.0,172239
2021-04-26 10:03:57,2842.0,172239
2021-04-26 10:03:58,2842.0,172239
2021-04-26 10:03:59,2842.0,172239
2021-04-26 10:04:00,2841.0,172248
2021-04-26 10:04:00,2842.0,172239
2021-04-26 10:04:02,2841.0,172248
2021-04-26 10:04:02,2841.0,172248
2021-04-26 10:04:03,2842.0,172258
2021-04-26 10:04:05,2842.0,172261
2021-04-26 10:04:06,2842.0,172261
2021-04-26 10:04:07,2841.4,172270
2021-04-26 10:04:08,2841.4,172270
2021-04-26 10:04:09,2842.0,172278
2021-04-26 10:04:10,2842.0,172278
2021-04-26 10:04:10,2842.0,172278
2021-04-26 10:04:12,2842.0,172278
2021-04-26 10:04:13,2841.3,172280
2021-04-26 10:04:14,2841.25,172317
2021-04-26 10:04:15,2842.1,172813
2021-04-26 10:04:15,2841.1,172335
2021-04-26 10:04:17,2842.1,172813
2021-04-26 10:04:18,2843.8,172823
2021-04-26 10:04:20,2844.0,172843
2021-04-26 10:04:21,2844.0,172843
2021-04-26 10:04:22,2844.0,172843
2021-04-26 10:04:24,2844.0,172843
2021-04-26 10:04:24,2844.0,172843
2021-04-26 10:04:25,2844.0,172843
2021-04-26 10:04:26,2844.0,172843
2021-04-26 10:04:27,2841.95,172886
2021-04-26 10:04:28,2843.95,172890
2021-04-26 10:04:29,2844.0,172900
2021-04-26 10:04:31,2844.0,172900
2021-04-26 10:04:32,2844.0,172900
2021-04-26 10:04:33,2844.0,172900
2021-04-26 10:04:34,2844.0,172900
2021-04-26 10:04:35,2844.0,172900
2021-04-26 10:04:36,2844.0,172900
2021-04-26 10:04:37,2843.95,172910
2021-04-26 10:04:38,2843.95,172910
2021-04-26 10:04:39,2843.95,172910
2021-04-26 10:04:41,2843.95,172911
2021-04-26 10:04:42,2843.95,172911
2021-04-26 10:04:44,2843.95,172916
2021-04-26 10:04:45,2843.95,172916
2021-04-26 10:04:46,2843.95,172936
2021-04-26 10:04:47,2844.0,173036
2021-04-26 10:04:48,2844.0,173036
2021-04-26 10:04:49,2844.0,173036
2021-04-26 10:04:50,2844.0,173036
2021-04-26 10:04:51,2843.95,173057
2021-04-26 10:04:52,2843.5,173065
2021-04-26 10:04:53,2843.5,173070
2021-04-26 10:04:54,2843.5,173070
2021-04-26 10:04:58,2843.5,173122
2021-04-26 10:04:59,2842.2,173172
2021-04-26 10:05:00,2842.2,173172
2021-04-26 10:05:01,2843.5,173268
2021-04-26 10:05:02,2843.5,173268
2021-04-26 10:05:03,2843.9,173269
2021-04-26 10:05:04,2843.9,173269
2021-04-26 10:05:05,2844.0,173279
2021-04-26 10:05:06,2845.0,173554
2021-04-26 10:05:07,2845.0,173554
2021-04-26 10:05:08,2845.0,173554
2021-04-26 10:05:09,2845.0,173559
2021-04-26 10:05:10,2845.0,173559
2021-04-26 10:05:11,2845.0,173559
2021-04-26 10:05:12,2845.0,173559
2021-04-26 10:05:13,2845.0,173559
2021-04-26 10:05:14,2845.0,173559
2021-04-26 10:05:16,2845.0,173809
2021-04-26 10:05:17,2845.0,173810
2021-04-26 10:05:18,2845.0,173810
2021-04-26 10:05:19,2845.0,173810
2021-04-26 10:05:20,2845.0,173810
2021-04-26 10:05:21,2845.0,173810
2021-04-26 10:05:22,2845.0,173810
2021-04-26 10:05:23,2844.4,173811
2021-04-26 10:05:24,2844.4,173826
2021-04-26 10:05:25,2844.4,173826
2021-04-26 10:05:26,2848.95,174830
2021-04-26 10:05:27,2848.0,174840
2021-04-26 10:05:28,2848.0,174840
2021-04-26 10:05:30,2848.9,175040
2021-04-26 10:05:31,2848.9,175040
2021-04-26 10:05:32,2848.9,175040
2021-04-26 10:05:33,2848.9,175040
2021-04-26 10:05:34,2848.9,175040
2021-04-26 10:05:35,2847.2,175042
2021-04-26 10:05:36,2847.2,175042
2021-04-26 10:05:38,2847.6,175623
2021-04-26 10:05:39,2848.45,175624
2021-04-26 10:05:40,2848.45,175624
2021-04-26 10:05:41,2847.5,175673
2021-04-26 10:05:42,2848.45,175693
2021-04-26 10:05:43,2848.5,175748
2021-04-26 10:05:44,2846.65,175818
2021-04-26 10:05:45,2848.0,175822
2021-04-26 10:05:46,2848.0,175822
2021-04-26 10:05:47,2848.0,175822
2021-04-26 10:05:48,2846.0,176302
2021-04-26 10:05:49,2846.0,176303
2021-04-26 10:05:50,2846.0,176303
2021-04-26 10:05:51,2845.9,176307
2021-04-26 10:05:52,2845.2,176376
2021-04-26 10:05:54,2845.2,176376
2021-04-26 10:05:55,2845.2,176376
2021-04-26 10:05:56,2845.2,176376
2021-04-26 10:05:57,2845.2,176376
2021-04-26 10:05:58,2845.3,176470
2021-04-26 10:05:59,2847.9,176660
2021-04-26 10:06:01,2847.7,176666
2021-04-26 10:06:02,2847.9,176676
2021-04-26 10:06:04,2847.9,176680
2021-04-26 10:06:05,2848.0,176808
2021-04-26 10:06:07,2847.9,176813
2021-04-26 10:06:08,2847.9,176824
2021-04-26 10:06:09,2847.9,176824
2021-04-26 10:06:10,2847.9,176824
2021-04-26 10:06:11,2847.9,176824
2021-04-26 10:06:12,2847.7,176826
2021-04-26 10:06:13,2847.7,176826
2021-04-26 10:06:14,2847.7,176833
2021-04-26 10:06:15,2847.7,176834
2021-04-26 10:06:16,2847.7,176839
2021-04-26 10:06:17,2847.9,176939
2021-04-26 10:06:18,2847.9,176939
2021-04-26 10:06:19,2847.7,176940
2021-04-26 10:06:20,2847.7,176940
2021-04-26 10:06:21,2847.7,176960
2021-04-26 10:06:22,2847.7,176961
2021-04-26 10:06:23,2847.7,176961
2021-04-26 10:06:24,2847.7,176961
2021-04-26 10:06:25,2845.1,177138
2021-04-26 10:06:26,2846.4,177148
2021-04-26 10:06:27,2846.35,177168
2021-04-26 10:06:28,2847.25,177316
2021-04-26 10:06:29,2847.25,177316
2021-04-26 10:06:30,2846.3,177317
2021-04-26 10:06:31,2846.3,177317
2021-04-26 10:06:32,2846.35,177327
2021-04-26 10:06:33,2846.3,177332
2021-04-26 10:06:34,2845.05,177357
2021-04-26 10:06:35,2845.05,177357
2021-04-26 10:06:36,2845.05,177357
2021-04-26 10:06:37,2845.05,177357
2021-04-26 10:06:38,2846.3,177362
2021-04-26 10:06:39,2846.3,177362
2021-04-26 10:06:40,2846.3,177374
2021-04-26 10:06:41,2845.05,177381
2021-04-26 10:06:42,2845.05,177381
2021-04-26 10:06:43,2846.3,177441
2021-04-26 10:06:44,2846.3,177441
2021-04-26 10:06:45,2846.3,177441
2021-04-26 10:06:46,2846.3,177441
2021-04-26 10:06:47,2846.3,177441
2021-04-26 10:06:48,2846.3,177441
2021-04-26 10:06:50,2846.3,177441
2021-04-26 10:06:51,2846.0,177444
2021-04-26 10:06:52,2845.1,177446
2021-04-26 10:06:54,2845.1,177446
2021-04-26 10:06:55,2845.1,177446
2021-04-26 10:06:56,2845.1,177450
2021-04-26 10:06:58,2845.0,177662
2021-04-26 10:06:57,2845.0,177662
2021-04-26 10:06:59,2844.9,177663
2021-04-26 10:07:00,2844.9,177663
2021-04-26 10:07:01,2844.9,177668
2021-04-26 10:07:02,2844.0,177701
2021-04-26 10:07:03,2844.0,177701
2021-04-26 10:07:04,2844.85,177702
2021-04-26 10:07:05,2844.85,177702
2021-04-26 10:07:07,2844.85,177702
2021-04-26 10:07:08,2844.85,177723
2021-04-26 10:07:09,2844.0,177733
2021-04-26 10:07:10,2844.85,177743
2021-04-26 10:07:12,2844.85,177743
2021-04-26 10:07:13,2844.85,177753
2021-04-26 10:07:14,2844.85,177753
2021-04-26 10:07:15,2844.85,177765
