timestamp,ltp,volume
2021-04-26 09:15:21,6705.1,4352
2021-04-26 09:15:22,6705.1,4372
2021-04-26 09:15:23,6706.9,4518
2021-04-26 09:15:25,6712.55,4652
2021-04-26 09:15:26,6712.3,4674
2021-04-26 09:15:27,6711.9,4746
2021-04-26 09:15:28,6711.9,4860
2021-04-26 09:15:29,6711.75,4905
2021-04-26 09:15:29,6705.15,4909
2021-04-26 09:15:30,6715.4,5020
2021-04-26 09:15:31,6708.0,5309
2021-04-26 09:15:32,6706.65,5371
2021-04-26 09:15:33,6715.3,5544
2021-04-26 09:15:34,6708.5,5565
2021-04-26 09:15:35,6714.6,5595
2021-04-26 09:15:37,6705.1,5692
2021-04-26 09:15:37,6705.1,5692
2021-04-26 09:15:38,6712.4,5698
2021-04-26 09:15:39,6705.35,5782
2021-04-26 09:15:40,6712.2,5828
2021-04-26 09:15:41,6712.2,5828
2021-04-26 09:15:42,6712.4,5839
2021-04-26 09:15:43,6714.95,5939
2021-04-26 09:15:44,6707.6,5955
2021-04-26 09:15:45,6714.3,6013
2021-04-26 09:15:46,6716.9,6260
2021-04-26 09:15:47,6723.0,6468
2021-04-26 09:15:48,6725.0,6599
2021-04-26 09:15:49,6734.75,6781
2021-04-26 09:15:50,6734.75,6905
2021-04-26 09:15:51,6728.75,6948
2021-04-26 09:15:52,6729.15,7076
2021-04-26 09:15:53,6731.0,7078
2021-04-26 09:15:54,6728.7,7262
2021-04-26 09:15:55,6730.15,7425
2021-04-26 09:15:56,6724.15,7511
2021-04-26 09:15:57,6728.5,7531
2021-04-26 09:15:58,6722.6,7567
2021-04-26 09:15:59,6719.9,7863
2021-04-26 09:16:00,6728.45,7959
2021-04-26 09:16:01,6728.9,7978
2021-04-26 09:16:02,6732.6,8092
2021-04-26 09:16:03,6732.6,8146
2021-04-26 09:16:05,6728.75,8195
2021-04-26 09:16:06,6730.9,8363
2021-04-26 09:16:07,6726.15,8379
2021-04-26 09:16:08,6724.85,8453
2021-04-26 09:16:09,6728.9,8607
2021-04-26 09:16:10,6732.75,8693
2021-04-26 09:16:11,6726.2,8863
2021-04-26 09:16:12,6733.0,8923
2021-04-26 09:16:13,6725.0,9028
2021-04-26 09:16:14,6730.85,9031
2021-04-26 09:16:15,6730.75,9092
2021-04-26 09:16:16,6730.75,9092
2021-04-26 09:16:17,6731.0,9268
2021-04-26 09:16:18,6730.0,9587
2021-04-26 09:16:20,6730.75,9886
2021-04-26 09:16:21,6730.95,10058
2021-04-26 09:16:22,6729.6,10102
2021-04-26 09:16:23,6731.45,10178
2021-04-26 09:16:23,6732.6,10208
2021-04-26 09:16:24,6735.0,10356
2021-04-26 09:16:25,6731.65,10448
2021-04-26 09:16:26,6735.1,10676
2021-04-26 09:16:27,6730.05,10762
2021-04-26 09:16:28,6735.4,10934
2021-04-26 09:16:29,6734.0,10952
2021-04-26 09:16:30,6725.0,11329
2021-04-26 09:16:31,6724.95,11465
2021-04-26 09:16:32,6728.0,11606
2021-04-26 09:16:33,6725.0,11671
2021-04-26 09:16:34,6723.0,11673
2021-04-26 09:16:35,6725.0,11746
2021-04-26 09:16:37,6722.0,11864
2021-04-26 09:16:38,6717.95,11990
2021-04-26 09:16:38,6725.6,12035
2021-04-26 09:16:39,6719.25,12061
2021-04-26 09:16:40,6727.35,12318
2021-04-26 09:16:41,6728.65,12465
2021-04-26 09:16:42,6728.8,12480
2021-04-26 09:16:43,6723.4,12481
2021-04-26 09:16:44,6728.8,12511
2021-04-26 09:16:45,6723.75,12521
2021-04-26 09:16:47,6728.7,12527
2021-04-26 09:16:48,6725.0,12569
2021-04-26 09:16:48,6725.0,12626
2021-04-26 09:16:49,6724.0,12669
2021-04-26 09:16:50,6726.3,12670
2021-04-26 09:16:51,6723.2,12672
2021-04-26 09:16:52,6720.45,12734
2021-04-26 09:16:53,6723.2,12746
2021-04-26 09:16:54,6725.3,13103
2021-04-26 09:16:55,6734.0,13627
2021-04-26 09:16:56,6730.4,13698
2021-04-26 09:16:57,6739.7,13976
2021-04-26 09:16:58,6738.8,14161
2021-04-26 09:17:00,6731.65,14358
2021-04-26 09:17:01,6731.65,14401
2021-04-26 09:17:02,6731.65,14406
2021-04-26 09:17:02,6730.6,14616
2021-04-26 09:17:03,6737.9,14681
2021-04-26 09:17:04,6730.7,14726
2021-04-26 09:17:05,6737.9,14745
2021-04-26 09:17:06,6736.45,14805
2021-04-26 09:17:08,6731.0,14910
2021-04-26 09:17:09,6730.25,14987
2021-04-26 09:17:10,6726.1,14994
2021-04-26 09:17:11,6730.25,15079
2021-04-26 09:17:12,6730.3,15092
2021-04-26 09:17:13,6724.9,15231
2021-04-26 09:17:14,6732.1,15470
2021-04-26 09:17:16,6732.4,15543
2021-04-26 09:17:16,6729.8,15602
2021-04-26 09:17:17,6729.8,15602
2021-04-26 09:17:19,6725.0,15714
2021-04-26 09:17:20,6725.25,15764
2021-04-26 09:17:21,6726.3,15805
2021-04-26 09:17:22,6725.55,15863
2021-04-26 09:17:23,6725.55,15863
2021-04-26 09:17:24,6728.75,16005
2021-04-26 09:17:25,6726.15,16132
2021-04-26 09:17:26,6726.6,16227
2021-04-26 09:17:27,6726.6,16227
2021-04-26 09:17:28,6726.7,16349
2021-04-26 09:17:29,6729.0,16350
2021-04-26 09:17:30,6731.15,16382
2021-04-26 09:17:31,6726.45,17086
2021-04-26 09:17:32,6724.85,17224
2021-04-26 09:17:33,6724.15,17408
2021-04-26 09:17:34,6723.35,17443
2021-04-26 09:17:35,6724.25,17622
2021-04-26 09:17:35,6724.25,17622
2021-04-26 09:17:36,6724.2,17629
2021-04-26 09:17:37,6724.2,17698
2021-04-26 09:17:38,6720.5,17706
2021-04-26 09:17:39,6720.25,17732
2021-04-26 09:17:40,6724.15,17750
2021-04-26 09:17:41,6724.15,17750
2021-04-26 09:17:42,6721.25,17871
2021-04-26 09:17:43,6724.1,17941
2021-04-26 09:17:44,6721.2,18110
2021-04-26 09:17:46,6721.2,18435
2021-04-26 09:17:47,6716.55,18525
2021-04-26 09:17:49,6718.25,18730
2021-04-26 09:17:50,6715.95,18862
2021-04-26 09:17:51,6714.3,18899
2021-04-26 09:17:51,6714.3,18899
2021-04-26 09:17:52,6717.9,18932
2021-04-26 09:17:53,6715.85,18934
2021-04-26 09:17:55,6721.15,19206
2021-04-26 09:17:56,6719.6,19255
2021-04-26 09:17:57,6719.0,19336
2021-04-26 09:17:58,6718.6,19348
2021-04-26 09:17:59,6720.0,19481
2021-04-26 09:18:00,6720.8,19502
2021-04-26 09:18:02,6719.75,19582
2021-04-26 09:18:03,6719.75,19582
2021-04-26 09:18:04,6719.75,19582
2021-04-26 09:18:05,6719.75,19582
2021-04-26 09:18:06,6714.95,20792
2021-04-26 09:18:07,6712.7,20837
2021-04-26 09:18:07,6710.15,21219
2021-04-26 09:18:09,6710.4,21283
2021-04-26 09:18:10,6710.2,21315
2021-04-26 09:18:10,6710.6,21430
2021-04-26 09:18:11,6713.95,21512
2021-04-26 09:18:12,6712.45,21638
2021-04-26 09:18:13,6710.0,21897
2021-04-26 09:18:14,6712.3,21911
2021-04-26 09:18:16,6705.0,22252
2021-04-26 09:18:18,6702.05,22693
2021-04-26 09:18:18,6706.45,22695
2021-04-26 09:18:19,6705.0,22755
2021-04-26 09:18:20,6708.0,22807
2021-04-26 09:18:21,6710.8,22874
2021-04-26 09:18:22,6710.8,22884
2021-04-26 09:18:23,6710.8,22960
2021-04-26 09:18:24,6706.6,23036
2021-04-26 09:18:25,6709.3,23038
2021-04-26 09:18:26,6704.25,23060
2021-04-26 09:18:27,6704.25,23060
2021-04-26 09:18:28,6705.0,23528
2021-04-26 09:18:29,6705.0,23675
2021-04-26 09:18:30,6706.0,23688
2021-04-26 09:18:31,6706.0,23690
2021-04-26 09:18:32,6706.0,23750
2021-04-26 09:18:33,6705.0,23751
2021-04-26 09:18:34,6705.0,23865
2021-04-26 09:18:35,6705.0,23912
2021-04-26 09:18:37,6705.0,23913
2021-04-26 09:18:37,6703.2,23959
2021-04-26 09:18:38,6703.2,24015
2021-04-26 09:18:40,6703.2,24021
2021-04-26 09:18:40,6703.2,24026
2021-04-26 09:18:41,6700.0,24710
2021-04-26 09:18:43,6699.0,25035
2021-04-26 09:18:43,6699.0,25035
2021-04-26 09:18:45,6700.4,25218
2021-04-26 09:18:46,6700.4,25218
2021-04-26 09:18:46,6700.0,25221
2021-04-26 09:18:47,6700.4,25223
2021-04-26 09:18:48,6700.05,25260
2021-04-26 09:18:50,6707.8,25522
2021-04-26 09:18:50,6707.8,25522
2021-04-26 09:18:51,6709.35,25585
2021-04-26 09:18:52,6709.3,25602
2021-04-26 09:18:53,6709.35,25701
2021-04-26 09:18:54,6708.9,25831
2021-04-26 09:18:55,6702.6,25878
2021-04-26 09:18:56,6708.5,25879
2021-04-26 09:18:57,6708.5,25879
2021-04-26 09:18:59,6703.85,25922
2021-04-26 09:19:00,6708.55,25946
2021-04-26 09:19:02,6709.35,25967
2021-04-26 09:19:02,6705.15,25968
2021-04-26 09:19:03,6708.9,26066
2021-04-26 09:19:04,6709.0,26067
2021-04-26 09:19:05,6705.45,26070
2021-04-26 09:19:06,6705.5,26071
2021-04-26 09:19:07,6708.0,26198
2021-04-26 09:19:08,6708.8,26236
2021-04-26 09:19:10,6707.05,26241
2021-04-26 09:19:11,6705.0,26307
2021-04-26 09:19:12,6708.6,26343
2021-04-26 09:19:13,6708.6,26376
2021-04-26 09:19:14,6700.0,28269
2021-04-26 09:19:15,6700.0,28487
2021-04-26 09:19:16,6700.0,28952
2021-04-26 09:19:17,6700.0,29000
2021-04-26 09:19:18,6700.0,29020
2021-04-26 09:19:19,6700.0,29032
2021-04-26 09:19:20,6700.0,29145
2021-04-26 09:19:21,6697.3,29147
2021-04-26 09:19:21,6697.3,29147
2021-04-26 09:19:22,6700.0,29158
2021-04-26 09:19:23,6700.0,29233
2021-04-26 09:19:25,6697.3,29242
2021-04-26 09:19:26,6700.4,29622
2021-04-26 09:19:27,6700.95,29656
2021-04-26 09:19:28,6705.15,29783
2021-04-26 09:19:29,6705.15,29820
2021-04-26 09:19:30,6708.85,29891
2021-04-26 09:19:31,6708.85,29937
2021-04-26 09:19:32,6708.85,30020
2021-04-26 09:19:33,6710.3,30419
2021-04-26 09:19:34,6710.3,30495
2021-04-26 09:19:35,6710.3,30552
2021-04-26 09:19:36,6711.9,30600
2021-04-26 09:19:36,6714.9,30679
2021-04-26 09:19:37,6714.45,30826
2021-04-26 09:19:39,6712.0,30851
2021-04-26 09:19:39,6712.0,30861
2021-04-26 09:19:40,6715.0,30892
2021-04-26 09:19:41,6715.0,30911
2021-04-26 09:19:42,6716.0,30985
2021-04-26 09:19:44,6716.5,31113
2021-04-26 09:19:45,6716.9,31180
2021-04-26 09:19:46,6716.55,31289
2021-04-26 09:19:47,6719.8,31309
2021-04-26 09:19:48,6719.8,31323
2021-04-26 09:19:48,6716.55,31335
2021-04-26 09:19:49,6720.0,31360
2021-04-26 09:19:51,6716.7,31375
2021-04-26 09:19:52,6719.95,31378
2021-04-26 09:19:53,6720.0,31500
2021-04-26 09:19:54,6720.0,31580
2021-04-26 09:19:55,6719.95,31739
2021-04-26 09:19:56,6720.0,31845
2021-04-26 09:19:57,6720.0,31863
2021-04-26 09:19:58,6720.4,31894
2021-04-26 09:19:59,6719.95,31960
2021-04-26 09:20:00,6720.0,31975
2021-04-26 09:20:01,6722.0,32083
2021-04-26 09:20:02,6722.0,32086
2021-04-26 09:20:03,6722.9,32210
2021-04-26 09:20:03,6722.9,32116
2021-04-26 09:20:04,6722.9,32268
2021-04-26 09:20:06,6722.0,32311
2021-04-26 09:20:07,6720.3,32410
2021-04-26 09:20:08,6720.0,32536
2021-04-26 09:20:08,6720.2,32631
2021-04-26 09:20:09,6723.85,32652
2021-04-26 09:20:10,6723.85,32660
2021-04-26 09:20:12,6723.3,32676
2021-04-26 09:20:13,6723.55,32701
2021-04-26 09:20:14,6723.45,32710
2021-04-26 09:20:15,6723.45,32721
2021-04-26 09:20:15,6723.45,32723
2021-04-26 09:20:17,6722.0,32817
2021-04-26 09:20:18,6723.35,32861
2021-04-26 09:20:18,6723.35,32875
2021-04-26 09:20:19,6723.55,32878
2021-04-26 09:20:20,6721.05,32925
2021-04-26 09:20:21,6723.75,33127
2021-04-26 09:20:22,6723.6,33131
2021-04-26 09:20:24,6723.95,33215
2021-04-26 09:20:24,6723.95,33215
2021-04-26 09:20:25,6723.3,33413
2021-04-26 09:20:26,6730.0,34487
2021-04-26 09:20:27,6729.6,34553
2021-04-26 09:20:28,6730.6,35004
2021-04-26 09:20:30,6732.0,35023
2021-04-26 09:20:31,6732.0,35059
2021-04-26 09:20:32,6731.5,35141
2021-04-26 09:20:33,6733.3,35419
2021-04-26 09:20:34,6733.6,35451
2021-04-26 09:20:35,6733.9,35721
2021-04-26 09:20:36,6732.0,35750
2021-04-26 09:20:37,6734.45,35815
2021-04-26 09:20:38,6732.3,35832
2021-04-26 09:20:39,6730.95,36402
2021-04-26 09:20:40,6738.0,36656
2021-04-26 09:20:40,6738.5,36702
2021-04-26 09:20:42,6739.0,36866
2021-04-26 09:20:43,6739.45,36903
2021-04-26 09:20:44,6739.45,37153
2021-04-26 09:20:45,6739.0,37384
2021-04-26 09:20:45,6739.45,37433
2021-04-26 09:20:46,6739.45,37524
2021-04-26 09:20:47,6740.0,37846
2021-04-26 09:20:48,6742.0,38064
2021-04-26 09:20:50,6742.8,38079
2021-04-26 09:20:51,6742.8,38154
2021-04-26 09:20:52,6743.5,38198
2021-04-26 09:20:53,6743.9,38287
2021-04-26 09:20:54,6742.8,38301
2021-04-26 09:20:55,6742.0,38542
2021-04-26 09:20:56,6740.0,38822
2021-04-26 09:20:57,6735.4,38955
2021-04-26 09:20:58,6740.0,38973
2021-04-26 09:20:59,6740.7,39065
2021-04-26 09:21:00,6739.45,39112
2021-04-26 09:21:01,6740.0,39147
2021-04-26 09:21:01,6740.0,39198
2021-04-26 09:21:02,6739.45,39210
2021-04-26 09:21:03,6739.45,39224
2021-04-26 09:21:04,6740.05,39316
2021-04-26 09:21:06,6739.95,39485
2021-04-26 09:21:06,6740.0,39548
2021-04-26 09:21:07,6737.3,39728
2021-04-26 09:21:09,6740.0,39774
2021-04-26 09:21:10,6742.2,39973
2021-04-26 09:21:10,6740.0,39939
2021-04-26 09:21:11,6742.4,40029
2021-04-26 09:21:13,6742.45,40165
2021-04-26 09:21:14,6739.85,40173
2021-04-26 09:21:15,6740.0,40198
2021-04-26 09:21:16,6737.6,40215
2021-04-26 09:21:17,6737.65,40259
2021-04-26 09:21:18,6740.0,40319
2021-04-26 09:21:19,6737.75,40378
2021-04-26 09:21:20,6740.0,40389
2021-04-26 09:21:21,6740.0,40413
2021-04-26 09:21:22,6739.5,40603
2021-04-26 09:21:23,6739.95,40664
2021-04-26 09:21:24,6740.7,40828
2021-04-26 09:21:25,6740.9,40836
2021-04-26 09:21:26,6741.3,40867
2021-04-26 09:21:27,6741.6,40885
2021-04-26 09:21:28,6741.6,40898
2021-04-26 09:21:29,6738.9,41092
2021-04-26 09:21:30,6738.9,41127
2021-04-26 09:21:31,6736.4,41153
2021-04-26 09:21:32,6739.5,41227
2021-04-26 09:21:33,6736.7,41249
2021-04-26 09:21:34,6736.0,41269
2021-04-26 09:21:35,6736.65,41277
2021-04-26 09:21:36,6738.9,41280
2021-04-26 09:21:37,6738.9,41285
2021-04-26 09:21:38,6738.9,41285
2021-04-26 09:21:40,6735.95,41377
2021-04-26 09:21:41,6736.0,41626
2021-04-26 09:21:42,6736.0,41671
2021-04-26 09:21:44,6735.0,42199
2021-04-26 09:21:45,6734.2,42261
2021-04-26 09:21:46,6734.5,42314
2021-04-26 09:21:47,6734.5,42328
2021-04-26 09:21:48,6734.5,42335
2021-04-26 09:21:49,6736.0,42390
2021-04-26 09:21:51,6736.4,42453
2021-04-26 09:21:52,6737.0,42575
2021-04-26 09:21:53,6736.4,42609
2021-04-26 09:21:54,6738.45,42625
2021-04-26 09:21:55,6738.55,42628
2021-04-26 09:21:56,6736.65,42629
2021-04-26 09:21:57,6736.65,42629
2021-04-26 09:21:58,6736.65,42639
2021-04-26 09:21:59,6736.65,42686
2021-04-26 09:22:00,6739.0,42692
2021-04-26 09:22:01,6739.0,42692
2021-04-26 09:22:02,6736.65,42707
2021-04-26 09:22:03,6736.65,42721
2021-04-26 09:22:04,6736.65,42739
2021-04-26 09:22:05,6738.0,42751
2021-04-26 09:22:06,6738.05,43086
2021-04-26 09:22:07,6738.05,43132
2021-04-26 09:22:08,6738.45,43244
2021-04-26 09:22:09,6738.45,43251
2021-04-26 09:22:10,6738.95,43272
2021-04-26 09:22:11,6738.95,43273
2021-04-26 09:22:12,6738.0,43334
2021-04-26 09:22:13,6738.05,43345
2021-04-26 09:22:14,6739.0,43631
2021-04-26 09:22:15,6740.0,43661
2021-04-26 09:22:17,6737.0,44055
2021-04-26 09:22:18,6740.0,44085
2021-04-26 09:22:19,6737.95,44191
2021-04-26 09:22:20,6740.0,44207
2021-04-26 09:22:21,6738.0,44480
2021-04-26 09:22:22,6738.1,44494
2021-04-26 09:22:23,6740.0,44538
2021-04-26 09:22:24,6742.0,44624
2021-04-26 09:22:25,6740.0,44641
2021-04-26 09:22:26,6738.7,44647
2021-04-26 09:22:27,6739.9,44648
2021-04-26 09:22:28,6739.9,44648
2021-04-26 09:22:29,6742.0,44649
2021-04-26 09:22:30,6742.0,44649
2021-04-26 09:22:31,6742.0,44649
2021-04-26 09:22:32,6741.0,44724
2021-04-26 09:22:33,6740.0,44739
2021-04-26 09:22:34,6739.1,44887
2021-04-26 09:22:35,6740.1,44921
2021-04-26 09:22:36,6739.15,44964
2021-04-26 09:22:37,6740.0,44985
2021-04-26 09:22:38,6740.0,44998
2021-04-26 09:22:40,6739.55,45004
2021-04-26 09:22:41,6738.05,45142
2021-04-26 09:22:42,6742.8,45670
2021-04-26 09:22:43,6739.55,45677
2021-04-26 09:22:44,6738.0,45913
2021-04-26 09:22:45,6740.0,45960
2021-04-26 09:22:46,6740.0,46042
2021-04-26 09:22:47,6740.0,46076
2021-04-26 09:22:48,6740.0,46143
2021-04-26 09:22:49,6739.2,46166
2021-04-26 09:22:50,6739.55,46175
2021-04-26 09:22:51,6743.2,46212
2021-04-26 09:22:52,6740.05,46243
2021-04-26 09:22:53,6742.4,46251
2021-04-26 09:22:54,6742.4,46359
2021-04-26 09:22:55,6742.4,46377
2021-04-26 09:22:56,6740.0,46385
2021-04-26 09:22:57,6742.4,46387
2021-04-26 09:22:58,6742.4,46437
2021-04-26 09:22:59,6740.4,46446
2021-04-26 09:23:00,6743.0,46522
2021-04-26 09:23:01,6743.0,46535
2021-04-26 09:23:02,6743.2,46633
2021-04-26 09:23:03,6743.0,46669
2021-04-26 09:23:04,6743.2,46680
2021-04-26 09:23:05,6740.35,46749
2021-04-26 09:23:06,6742.85,46753
2021-04-26 09:23:07,6742.5,46763
2021-04-26 09:23:08,6740.35,46894
2021-04-26 09:23:09,6741.55,46918
2021-04-26 09:23:10,6741.55,46920
2021-04-26 09:23:11,6742.75,46944
2021-04-26 09:23:12,6742.75,46948
2021-04-26 09:23:13,6742.75,46948
2021-04-26 09:23:14,6741.55,46955
2021-04-26 09:23:15,6742.5,46959
2021-04-26 09:23:16,6742.5,47133
2021-04-26 09:23:17,6743.5,47265
2021-04-26 09:23:18,6741.55,47285
2021-04-26 09:23:19,6741.3,47465
2021-04-26 09:23:20,6744.55,47563
2021-04-26 09:23:21,6746.0,47677
2021-04-26 09:23:22,6746.5,47740
2021-04-26 09:23:23,6748.0,47991
2021-04-26 09:23:24,6748.55,48168
2021-04-26 09:23:25,6749.0,48299
2021-04-26 09:23:26,6749.05,48463
2021-04-26 09:23:27,6744.95,48488
2021-04-26 09:23:28,6746.05,48564
2021-04-26 09:23:29,6746.15,48595
2021-04-26 09:23:30,6746.0,48653
2021-04-26 09:23:31,6748.2,48705
2021-04-26 09:23:32,6746.15,48767
2021-04-26 09:23:33,6748.75,48854
2021-04-26 09:23:34,6748.4,48892
2021-04-26 09:23:36,6748.4,48928
2021-04-26 09:23:37,6749.65,48941
2021-04-26 09:23:38,6746.5,48953
2021-04-26 09:23:39,6746.4,49038
2021-04-26 09:23:41,6748.9,49214
2021-04-26 09:23:42,6746.0,49267
2021-04-26 09:23:43,6746.8,49350
2021-04-26 09:23:44,6748.0,49441
2021-04-26 09:23:45,6747.7,49462
2021-04-26 09:23:46,6747.65,49475
2021-04-26 09:23:47,6748.95,49511
2021-04-26 09:23:48,6748.0,49517
2021-04-26 09:23:49,6747.95,49572
2021-04-26 09:23:50,6745.85,49604
2021-04-26 09:23:51,6745.0,49730
2021-04-26 09:23:52,6743.55,49746
2021-04-26 09:23:53,6745.0,49756
2021-04-26 09:23:53,6745.0,49756
2021-04-26 09:23:54,6747.9,49767
2021-04-26 09:23:55,6745.1,49794
2021-04-26 09:23:56,6739.4,50236
2021-04-26 09:23:57,6741.3,50307
2021-04-26 09:23:58,6741.3,50308
2021-04-26 09:23:59,6745.2,50378
2021-04-26 09:24:00,6742.6,50405
2021-04-26 09:24:01,6742.65,50418
2021-04-26 09:24:02,6742.65,50433
2021-04-26 09:24:03,6745.0,50455
2021-04-26 09:24:04,6745.55,50461
2021-04-26 09:24:05,6742.0,50518
2021-04-26 09:24:06,6744.65,50526
2021-04-26 09:24:08,6742.65,50659
2021-04-26 09:24:09,6739.55,50732
2021-04-26 09:24:10,6743.4,50754
2021-04-26 09:24:11,6739.05,50775
2021-04-26 09:24:12,6739.05,50791
2021-04-26 09:24:12,6739.05,50791
2021-04-26 09:24:15,6738.05,51034
2021-04-26 09:24:17,6737.5,51123
2021-04-26 09:24:18,6737.5,51174
2021-04-26 09:24:19,6737.0,51195
2021-04-26 09:24:20,6739.0,51259
2021-04-26 09:24:21,6737.4,51263
2021-04-26 09:24:22,6739.0,51274
2021-04-26 09:24:23,6739.0,51279
2021-04-26 09:24:24,6739.0,51332
2021-04-26 09:24:25,6738.7,51387
2021-04-26 09:24:26,6738.35,51459
2021-04-26 09:24:27,6741.4,51467
2021-04-26 09:24:28,6741.4,51482
2021-04-26 09:24:29,6738.2,51536
2021-04-26 09:24:30,6738.0,51639
2021-04-26 09:24:31,6742.15,51756
2021-04-26 09:24:32,6738.7,51800
2021-04-26 09:24:33,6742.05,51896
2021-04-26 09:24:34,6742.05,51906
2021-04-26 09:24:35,6743.0,51913
2021-04-26 09:24:36,6743.2,51925
2021-04-26 09:24:37,6742.05,51950
2021-04-26 09:24:38,6742.05,51955
2021-04-26 09:24:39,6742.4,51956
2021-04-26 09:24:40,6743.75,52056
2021-04-26 09:24:41,6743.0,52058
2021-04-26 09:24:42,6742.4,52234
2021-04-26 09:24:43,6741.4,52265
2021-04-26 09:24:44,6742.05,52269
2021-04-26 09:24:45,6739.1,52334
2021-04-26 09:24:46,6739.0,52348
2021-04-26 09:24:47,6741.05,52375
2021-04-26 09:24:48,6739.0,52379
2021-04-26 09:24:49,6742.6,52482
2021-04-26 09:24:52,6737.0,52610
2021-04-26 09:24:53,6740.65,52713
2021-04-26 09:24:53,6739.0,52706
2021-04-26 09:24:54,6741.0,52753
2021-04-26 09:24:55,6739.55,52781
2021-04-26 09:24:56,6739.1,52791
2021-04-26 09:24:57,6739.1,52805
2021-04-26 09:24:58,6741.4,52807
2021-04-26 09:24:59,6740.0,52808
2021-04-26 09:25:00,6740.0,52808
2021-04-26 09:25:01,6740.05,52871
2021-04-26 09:25:02,6740.7,52888
2021-04-26 09:25:03,6740.7,52914
2021-04-26 09:25:04,6742.05,52943
2021-04-26 09:25:05,6740.7,52950
2021-04-26 09:25:06,6741.0,52952
2021-04-26 09:25:07,6740.7,52954
2021-04-26 09:25:08,6740.7,52961
2021-04-26 09:25:09,6741.05,52971
2021-04-26 09:25:10,6741.4,52975
2021-04-26 09:25:11,6741.4,53019
2021-04-26 09:25:12,6741.05,53027
2021-04-26 09:25:13,6741.05,53039
2021-04-26 09:25:14,6742.0,53040
2021-04-26 09:25:15,6741.9,53070
2021-04-26 09:25:16,6741.05,53112
2021-04-26 09:25:17,6741.9,53143
2021-04-26 09:25:18,6741.9,53148
2021-04-26 09:25:19,6741.9,53148
2021-04-26 09:25:20,6741.9,53148
2021-04-26 09:25:21,6739.0,53317
2021-04-26 09:25:22,6739.0,53364
2021-04-26 09:25:23,6740.0,53374
2021-04-26 09:25:24,6738.4,53406
2021-04-26 09:25:25,6739.95,53408
2021-04-26 09:25:26,6739.0,53473
2021-04-26 09:25:27,6739.0,53492
2021-04-26 09:25:28,6739.0,53502
2021-04-26 09:25:29,6737.0,53534
2021-04-26 09:25:31,6735.0,53668
2021-04-26 09:25:31,6735.0,53668
2021-04-26 09:25:34,6734.0,53718
2021-04-26 09:25:35,6733.5,53732
2021-04-26 09:25:38,6733.05,53846
2021-04-26 09:25:39,6732.35,53905
2021-04-26 09:25:41,6734.2,54193
2021-04-26 09:25:42,6735.0,54393
2021-04-26 09:25:43,6732.1,54758
2021-04-26 09:25:44,6736.2,54828
2021-04-26 09:25:45,6734.0,54881
2021-04-26 09:25:46,6736.8,54888
2021-04-26 09:25:47,6734.0,54901
2021-04-26 09:25:48,6733.95,55001
2021-04-26 09:25:49,6737.2,55013
2021-04-26 09:25:50,6734.0,55014
2021-04-26 09:25:51,6736.8,55016
2021-04-26 09:25:52,6736.8,55018
2021-04-26 09:25:53,6735.0,55031
2021-04-26 09:25:54,6737.2,55181
2021-04-26 09:25:55,6735.1,55204
2021-04-26 09:25:56,6736.0,55218
2021-04-26 09:25:57,6735.05,55285
2021-04-26 09:25:58,6735.3,55298
2021-04-26 09:26:00,6735.6,55319
2021-04-26 09:26:01,6738.15,55321
2021-04-26 09:26:02,6736.2,55335
2021-04-26 09:26:03,6736.2,55335
2021-04-26 09:26:04,6735.0,55487
2021-04-26 09:26:05,6736.0,55520
2021-04-26 09:26:06,6736.3,56382
2021-04-26 09:26:07,6740.4,56410
2021-04-26 09:26:08,6741.1,56504
2021-04-26 09:26:09,6741.1,56515
2021-04-26 09:26:10,6741.65,56525
2021-04-26 09:26:10,6741.9,57055
2021-04-26 09:26:11,6742.0,57173
2021-04-26 09:26:12,6741.5,57387
2021-04-26 09:26:13,6742.0,57389
2021-04-26 09:26:14,6745.0,57561
2021-04-26 09:26:15,6744.0,57617
2021-04-26 09:26:16,6742.35,57623
2021-04-26 09:26:17,6742.85,57658
2021-04-26 09:26:18,6746.3,58129
2021-04-26 09:26:19,6749.7,58220
2021-04-26 09:26:20,6749.4,60487
2021-04-26 09:26:21,6750.05,60548
2021-04-26 09:26:23,6750.25,60567
2021-04-26 09:26:24,6750.5,60575
2021-04-26 09:26:25,6750.6,60580
2021-04-26 09:26:26,6754.0,60659
2021-04-26 09:26:27,6754.0,61131
2021-04-26 09:26:28,6756.0,61633
2021-04-26 09:26:29,6756.0,61746
2021-04-26 09:26:30,6756.95,61765
2021-04-26 09:26:30,6757.1,61812
2021-04-26 09:26:31,6756.05,61897
2021-04-26 09:26:32,6759.0,61999
2021-04-26 09:26:33,6756.9,62107
2021-04-26 09:26:35,6759.2,62227
2021-04-26 09:26:36,6759.2,62296
2021-04-26 09:26:37,6759.2,62750
2021-04-26 09:26:38,6759.2,62779
2021-04-26 09:26:39,6757.05,62987
2021-04-26 09:26:40,6759.2,63015
2021-04-26 09:26:41,6758.25,63472
2021-04-26 09:26:42,6760.0,63546
2021-04-26 09:26:43,6759.9,63625
2021-04-26 09:26:45,6760.4,63697
2021-04-26 09:26:45,6764.5,63966
2021-04-26 09:26:46,6760.45,64032
2021-04-26 09:26:48,6760.45,64496
2021-04-26 09:26:48,6759.2,64593
2021-04-26 09:26:49,6759.9,64611
2021-04-26 09:26:51,6762.55,64659
2021-04-26 09:26:52,6760.9,64670
2021-04-26 09:26:53,6754.05,65373
2021-04-26 09:26:54,6758.35,65392
2021-04-26 09:26:55,6759.55,65435
2021-04-26 09:26:56,6759.1,65519
2021-04-26 09:26:57,6759.1,65523
2021-04-26 09:26:58,6758.7,65577
2021-04-26 09:26:58,6758.9,65586
2021-04-26 09:26:59,6760.0,65688
2021-04-26 09:27:00,6758.7,65694
2021-04-26 09:27:01,6756.3,65852
2021-04-26 09:27:02,6756.6,65886
2021-04-26 09:27:03,6756.6,65892
2021-04-26 09:27:04,6758.7,65897
2021-04-26 09:27:05,6756.6,65908
2021-04-26 09:27:06,6756.6,66010
2021-04-26 09:27:07,6758.4,66031
2021-04-26 09:27:08,6758.4,66037
2021-04-26 09:27:09,6760.0,66310
2021-04-26 09:27:10,6760.0,66380
2021-04-26 09:27:11,6760.0,66433
2021-04-26 09:27:12,6761.0,66544
2021-04-26 09:27:13,6761.0,66589
2021-04-26 09:27:15,6760.0,66918
2021-04-26 09:27:15,6759.95,67013
2021-04-26 09:27:16,6759.1,67020
2021-04-26 09:27:17,6759.1,67063
2021-04-26 09:27:19,6759.1,67075
2021-04-26 09:27:19,6756.4,67233
2021-04-26 09:27:20,6756.35,67261
2021-04-26 09:27:21,6753.6,67266
2021-04-26 09:27:22,6756.35,67276
2021-04-26 09:27:23,6756.35,67279
2021-04-26 09:27:24,6756.35,67294
2021-04-26 09:27:25,6756.35,67297
2021-04-26 09:27:27,6755.45,67319
2021-04-26 09:27:28,6758.95,67323
2021-04-26 09:27:29,6755.5,67328
2021-04-26 09:27:30,6754.95,67620
2021-04-26 09:27:31,6754.25,67983
2021-04-26 09:27:32,6754.1,68724
2021-04-26 09:27:33,6758.95,68766
2021-04-26 09:27:34,6759.65,69438
2021-04-26 09:27:35,6759.75,69444
2021-04-26 09:27:36,6759.8,69465
2021-04-26 09:27:38,6760.0,70026
2021-04-26 09:27:39,6760.6,70047
2021-04-26 09:27:40,6761.5,70077
2021-04-26 09:27:41,6759.95,70242
2021-04-26 09:27:42,6762.0,70278
2021-04-26 09:27:43,6762.5,70400
2021-04-26 09:27:43,6763.4,70546
2021-04-26 09:27:44,6764.95,70654
2021-04-26 09:27:45,6764.35,70774
2021-04-26 09:27:46,6763.0,71068
2021-04-26 09:27:48,6764.35,71280
2021-04-26 09:27:49,6764.5,71367
2021-04-26 09:27:50,6765.5,71501
2021-04-26 09:27:51,6766.8,71544
2021-04-26 09:27:52,6765.5,71599
2021-04-26 09:27:53,6766.0,71642
2021-04-26 09:27:54,6766.0,71711
2021-04-26 09:27:55,6759.95,72087
2021-04-26 09:27:56,6766.45,72226
2021-04-26 09:27:57,6766.35,72236
2021-04-26 09:27:58,6766.0,72352
2021-04-26 09:27:59,6766.0,72373
2021-04-26 09:28:00,6766.0,72492
2021-04-26 09:28:01,6769.95,73019
2021-04-26 09:28:03,6767.0,73395
2021-04-26 09:28:04,6767.05,73490
2021-04-26 09:28:05,6767.05,73571
2021-04-26 09:28:06,6767.05,73592
2021-04-26 09:28:07,6767.05,73920
2021-04-26 09:28:08,6769.45,73975
2021-04-26 09:28:09,6769.0,74004
2021-04-26 09:28:10,6769.75,74116
2021-04-26 09:28:11,6767.85,74301
2021-04-26 09:28:12,6765.6,74891
2021-04-26 09:28:13,6770.0,74956
2021-04-26 09:28:14,6768.0,75236
2021-04-26 09:28:15,6769.4,75286
2021-04-26 09:28:16,6770.0,75404
2021-04-26 09:28:17,6768.45,76067
2021-04-26 09:28:18,6768.45,76078
2021-04-26 09:28:19,6768.85,76160
2021-04-26 09:28:20,6769.0,76266
2021-04-26 09:28:21,6765.6,76298
2021-04-26 09:28:22,6765.6,76359
2021-04-26 09:28:23,6767.05,76640
2021-04-26 09:28:24,6765.45,76973
2021-04-26 09:28:25,6766.7,77093
2021-04-26 09:28:26,6766.75,77183
2021-04-26 09:28:27,6767.1,77203
2021-04-26 09:28:28,6762.0,77509
2021-04-26 09:28:29,6765.0,77615
2021-04-26 09:28:30,6765.65,77621
2021-04-26 09:28:31,6765.0,77721
2021-04-26 09:28:32,6765.5,77798
2021-04-26 09:28:33,6767.1,77809
2021-04-26 09:28:34,6765.0,78042
2021-04-26 09:28:35,6765.0,78216
2021-04-26 09:28:36,6763.7,78235
2021-04-26 09:28:37,6765.3,78241
2021-04-26 09:28:38,6765.0,78292
2021-04-26 09:28:39,6766.95,78395
2021-04-26 09:28:40,6766.95,78400
2021-04-26 09:28:41,6765.65,78474
2021-04-26 09:28:42,6765.85,78730
2021-04-26 09:28:43,6765.3,78811
2021-04-26 09:28:45,6765.2,78844
2021-04-26 09:28:44,6765.0,78823
2021-04-26 09:28:46,6762.65,78847
2021-04-26 09:28:47,6762.45,78849
2021-04-26 09:28:48,6762.65,78955
2021-04-26 09:28:49,6762.65,79016
2021-04-26 09:28:50,6764.65,79052
2021-04-26 09:28:50,6765.05,79060
2021-04-26 09:28:51,6762.25,79069
2021-04-26 09:28:52,6766.0,79248
2021-04-26 09:28:53,6767.65,79577
2021-04-26 09:28:55,6765.2,79709
2021-04-26 09:28:56,6768.65,79733
2021-04-26 09:28:57,6765.1,79866
2021-04-26 09:28:58,6765.65,79928
2021-04-26 09:28:59,6766.1,79945
2021-04-26 09:29:00,6772.25,80959
2021-04-26 09:29:01,6771.7,81413
2021-04-26 09:29:03,6775.2,81546
2021-04-26 09:29:04,6775.2,82382
2021-04-26 09:29:04,6775.0,82442
2021-04-26 09:29:05,6772.0,83003
2021-04-26 09:29:06,6769.05,83154
2021-04-26 09:29:07,6774.2,83188
2021-04-26 09:29:08,6771.35,83476
2021-04-26 09:29:10,6774.8,83746
2021-04-26 09:29:11,6776.6,83912
2021-04-26 09:29:12,6773.5,83948
2021-04-26 09:29:13,6773.5,84145
2021-04-26 09:29:14,6776.2,84209
2021-04-26 09:29:14,6776.7,84241
2021-04-26 09:29:15,6774.8,84488
2021-04-26 09:29:16,6773.95,84494
2021-04-26 09:29:17,6773.15,84570
2021-04-26 09:29:18,6775.0,84727
2021-04-26 09:29:19,6775.2,84748
2021-04-26 09:29:21,6775.2,84758
2021-04-26 09:29:22,6775.2,84814
2021-04-26 09:29:23,6778.0,85072
2021-04-26 09:29:24,6775.8,85151
2021-04-26 09:29:25,6776.0,85288
2021-04-26 09:29:26,6778.05,85341
2021-04-26 09:29:27,6778.95,85439
2021-04-26 09:29:28,6776.45,85542
2021-04-26 09:29:29,6779.9,85601
2021-04-26 09:29:30,6779.8,85723
2021-04-26 09:29:31,6776.05,85759
2021-04-26 09:29:32,6779.9,85824
2021-04-26 09:29:33,6778.0,85861
2021-04-26 09:29:34,6776.0,87003
2021-04-26 09:29:35,6775.2,87122
2021-04-26 09:29:35,6776.15,87086
2021-04-26 09:29:36,6773.4,87232
2021-04-26 09:29:37,6778.9,87486
2021-04-26 09:29:38,6775.65,87558
2021-04-26 09:29:39,6775.65,87740
2021-04-26 09:29:40,6776.0,87847
2021-04-26 09:29:41,6778.9,87875
2021-04-26 09:29:43,6775.8,88045
2021-04-26 09:29:44,6776.0,88075
2021-04-26 09:29:45,6778.7,88131
2021-04-26 09:29:46,6778.45,88239
2021-04-26 09:29:47,6768.0,89040
2021-04-26 09:29:48,6770.0,89131
2021-04-26 09:29:49,6773.9,89196
2021-04-26 09:29:50,6768.25,89925
2021-04-26 09:29:51,6767.95,90067
2021-04-26 09:29:52,6768.0,90074
2021-04-26 09:29:53,6770.0,90098
2021-04-26 09:29:54,6770.9,90132
2021-04-26 09:29:56,6769.25,90285
2021-04-26 09:29:57,6769.65,90287
2021-04-26 09:29:58,6773.5,90367
2021-04-26 09:29:58,6769.95,90347
2021-04-26 09:29:59,6770.0,90433
2021-04-26 09:30:00,6773.55,90464
2021-04-26 09:30:01,6776.5,90665
2021-04-26 09:30:02,6772.2,90735
2021-04-26 09:30:03,6771.95,90814
2021-04-26 09:30:04,6772.25,90978
2021-04-26 09:30:05,6771.95,91017
2021-04-26 09:30:06,6775.0,91138
2021-04-26 09:30:09,6773.4,91283
2021-04-26 09:30:12,6773.4,91378
2021-04-26 09:30:13,6773.55,91390
2021-04-26 09:30:14,6773.7,91477
2021-04-26 09:30:16,6773.9,91591
2021-04-26 09:30:17,6773.35,91707
2021-04-26 09:30:18,6776.0,91721
2021-04-26 09:30:19,6776.75,92154
2021-04-26 09:30:20,6779.0,92299
2021-04-26 09:30:21,6777.0,92357
2021-04-26 09:30:22,6779.0,92406
2021-04-26 09:30:23,6779.0,92435
2021-04-26 09:30:24,6776.1,92467
2021-04-26 09:30:25,6779.0,92482
2021-04-26 09:30:25,6779.0,92480
2021-04-26 09:30:26,6775.95,92507
2021-04-26 09:30:27,6778.85,92561
2021-04-26 09:30:28,6778.85,92903
2021-04-26 09:30:30,6779.0,92919
2021-04-26 09:30:31,6779.0,93890
2021-04-26 09:30:32,6780.0,93933
2021-04-26 09:30:33,6784.25,94357
2021-04-26 09:30:34,6781.6,94473
2021-04-26 09:30:35,6783.2,95153
2021-04-26 09:30:36,6783.65,95215
2021-04-26 09:30:37,6781.6,95258
2021-04-26 09:30:38,6781.6,95339
2021-04-26 09:30:39,6781.6,95519
2021-04-26 09:30:40,6783.2,95570
2021-04-26 09:30:41,6783.6,95791
2021-04-26 09:30:42,6784.15,95844
2021-04-26 09:30:43,6783.9,95875
2021-04-26 09:30:44,6784.45,95929
2021-04-26 09:30:45,6783.8,96152
2021-04-26 09:30:46,6781.0,96192
2021-04-26 09:30:47,6782.6,96291
2021-04-26 09:30:48,6781.6,96308
2021-04-26 09:30:49,6782.6,96311
2021-04-26 09:30:50,6784.0,96409
2021-04-26 09:30:51,6781.4,96448
2021-04-26 09:30:52,6784.9,96553
2021-04-26 09:30:53,6784.95,96648
2021-04-26 09:30:54,6784.95,96676
2021-04-26 09:30:55,6784.95,96714
2021-04-26 09:30:56,6782.7,96749
2021-04-26 09:30:57,6784.9,96772
2021-04-26 09:30:58,6782.6,97091
2021-04-26 09:30:59,6785.0,97111
2021-04-26 09:31:00,6783.6,97161
2021-04-26 09:31:01,6784.95,97303
2021-04-26 09:31:02,6786.0,97377
2021-04-26 09:31:07,6785.65,97772
2021-04-26 09:31:08,6789.0,97832
2021-04-26 09:31:09,6781.4,98456
2021-04-26 09:31:10,6784.95,98477
2021-04-26 09:31:11,6785.0,98615
2021-04-26 09:31:12,6782.3,98643
2021-04-26 09:31:14,6786.0,98687
2021-04-26 09:31:15,6785.0,98745
2021-04-26 09:31:17,6787.2,99140
2021-04-26 09:31:19,6787.1,99249
2021-04-26 09:31:20,6787.2,99343
2021-04-26 09:31:21,6786.65,99355
2021-04-26 09:31:22,6787.15,99361
2021-04-26 09:31:23,6787.1,99700
2021-04-26 09:31:24,6784.05,99729
2021-04-26 09:31:25,6787.5,99807
2021-04-26 09:31:26,6787.8,99866
2021-04-26 09:31:27,6788.95,99925
2021-04-26 09:31:28,6785.05,100075
2021-04-26 09:31:28,6785.6,100159
2021-04-26 09:31:29,6788.65,100207
2021-04-26 09:31:30,6785.0,100478
2021-04-26 09:31:31,6785.65,100547
2021-04-26 09:31:32,6787.15,100621
2021-04-26 09:31:33,6785.05,100639
2021-04-26 09:31:34,6785.6,100775
2021-04-26 09:31:35,6785.0,100874
2021-04-26 09:31:36,6786.0,100908
2021-04-26 09:31:38,6784.15,100925
2021-04-26 09:31:39,6785.0,100942
2021-04-26 09:31:41,6785.0,100969
2021-04-26 09:31:42,6785.0,101013
2021-04-26 09:31:43,6786.9,101094
2021-04-26 09:31:44,6771.15,102689
2021-04-26 09:31:45,6774.9,102709
2021-04-26 09:31:46,6774.9,102709
2021-04-26 09:31:47,6771.55,102739
2021-04-26 09:31:49,6771.6,102776
2021-04-26 09:31:50,6774.6,102825
2021-04-26 09:31:50,6774.6,102825
2021-04-26 09:31:52,6774.6,102850
2021-04-26 09:31:52,6774.6,102850
2021-04-26 09:31:53,6775.0,102890
2021-04-26 09:31:54,6774.6,102892
2021-04-26 09:31:55,6774.6,103089
2021-04-26 09:31:56,6777.8,103137
2021-04-26 09:31:57,6774.7,103159
2021-04-26 09:31:58,6775.05,103160
2021-04-26 09:31:59,6775.0,103166
2021-04-26 09:32:01,6777.5,103185
2021-04-26 09:32:02,6777.5,103185
2021-04-26 09:32:03,6774.7,103186
2021-04-26 09:32:05,6774.65,103246
2021-04-26 09:32:06,6775.05,103259
2021-04-26 09:32:07,6775.05,103262
2021-04-26 09:32:08,6774.1,103409
2021-04-26 09:32:09,6774.1,103421
2021-04-26 09:32:10,6774.0,103423
2021-04-26 09:32:11,6774.0,103423
2021-04-26 09:32:12,6776.5,103473
2021-04-26 09:32:13,6774.0,103495
2021-04-26 09:32:14,6773.4,104184
2021-04-26 09:32:15,6770.0,104249
2021-04-26 09:32:16,6773.35,104369
2021-04-26 09:32:17,6773.35,104389
2021-04-26 09:32:18,6770.2,104414
2021-04-26 09:32:19,6770.3,104415
2021-04-26 09:32:20,6770.75,104425
2021-04-26 09:32:21,6774.25,104491
2021-04-26 09:32:22,6774.25,104491
2021-04-26 09:32:23,6771.05,104549
2021-04-26 09:32:24,6771.05,104589
2021-04-26 09:32:25,6771.1,104591
2021-04-26 09:32:26,6771.2,104610
2021-04-26 09:32:27,6771.2,104610
2021-04-26 09:32:28,6771.2,104647
2021-04-26 09:32:29,6771.2,104661
2021-04-26 09:32:30,6771.2,104661
2021-04-26 09:32:31,6771.2,104661
2021-04-26 09:32:32,6771.2,104705
2021-04-26 09:32:33,6771.2,104705
2021-04-26 09:32:34,6770.05,104731
2021-04-26 09:32:35,6770.05,104743
2021-04-26 09:32:36,6771.2,104754
2021-04-26 09:32:37,6771.2,104760
2021-04-26 09:32:38,6770.0,104772
2021-04-26 09:32:39,6771.6,104869
2021-04-26 09:32:40,6770.05,105128
2021-04-26 09:32:41,6769.9,105134
2021-04-26 09:32:42,6772.0,105154
2021-04-26 09:32:43,6770.0,105158
2021-04-26 09:32:44,6770.0,105158
2021-04-26 09:32:45,6772.0,105208
2021-04-26 09:32:46,6770.0,105272
2021-04-26 09:32:47,6768.55,105875
2021-04-26 09:32:48,6771.9,105876
2021-04-26 09:32:49,6769.95,105903
2021-04-26 09:32:50,6765.0,106119
2021-04-26 09:32:51,6768.0,106120
2021-04-26 09:32:52,6767.7,106135
2021-04-26 09:32:53,6767.4,106140
2021-04-26 09:32:54,6767.4,106140
2021-04-26 09:32:55,6764.6,106211
2021-04-26 09:32:56,6762.4,106360
2021-04-26 09:32:57,6762.4,106360
2021-04-26 09:32:58,6764.65,106402
2021-04-26 09:32:59,6764.65,106422
2021-04-26 09:33:00,6765.0,106437
2021-04-26 09:33:01,6765.0,106492
2021-04-26 09:33:02,6765.0,106504
2021-04-26 09:33:03,6765.0,106526
2021-04-26 09:33:04,6767.1,106552
2021-04-26 09:33:05,6762.4,106643
2021-04-26 09:33:06,6762.4,106655
2021-04-26 09:33:08,6762.4,106656
2021-04-26 09:33:07,6762.4,106656
2021-04-26 09:33:09,6763.75,106667
2021-04-26 09:33:10,6761.4,106895
2021-04-26 09:33:11,6761.4,106895
2021-04-26 09:33:12,6763.2,107041
2021-04-26 09:33:13,6761.55,107093
2021-04-26 09:33:14,6763.0,107168
2021-04-26 09:33:15,6761.2,107184
2021-04-26 09:33:16,6761.2,107187
2021-04-26 09:33:17,6762.4,107247
2021-04-26 09:33:18,6761.2,107268
2021-04-26 09:33:19,6762.4,107319
2021-04-26 09:33:20,6762.4,107323
2021-04-26 09:33:21,6762.4,107323
2021-04-26 09:33:22,6765.0,107329
2021-04-26 09:33:23,6763.75,107414
2021-04-26 09:33:24,6765.0,107555
2021-04-26 09:33:25,6764.95,107634
2021-04-26 09:33:26,6764.95,107634
2021-04-26 09:33:27,6764.75,107638
2021-04-26 09:33:28,6764.65,107639
2021-04-26 09:33:29,6764.65,107639
2021-04-26 09:33:30,6762.45,107649
2021-04-26 09:33:31,6761.45,107708
2021-04-26 09:33:32,6761.45,107708
2021-04-26 09:33:33,6762.0,107718
2021-04-26 09:33:34,6761.7,107724
2021-04-26 09:33:36,6761.7,107724
2021-04-26 09:33:35,6761.7,107724
2021-04-26 09:33:37,6764.35,107726
2021-04-26 09:33:38,6762.4,107727
2021-04-26 09:33:39,6762.4,107731
2021-04-26 09:33:40,6764.35,107747
2021-04-26 09:33:41,6762.45,107767
2021-04-26 09:33:42,6765.0,107834
2021-04-26 09:33:43,6764.0,107835
2021-04-26 09:33:45,6764.1,108175
2021-04-26 09:33:46,6763.0,108215
2021-04-26 09:33:47,6763.0,108215
2021-04-26 09:33:48,6763.0,108215
2021-04-26 09:33:49,6767.95,108270
2021-04-26 09:33:50,6765.05,108289
2021-04-26 09:33:51,6765.05,108289
2021-04-26 09:33:52,6765.05,108290
2021-04-26 09:33:53,6766.1,108328
2021-04-26 09:33:54,6765.05,108346
2021-04-26 09:33:55,6765.1,108368
2021-04-26 09:33:56,6765.1,108368
2021-04-26 09:33:58,6765.05,108371
2021-04-26 09:33:57,6765.05,108371
2021-04-26 09:33:59,6767.4,108373
2021-04-26 09:34:00,6767.4,108373
2021-04-26 09:34:01,6767.4,108373
2021-04-26 09:34:02,6767.4,108425
2021-04-26 09:34:03,6767.4,108438
2021-04-26 09:34:04,6767.4,108438
2021-04-26 09:34:05,6767.4,108444
2021-04-26 09:34:06,6767.4,108444
2021-04-26 09:34:07,6768.0,108494
2021-04-26 09:34:08,6768.0,108519
2021-04-26 09:34:09,6768.0,108519
2021-04-26 09:34:10,6768.0,108520
2021-04-26 09:34:11,6765.15,108530
2021-04-26 09:34:12,6765.1,108543
2021-04-26 09:34:13,6765.1,108543
2021-04-26 09:34:14,6765.1,108545
2021-04-26 09:34:17,6769.15,109078
2021-04-26 09:34:18,6769.0,109133
2021-04-26 09:34:19,6769.0,109133
2021-04-26 09:34:20,6769.0,109133
2021-04-26 09:34:22,6769.0,109177
2021-04-26 09:34:22,6766.0,109178
2021-04-26 09:34:23,6766.0,109178
2021-04-26 09:34:24,6765.75,109238
2021-04-26 09:34:25,6768.55,109239
2021-04-26 09:34:26,6765.75,109241
2021-04-26 09:34:27,6768.0,109253
2021-04-26 09:34:28,6768.0,109253
2021-04-26 09:34:29,6768.0,109253
2021-04-26 09:34:30,6766.05,109298
2021-04-26 09:34:31,6766.05,109298
2021-04-26 09:34:32,6766.05,109298
2021-04-26 09:34:33,6766.05,109298
2021-04-26 09:34:34,6766.0,109301
2021-04-26 09:34:35,6766.0,109301
2021-04-26 09:34:36,6766.0,109303
2021-04-26 09:34:37,6766.0,109303
2021-04-26 09:34:38,6766.0,109303
2021-04-26 09:34:40,6767.0,109308
2021-04-26 09:34:40,6767.0,109308
2021-04-26 09:34:41,6767.0,109308
2021-04-26 09:34:42,6766.05,109310
2021-04-26 09:34:43,6767.95,109315
2021-04-26 09:34:44,6767.95,109320
2021-04-26 09:34:45,6767.95,109325
2021-04-26 09:34:46,6767.95,109342
2021-04-26 09:34:47,6765.75,109527
2021-04-26 09:34:48,6765.95,109532
2021-04-26 09:34:49,6766.0,109592
2021-04-26 09:34:51,6767.65,109608
2021-04-26 09:34:53,6766.0,109609
2021-04-26 09:34:54,6766.0,109619
2021-04-26 09:34:54,6766.0,109623
2021-04-26 09:34:55,6769.0,109689
2021-04-26 09:34:56,6765.95,109821
2021-04-26 09:34:57,6765.0,110227
2021-04-26 09:34:58,6767.95,110238
2021-04-26 09:34:59,6764.8,110278
2021-04-26 09:35:00,6764.8,110278
2021-04-26 09:35:01,6767.4,110298
2021-04-26 09:35:02,6764.8,110305
2021-04-26 09:35:03,6764.8,110305
2021-04-26 09:35:05,6766.95,110311
2021-04-26 09:35:05,6766.95,110312
2021-04-26 09:35:06,6764.8,110315
2021-04-26 09:35:07,6764.8,110335
2021-04-26 09:35:08,6764.0,110533
2021-04-26 09:35:09,6765.9,110548
2021-04-26 09:35:10,6763.4,110554
2021-04-26 09:35:11,6763.4,110554
2021-04-26 09:35:12,6764.8,110590
2021-04-26 09:35:13,6764.8,110590
2021-04-26 09:35:14,6764.8,110590
2021-04-26 09:35:16,6763.0,110603
2021-04-26 09:35:17,6763.0,110603
2021-04-26 09:35:18,6763.0,110617
2021-04-26 09:35:20,6763.3,110754
2021-04-26 09:35:20,6763.3,110756
2021-04-26 09:35:21,6761.25,110758
2021-04-26 09:35:22,6761.2,110792
2021-04-26 09:35:23,6760.0,111136
2021-04-26 09:35:24,6760.05,111237
2021-04-26 09:35:25,6762.0,111367
2021-04-26 09:35:26,6760.05,111372
2021-04-26 09:35:27,6760.0,111462
2021-04-26 09:35:29,6760.0,111587
2021-04-26 09:35:29,6760.0,111754
2021-04-26 09:35:30,6759.95,111805
2021-04-26 09:35:31,6760.3,111839
2021-04-26 09:35:32,6757.8,111840
2021-04-26 09:35:33,6757.55,111986
2021-04-26 09:35:34,6757.5,112038
2021-04-26 09:35:36,6754.0,112310
2021-04-26 09:35:37,6755.15,112311
2021-04-26 09:35:38,6755.15,112347
2021-04-26 09:35:39,6755.15,112370
2021-04-26 09:35:41,6755.15,112375
2021-04-26 09:35:42,6755.15,112397
2021-04-26 09:35:43,6755.15,112398
2021-04-26 09:35:44,6753.0,112433
2021-04-26 09:35:45,6753.0,112437
2021-04-26 09:35:45,6754.0,112438
2021-04-26 09:35:46,6753.0,112454
2021-04-26 09:35:47,6752.0,112635
2021-04-26 09:35:49,6755.0,112765
2021-04-26 09:35:50,6755.95,112900
2021-04-26 09:35:53,6755.0,113023
2021-04-26 09:35:54,6752.65,113065
2021-04-26 09:35:55,6754.95,113072
2021-04-26 09:35:56,6754.95,113075
2021-04-26 09:35:57,6752.0,113089
2021-04-26 09:35:58,6755.4,113161
2021-04-26 09:35:59,6751.7,113173
2021-04-26 09:36:00,6753.0,113176
2021-04-26 09:36:01,6752.0,113208
2021-04-26 09:36:02,6752.0,113209
2021-04-26 09:36:03,6752.05,113305
2021-04-26 09:36:04,6755.0,113330
2021-04-26 09:36:05,6755.0,113340
2021-04-26 09:36:06,6752.1,113348
2021-04-26 09:36:08,6754.45,113450
2021-04-26 09:36:08,6754.45,113450
2021-04-26 09:36:09,6752.0,114152
2021-04-26 09:36:10,6752.0,114152
2021-04-26 09:36:11,6756.15,114225
2021-04-26 09:36:12,6756.3,114240
2021-04-26 09:36:13,6756.3,114240
2021-04-26 09:36:14,6755.15,114242
2021-04-26 09:36:15,6757.1,114261
2021-04-26 09:36:16,6757.1,114261
2021-04-26 09:36:17,6758.6,114299
2021-04-26 09:36:18,6757.1,114382
2021-04-26 09:36:19,6757.1,114382
2021-04-26 09:36:20,6756.25,114399
2021-04-26 09:36:21,6755.15,114419
2021-04-26 09:36:22,6756.25,114420
2021-04-26 09:36:23,6755.15,114439
2021-04-26 09:36:24,6755.15,114439
2021-04-26 09:36:25,6756.0,114456
2021-04-26 09:36:26,6756.0,114457
2021-04-26 09:36:27,6756.65,114487
2021-04-26 09:36:29,6753.0,114619
2021-04-26 09:36:30,6752.1,114626
2021-04-26 09:36:31,6755.0,114677
2021-04-26 09:36:32,6755.0,114687
2021-04-26 09:36:32,6755.0,114687
2021-04-26 09:36:33,6755.0,114688
2021-04-26 09:36:34,6755.0,114688
2021-04-26 09:36:35,6755.0,114688
2021-04-26 09:36:36,6755.0,114688
2021-04-26 09:36:37,6752.7,114698
2021-04-26 09:36:38,6754.8,114705
2021-04-26 09:36:39,6753.0,114715
2021-04-26 09:36:40,6753.0,114715
2021-04-26 09:36:41,6754.8,114716
2021-04-26 09:36:42,6752.7,114877
2021-04-26 09:36:44,6752.7,114877
2021-04-26 09:36:45,6752.7,114877
2021-04-26 09:36:46,6753.0,115074
2021-04-26 09:36:47,6753.0,115074
2021-04-26 09:36:48,6753.0,115124
2021-04-26 09:36:49,6753.0,115124
2021-04-26 09:36:50,6752.1,115125
2021-04-26 09:36:51,6752.0,115331
2021-04-26 09:36:52,6751.0,115349
2021-04-26 09:36:53,6752.85,115351
2021-04-26 09:36:54,6750.0,115788
2021-04-26 09:36:55,6749.9,115817
2021-04-26 09:36:55,6749.9,115817
2021-04-26 09:36:56,6749.9,115817
2021-04-26 09:36:57,6749.9,115817
2021-04-26 09:36:58,6749.95,115827
2021-04-26 09:37:00,6749.95,115847
2021-04-26 09:37:01,6749.9,115848
2021-04-26 09:37:02,6749.8,115868
2021-04-26 09:37:03,6749.0,115882
2021-04-26 09:37:04,6749.0,115883
2021-04-26 09:37:05,6747.5,116009
2021-04-26 09:37:06,6749.05,116019
2021-04-26 09:37:07,6749.0,116021
2021-04-26 09:37:08,6749.05,116036
2021-04-26 09:37:09,6746.1,116059
2021-04-26 09:37:10,6747.0,116060
2021-04-26 09:37:11,6746.1,116080
2021-04-26 09:37:12,6746.05,116100
2021-04-26 09:37:13,6746.0,116115
2021-04-26 09:37:14,6745.0,116331
2021-04-26 09:37:15,6746.0,116354
2021-04-26 09:37:15,6746.0,116356
2021-04-26 09:37:16,6746.0,116450
2021-04-26 09:37:17,6746.0,116468
2021-04-26 09:37:18,6746.0,116468
2021-04-26 09:37:19,6745.0,116471
2021-04-26 09:37:20,6746.0,116554
2021-04-26 09:37:21,6745.5,116560
2021-04-26 09:37:22,6746.0,116679
2021-04-26 09:37:23,6745.0,116698
2021-04-26 09:37:24,6743.0,116998
2021-04-26 09:37:25,6746.0,117028
2021-04-26 09:37:26,6746.0,117028
2021-04-26 09:37:27,6743.1,117044
2021-04-26 09:37:28,6743.1,117063
2021-04-26 09:37:29,6747.0,117221
2021-04-26 09:37:30,6745.95,117263
2021-04-26 09:37:31,6745.95,117318
2021-04-26 09:37:32,6745.95,117330
2021-04-26 09:37:33,6745.95,117355
2021-04-26 09:37:36,6746.0,117395
2021-04-26 09:37:37,6745.95,117411
2021-04-26 09:37:38,6748.9,117413
2021-04-26 09:37:39,6749.0,117426
2021-04-26 09:37:39,6749.0,117427
2021-04-26 09:37:40,6747.4,117429
2021-04-26 09:37:41,6749.0,117431
2021-04-26 09:37:42,6745.95,117438
2021-04-26 09:37:43,6748.9,117448
2021-04-26 09:37:44,6748.9,117448
2021-04-26 09:37:45,6748.9,117451
2021-04-26 09:37:46,6749.7,117486
2021-04-26 09:37:47,6748.2,117487
2021-04-26 09:37:49,6747.3,117491
2021-04-26 09:37:50,6748.7,117528
2021-04-26 09:37:52,6746.0,117532
2021-04-26 09:37:53,6748.0,117556
2021-04-26 09:37:54,6746.0,117558
2021-04-26 09:37:55,6751.5,118197
2021-04-26 09:37:56,6753.0,118275
2021-04-26 09:37:57,6752.7,118329
2021-04-26 09:37:58,6752.7,118349
2021-04-26 09:37:59,6752.7,118349
2021-04-26 09:38:00,6752.7,118349
2021-04-26 09:38:00,6752.7,118349
2021-04-26 09:38:01,6752.7,118356
2021-04-26 09:38:02,6748.8,118366
2021-04-26 09:38:03,6748.75,118393
2021-04-26 09:38:04,6752.0,118408
2021-04-26 09:38:05,6752.0,118408
2021-04-26 09:38:06,6752.0,118408
2021-04-26 09:38:07,6752.0,118408
2021-04-26 09:38:09,6751.45,118409
2021-04-26 09:38:10,6750.55,118440
2021-04-26 09:38:11,6750.55,118465
2021-04-26 09:38:11,6750.55,118465
2021-04-26 09:38:12,6748.05,118467
2021-04-26 09:38:13,6750.55,118468
2021-04-26 09:38:14,6752.05,118483
2021-04-26 09:38:15,6752.2,118533
2021-04-26 09:38:16,6749.0,118538
2021-04-26 09:38:17,6751.45,118571
2021-04-26 09:38:18,6751.4,118572
2021-04-26 09:38:20,6751.4,118572
2021-04-26 09:38:21,6751.3,118580
2021-04-26 09:38:22,6751.3,118580
2021-04-26 09:38:22,6751.3,118580
2021-04-26 09:38:23,6751.3,118583
2021-04-26 09:38:24,6751.4,118683
2021-04-26 09:38:25,6751.3,118684
2021-04-26 09:38:26,6750.55,118685
2021-04-26 09:38:27,6751.3,118687
2021-04-26 09:38:28,6750.55,118709
2021-04-26 09:38:29,6751.0,118714
2021-04-26 09:38:30,6751.3,118715
2021-04-26 09:38:32,6751.3,118715
2021-04-26 09:38:33,6750.55,118722
2021-04-26 09:38:34,6750.55,118723
2021-04-26 09:38:35,6750.0,118724
2021-04-26 09:38:36,6750.55,118725
2021-04-26 09:38:37,6750.55,118727
2021-04-26 09:38:37,6750.55,118727
2021-04-26 09:38:38,6750.95,118753
2021-04-26 09:38:39,6750.55,118781
2021-04-26 09:38:40,6750.55,119101
2021-04-26 09:38:41,6750.55,119103
2021-04-26 09:38:42,6750.55,119103
2021-04-26 09:38:43,6750.55,119103
2021-04-26 09:38:44,6750.55,119104
2021-04-26 09:38:45,6750.55,119115
2021-04-26 09:38:46,6751.3,119237
2021-04-26 09:38:47,6751.3,119237
2021-04-26 09:38:48,6751.3,119237
2021-04-26 09:38:49,6751.3,119297
2021-04-26 09:38:50,6750.55,119300
2021-04-26 09:38:51,6750.55,119300
2021-04-26 09:38:52,6751.35,119314
2021-04-26 09:38:53,6751.35,119314
2021-04-26 09:38:54,6750.55,119368
2021-04-26 09:38:55,6751.0,119369
2021-04-26 09:38:57,6751.0,119370
2021-04-26 09:38:58,6751.0,119370
2021-04-26 09:38:59,6751.0,119382
2021-04-26 09:39:00,6751.35,119386
2021-04-26 09:39:01,6751.0,119392
2021-04-26 09:39:03,6751.0,119392
2021-04-26 09:39:04,6750.55,119452
2021-04-26 09:39:05,6751.0,119458
2021-04-26 09:39:06,6751.0,119458
2021-04-26 09:39:07,6751.0,119473
2021-04-26 09:39:08,6751.0,119476
2021-04-26 09:39:09,6750.95,119520
2021-04-26 09:39:10,6751.0,119521
2021-04-26 09:39:11,6750.0,119607
2021-04-26 09:39:12,6750.0,119617
2021-04-26 09:39:12,6751.0,119612
2021-04-26 09:39:14,6751.4,119683
2021-04-26 09:39:15,6750.0,119723
2021-04-26 09:39:17,6750.3,119729
2021-04-26 09:39:18,6750.3,119729
2021-04-26 09:39:19,6751.0,119811
2021-04-26 09:39:20,6751.85,119821
2021-04-26 09:39:21,6751.85,119821
2021-04-26 09:39:22,6750.0,119822
2021-04-26 09:39:23,6750.0,119822
2021-04-26 09:39:24,6750.0,119822
2021-04-26 09:39:24,6750.0,119822
2021-04-26 09:39:25,6750.05,119824
2021-04-26 09:39:26,6750.55,119825
2021-04-26 09:39:27,6750.55,119825
2021-04-26 09:39:28,6754.0,119926
2021-04-26 09:39:29,6751.25,119936
2021-04-26 09:39:30,6754.85,119986
2021-04-26 09:39:31,6751.55,119996
2021-04-26 09:39:32,6751.55,119996
2021-04-26 09:39:33,6752.0,120011
2021-04-26 09:39:34,6751.35,120012
2021-04-26 09:39:35,6751.35,120043
2021-04-26 09:39:36,6751.35,120045
2021-04-26 09:39:38,6751.35,120046
2021-04-26 09:39:39,6754.25,120047
2021-04-26 09:39:40,6754.25,120047
2021-04-26 09:39:41,6751.55,120048
2021-04-26 09:39:42,6751.35,120050
2021-04-26 09:39:43,6750.05,120156
2021-04-26 09:39:44,6753.55,120170
2021-04-26 09:39:45,6754.0,120225
2021-04-26 09:39:46,6754.65,120245
2021-04-26 09:39:47,6754.65,120245
2021-04-26 09:39:48,6751.25,120249
2021-04-26 09:39:48,6751.25,120249
2021-04-26 09:39:50,6753.75,120250
2021-04-26 09:39:51,6753.75,120250
2021-04-26 09:39:52,6751.3,120253
2021-04-26 09:39:54,6751.25,120260
2021-04-26 09:39:55,6751.25,120260
2021-04-26 09:39:56,6751.3,120385
2021-04-26 09:39:57,6755.0,120429
2021-04-26 09:39:58,6751.3,120454
2021-04-26 09:39:59,6751.55,120455
2021-04-26 09:40:00,6751.35,120468
2021-04-26 09:40:01,6751.35,120468
2021-04-26 09:40:02,6751.35,120468
2021-04-26 09:40:03,6758.5,120762
2021-04-26 09:40:04,6756.8,120823
2021-04-26 09:40:05,6759.5,120827
2021-04-26 09:40:06,6759.0,121137
2021-04-26 09:40:06,6759.0,121137
2021-04-26 09:40:07,6759.0,121137
2021-04-26 09:40:08,6760.6,121141
2021-04-26 09:40:09,6760.6,121141
2021-04-26 09:40:10,6762.3,121156
2021-04-26 09:40:11,6760.6,121165
2021-04-26 09:40:12,6761.7,121215
2021-04-26 09:40:14,6760.55,121217
2021-04-26 09:40:14,6760.55,121217
2021-04-26 09:40:15,6757.5,121269
2021-04-26 09:40:16,6757.6,121279
2021-04-26 09:40:18,6762.1,121327
2021-04-26 09:40:19,6758.35,121352
2021-04-26 09:40:20,6758.35,121352
2021-04-26 09:40:21,6759.6,121364
2021-04-26 09:40:22,6762.2,121365
2021-04-26 09:40:23,6760.55,121370
2021-04-26 09:40:24,6758.1,121470
2021-04-26 09:40:25,6758.1,121470
2021-04-26 09:40:26,6760.55,121476
2021-04-26 09:40:27,6758.15,121489
2021-04-26 09:40:28,6758.7,121491
2021-04-26 09:40:29,6758.15,121493
2021-04-26 09:40:30,6758.15,121493
2021-04-26 09:40:30,6758.15,121494
2021-04-26 09:40:31,6758.7,121499
2021-04-26 09:40:33,6759.1,121516
2021-04-26 09:40:35,6759.1,121534
2021-04-26 09:40:36,6759.1,121534
2021-04-26 09:40:37,6758.55,121540
2021-04-26 09:40:38,6760.0,121575
2021-04-26 09:40:38,6760.0,121575
2021-04-26 09:40:39,6758.35,121577
2021-04-26 09:40:40,6758.35,121577
2021-04-26 09:40:42,6758.35,121577
2021-04-26 09:40:43,6760.0,121588
2021-04-26 09:40:44,6760.0,121591
2021-04-26 09:40:45,6760.0,121610
2021-04-26 09:40:46,6756.75,121710
2021-04-26 09:40:47,6760.0,121743
2021-04-26 09:40:48,6756.85,121763
2021-04-26 09:40:49,6756.85,121763
2021-04-26 09:40:50,6756.85,121763
2021-04-26 09:40:51,6756.9,121764
2021-04-26 09:40:53,6755.0,121888
2021-04-26 09:40:54,6755.0,121888
2021-04-26 09:40:55,6755.0,121888
2021-04-26 09:40:56,6755.0,121903
2021-04-26 09:40:57,6755.0,121903
2021-04-26 09:40:58,6755.0,121907
2021-04-26 09:40:59,6755.0,121907
2021-04-26 09:41:00,6755.0,121915
2021-04-26 09:41:01,6754.5,121924
2021-04-26 09:41:02,6754.5,121924
2021-04-26 09:41:03,6755.0,121975
2021-04-26 09:41:03,6755.0,121975
2021-04-26 09:41:05,6752.55,122005
2021-04-26 09:41:06,6752.5,122006
2021-04-26 09:41:07,6752.4,122019
2021-04-26 09:41:08,6752.0,122031
2021-04-26 09:41:09,6754.35,122038
2021-04-26 09:41:10,6754.5,122068
2021-04-26 09:41:11,6752.0,122071
2021-04-26 09:41:12,6752.0,122071
2021-04-26 09:41:13,6752.0,122071
2021-04-26 09:41:14,6752.0,122071
2021-04-26 09:41:15,6754.45,122091
2021-04-26 09:41:16,6752.0,122092
2021-04-26 09:41:17,6754.45,122142
2021-04-26 09:41:18,6754.45,122142
2021-04-26 09:41:19,6754.5,122144
2021-04-26 09:41:20,6752.0,122246
2021-04-26 09:41:21,6750.5,122270
2021-04-26 09:41:22,6750.6,122275
2021-04-26 09:41:23,6754.45,122300
2021-04-26 09:41:24,6754.45,122308
2021-04-26 09:41:25,6751.85,122372
2021-04-26 09:41:26,6750.15,122374
2021-04-26 09:41:27,6750.0,122400
2021-04-26 09:41:28,6750.0,122400
2021-04-26 09:41:29,6750.0,122445
2021-04-26 09:41:30,6753.3,122462
2021-04-26 09:41:31,6753.3,122462
2021-04-26 09:41:31,6753.3,122462
2021-04-26 09:41:33,6752.0,122532
2021-04-26 09:41:34,6752.0,122532
2021-04-26 09:41:35,6751.0,122533
2021-04-26 09:41:36,6749.0,123315
2021-04-26 09:41:37,6748.3,123317
2021-04-26 09:41:38,6751.0,123319
2021-04-26 09:41:39,6752.85,123414
2021-04-26 09:41:40,6750.1,123415
2021-04-26 09:41:41,6749.4,123416
2021-04-26 09:41:42,6748.75,123420
2021-04-26 09:41:43,6751.0,123429
2021-04-26 09:41:44,6751.0,123451
2021-04-26 09:41:45,6751.0,123491
2021-04-26 09:41:46,6751.0,123493
2021-04-26 09:41:47,6751.75,123496
2021-04-26 09:41:48,6752.85,123526
2021-04-26 09:41:50,6751.15,123531
2021-04-26 09:41:50,6751.15,123531
2021-04-26 09:41:51,6751.15,123531
2021-04-26 09:41:53,6753.0,123536
2021-04-26 09:41:54,6751.0,123561
2021-04-26 09:41:55,6751.0,123566
2021-04-26 09:41:56,6751.0,123570
2021-04-26 09:41:57,6751.0,123570
2021-04-26 09:41:58,6751.0,123570
2021-04-26 09:41:59,6751.0,123570
2021-04-26 09:42:00,6751.0,123570
2021-04-26 09:42:01,6751.0,123570
2021-04-26 09:42:02,6751.0,123600
2021-04-26 09:42:03,6751.0,123650
2021-04-26 09:42:04,6751.0,123650
2021-04-26 09:42:05,6751.0,123658
2021-04-26 09:42:06,6751.0,123658
2021-04-26 09:42:07,6752.9,123675
2021-04-26 09:42:08,6751.95,123678
2021-04-26 09:42:09,6751.95,123678
2021-04-26 09:42:10,6752.85,123683
2021-04-26 09:42:11,6752.85,123683
2021-04-26 09:42:12,6752.85,123695
2021-04-26 09:42:13,6752.85,123695
2021-04-26 09:42:15,6752.85,123695
2021-04-26 09:42:16,6752.85,123695
2021-04-26 09:42:17,6752.85,123695
2021-04-26 09:42:18,6751.0,123698
2021-04-26 09:42:19,6751.0,123705
2021-04-26 09:42:20,6751.0,123707
2021-04-26 09:42:20,6751.0,123707
2021-04-26 09:42:21,6752.85,123713
2021-04-26 09:42:22,6751.0,123720
2021-04-26 09:42:24,6752.85,123734
2021-04-26 09:42:25,6752.85,123734
2021-04-26 09:42:26,6751.0,123737
2021-04-26 09:42:27,6751.0,123740
2021-04-26 09:42:28,6751.0,123741
2021-04-26 09:42:28,6751.0,123741
2021-04-26 09:42:29,6751.0,123762
2021-04-26 09:42:30,6751.0,123765
2021-04-26 09:42:31,6751.0,123765
2021-04-26 09:42:32,6752.85,123766
2021-04-26 09:42:34,6751.0,123806
2021-04-26 09:42:35,6750.95,123816
2021-04-26 09:42:36,6752.85,123818
2021-04-26 09:42:37,6752.85,123818
2021-04-26 09:42:38,6751.0,123821
2021-04-26 09:42:39,6752.0,123827
2021-04-26 09:42:40,6751.0,123831
2021-04-26 09:42:41,6751.0,123833
2021-04-26 09:42:42,6751.0,123842
2021-04-26 09:42:43,6752.85,123967
2021-04-26 09:42:44,6752.85,123967
2021-04-26 09:42:45,6752.85,123967
2021-04-26 09:42:46,6752.85,123967
2021-04-26 09:42:47,6752.85,123967
2021-04-26 09:42:48,6755.0,124271
2021-04-26 09:42:49,6755.0,124271
2021-04-26 09:42:50,6751.55,124285
2021-04-26 09:42:51,6751.55,124318
2021-04-26 09:42:51,6751.55,124318
2021-04-26 09:42:53,6751.0,124513
2021-04-26 09:42:54,6751.0,124513
2021-04-26 09:42:55,6751.0,124513
2021-04-26 09:42:56,6752.95,124514
2021-04-26 09:42:57,6752.95,124514
2021-04-26 09:42:58,6751.0,124516
2021-04-26 09:42:59,6750.05,124536
2021-04-26 09:42:59,6750.05,124536
2021-04-26 09:43:00,6750.05,124536
2021-04-26 09:43:02,6750.1,124546
2021-04-26 09:43:03,6750.0,124596
2021-04-26 09:43:04,6750.1,124606
2021-04-26 09:43:05,6751.9,124630
2021-04-26 09:43:06,6750.1,124960
2021-04-26 09:43:07,6751.7,124967
2021-04-26 09:43:08,6750.05,124992
2021-04-26 09:43:09,6750.05,124992
2021-04-26 09:43:10,6750.05,124992
2021-04-26 09:43:11,6750.1,124997
2021-04-26 09:43:12,6750.1,124997
2021-04-26 09:43:13,6750.1,125000
2021-04-26 09:43:14,6750.1,125003
2021-04-26 09:43:15,6750.1,125003
2021-04-26 09:43:16,6750.1,125003
2021-04-26 09:43:17,6750.1,125005
2021-04-26 09:43:18,6750.1,125005
2021-04-26 09:43:19,6750.1,125005
2021-04-26 09:43:20,6751.7,125015
2021-04-26 09:43:21,6750.1,125036
2021-04-26 09:43:22,6750.1,125036
2021-04-26 09:43:23,6749.15,125156
2021-04-26 09:43:24,6749.15,125156
2021-04-26 09:43:25,6749.15,125156
2021-04-26 09:43:26,6750.1,125157
2021-04-26 09:43:27,6750.0,125164
2021-04-26 09:43:28,6750.0,125165
2021-04-26 09:43:29,6750.0,125165
2021-04-26 09:43:30,6749.0,125184
2021-04-26 09:43:31,6749.0,125188
2021-04-26 09:43:32,6749.0,125193
2021-04-26 09:43:33,6750.0,125206
2021-04-26 09:43:34,6750.0,125206
2021-04-26 09:43:35,6750.0,125206
2021-04-26 09:43:36,6749.95,125211
2021-04-26 09:43:37,6749.55,125212
2021-04-26 09:43:38,6750.0,125227
2021-04-26 09:43:39,6750.0,125227
2021-04-26 09:43:40,6748.05,125229
2021-04-26 09:43:41,6748.0,125235
2021-04-26 09:43:45,6747.55,125246
2021-04-26 09:43:46,6747.5,125258
2021-04-26 09:43:47,6748.0,125276
2021-04-26 09:43:48,6748.0,125276
2021-04-26 09:43:49,6748.0,125276
2021-04-26 09:43:50,6748.0,125326
2021-04-26 09:43:51,6748.0,125326
2021-04-26 09:43:53,6748.0,125326
2021-04-26 09:43:52,6748.0,125326
2021-04-26 09:43:54,6747.05,125351
2021-04-26 09:43:55,6747.05,125364
2021-04-26 09:43:56,6748.0,125962
2021-04-26 09:43:57,6748.0,125963
2021-04-26 09:43:58,6748.0,125963
2021-04-26 09:43:59,6748.0,125976
2021-04-26 09:44:00,6749.0,126021
2021-04-26 09:44:01,6749.0,126021
2021-04-26 09:44:02,6749.0,126021
2021-04-26 09:44:03,6751.15,126068
2021-04-26 09:44:04,6751.15,126068
2021-04-26 09:44:05,6751.15,126070
2021-04-26 09:44:06,6751.15,126070
2021-04-26 09:44:07,6751.15,126070
2021-04-26 09:44:08,6751.15,126070
2021-04-26 09:44:09,6750.4,126071
2021-04-26 09:44:10,6750.4,126071
2021-04-26 09:44:11,6753.25,126131
2021-04-26 09:44:12,6748.7,126231
2021-04-26 09:44:13,6748.7,126231
2021-04-26 09:44:14,6748.7,126231
2021-04-26 09:44:15,6748.7,126231
2021-04-26 09:44:16,6747.6,126234
2021-04-26 09:44:17,6750.0,126237
2021-04-26 09:44:18,6751.75,126244
2021-04-26 09:44:19,6751.75,126244
2021-04-26 09:44:20,6751.75,126244
2021-04-26 09:44:21,6751.75,126244
2021-04-26 09:44:22,6751.75,126244
2021-04-26 09:44:23,6751.0,126255
2021-04-26 09:44:24,6751.45,126264
2021-04-26 09:44:25,6751.45,126264
2021-04-26 09:44:26,6751.0,126324
2021-04-26 09:44:27,6752.0,126327
2021-04-26 09:44:28,6752.0,126329
2021-04-26 09:44:29,6749.05,126358
2021-04-26 09:44:30,6749.05,126358
2021-04-26 09:44:31,6750.0,126383
2021-04-26 09:44:32,6750.0,126383
2021-04-26 09:44:33,6750.0,126383
2021-04-26 09:44:34,6751.0,126393
2021-04-26 09:44:35,6751.0,126393
2021-04-26 09:44:36,6751.0,126423
2021-04-26 09:44:37,6749.05,126425
2021-04-26 09:44:38,6748.0,126449
2021-04-26 09:44:39,6748.0,126449
2021-04-26 09:44:40,6748.0,126449
2021-04-26 09:44:41,6750.3,126450
2021-04-26 09:44:42,6750.0,126451
2021-04-26 09:44:43,6750.0,126451
2021-04-26 09:44:44,6748.0,126461
2021-04-26 09:44:45,6750.0,126511
2021-04-26 09:44:47,6750.0,126511
2021-04-26 09:44:48,6750.0,126511
2021-04-26 09:44:49,6747.5,126512
2021-04-26 09:44:50,6748.0,126517
2021-04-26 09:44:51,6747.5,126527
2021-04-26 09:44:52,6747.5,126535
2021-04-26 09:44:53,6747.5,126535
2021-04-26 09:44:55,6747.5,126545
2021-04-26 09:44:56,6747.5,126545
2021-04-26 09:44:57,6748.0,126591
2021-04-26 09:44:58,6748.0,126591
2021-04-26 09:44:59,6747.5,126592
2021-04-26 09:45:01,6747.5,126594
2021-04-26 09:45:02,6748.0,126595
2021-04-26 09:45:03,6748.0,126603
2021-04-26 09:45:04,6748.0,126604
2021-04-26 09:45:05,6748.0,126604
2021-04-26 09:45:06,6747.5,126619
2021-04-26 09:45:07,6747.5,126633
2021-04-26 09:45:08,6747.75,126649
2021-04-26 09:45:10,6747.45,126749
2021-04-26 09:45:09,6747.45,126749
2021-04-26 09:45:11,6747.45,126749
2021-04-26 09:45:12,6748.0,126759
2021-04-26 09:45:14,6750.0,126801
2021-04-26 09:45:15,6747.75,126831
2021-04-26 09:45:16,6748.0,126837
2021-04-26 09:45:18,6748.0,126838
2021-04-26 09:45:19,6748.0,126843
2021-04-26 09:45:20,6748.0,126843
2021-04-26 09:45:21,6748.0,126937
2021-04-26 09:45:22,6748.0,126937
2021-04-26 09:45:23,6748.0,126937
2021-04-26 09:45:24,6748.0,126938
2021-04-26 09:45:25,6748.0,126938
2021-04-26 09:45:26,6748.0,126940
2021-04-26 09:45:27,6749.7,126946
2021-04-26 09:45:28,6749.7,126946
2021-04-26 09:45:30,6748.0,126970
2021-04-26 09:45:31,6748.0,126978
2021-04-26 09:45:32,6749.7,126990
2021-04-26 09:45:33,6749.7,126990
2021-04-26 09:45:34,6748.2,126995
2021-04-26 09:45:36,6748.2,127030
2021-04-26 09:45:37,6747.0,127193
2021-04-26 09:45:38,6742.2,127859
2021-04-26 09:45:39,6747.75,128061
2021-04-26 09:45:40,6744.9,128072
2021-04-26 09:45:42,6744.95,128075
2021-04-26 09:45:42,6744.9,128082
2021-04-26 09:45:44,6745.0,128089
2021-04-26 09:45:44,6745.0,128089
2021-04-26 09:45:45,6745.0,128148
2021-04-26 09:45:46,6747.45,128170
2021-04-26 09:45:47,6747.5,128171
2021-04-26 09:45:48,6745.8,128172
2021-04-26 09:45:50,6747.5,128207
2021-04-26 09:45:51,6747.5,128209
2021-04-26 09:45:52,6745.8,128222
2021-04-26 09:45:52,6745.8,128222
2021-04-26 09:45:53,6747.5,128223
2021-04-26 09:45:54,6745.85,128227
2021-04-26 09:45:57,6747.5,128232
2021-04-26 09:45:58,6745.85,128233
2021-04-26 09:46:00,6745.0,128656
2021-04-26 09:46:01,6745.0,128656
2021-04-26 09:46:02,6742.6,128661
2021-04-26 09:46:03,6742.6,128661
2021-04-26 09:46:05,6742.6,128716
2021-04-26 09:46:07,6742.6,128776
2021-04-26 09:46:08,6742.6,128789
2021-04-26 09:46:09,6742.5,128814
2021-04-26 09:46:10,6742.2,128827
2021-04-26 09:46:11,6742.2,128827
2021-04-26 09:46:12,6745.0,128858
2021-04-26 09:46:13,6742.2,128860
2021-04-26 09:46:14,6742.2,128863
2021-04-26 09:46:15,6742.2,128877
2021-04-26 09:46:16,6740.7,129323
2021-04-26 09:46:17,6740.0,129507
2021-04-26 09:46:18,6742.5,129521
2021-04-26 09:46:19,6740.7,129576
2021-04-26 09:46:20,6740.0,130103
2021-04-26 09:46:21,6740.7,130129
2021-04-26 09:46:22,6740.0,130133
2021-04-26 09:46:24,6740.0,130139
2021-04-26 09:46:24,6740.0,130149
2021-04-26 09:46:25,6740.0,130150
2021-04-26 09:46:26,6740.0,130673
2021-04-26 09:46:27,6736.5,130675
2021-04-26 09:46:29,6737.1,130701
2021-04-26 09:46:30,6737.1,130701
2021-04-26 09:46:31,6736.6,130733
2021-04-26 09:46:32,6736.6,130738
2021-04-26 09:46:32,6736.6,130738
2021-04-26 09:46:33,6739.65,130739
2021-04-26 09:46:34,6736.6,130742
2021-04-26 09:46:35,6739.5,130767
2021-04-26 09:46:36,6736.65,130799
2021-04-26 09:46:37,6739.45,130902
2021-04-26 09:46:38,6736.15,130915
2021-04-26 09:46:40,6739.0,130962
2021-04-26 09:46:41,6739.0,130962
2021-04-26 09:46:44,6736.6,130979
2021-04-26 09:46:45,6739.4,130985
2021-04-26 09:46:45,6739.4,130985
2021-04-26 09:46:46,6739.4,130985
2021-04-26 09:46:47,6739.4,130985
2021-04-26 09:46:48,6741.0,131336
2021-04-26 09:46:49,6741.5,131342
2021-04-26 09:46:50,6739.45,131444
2021-04-26 09:46:51,6741.9,131560
2021-04-26 09:46:52,6741.9,131560
2021-04-26 09:46:54,6739.5,131562
2021-04-26 09:46:55,6739.5,131562
2021-04-26 09:46:56,6743.1,131597
2021-04-26 09:46:57,6743.05,131598
2021-04-26 09:46:58,6741.0,131599
2021-04-26 09:46:59,6739.4,131649
2021-04-26 09:47:00,6739.4,131649
2021-04-26 09:47:01,6739.4,131649
2021-04-26 09:47:02,6739.4,131686
2021-04-26 09:47:03,6743.0,131694
2021-04-26 09:47:04,6740.4,131700
2021-04-26 09:47:05,6740.4,131701
2021-04-26 09:47:06,6739.6,131766
2021-04-26 09:47:07,6741.9,131779
2021-04-26 09:47:08,6739.4,131811
2021-04-26 09:47:09,6739.4,131815
2021-04-26 09:47:10,6739.4,131840
2021-04-26 09:47:12,6742.8,131896
2021-04-26 09:47:13,6742.8,131897
2021-04-26 09:47:14,6739.6,131914
2021-04-26 09:47:15,6742.75,131916
2021-04-26 09:47:16,6742.7,131917
2021-04-26 09:47:17,6740.0,131918
2021-04-26 09:47:18,6740.0,131922
2021-04-26 09:47:19,6742.3,131978
2021-04-26 09:47:21,6742.3,131978
2021-04-26 09:47:22,6742.25,131981
2021-04-26 09:47:23,6740.0,131986
2021-04-26 09:47:24,6739.4,132264
2021-04-26 09:47:24,6739.4,132264
2021-04-26 09:47:26,6739.4,132264
2021-04-26 09:47:27,6739.4,132274
2021-04-26 09:47:28,6739.4,132274
2021-04-26 09:47:29,6740.0,132301
2021-04-26 09:47:30,6739.5,132322
2021-04-26 09:47:30,6742.0,132312
2021-04-26 09:47:32,6742.55,132352
2021-04-26 09:47:32,6742.45,132358
2021-04-26 09:47:33,6739.4,132398
2021-04-26 09:47:35,6742.25,132450
2021-04-26 09:47:36,6739.0,132487
2021-04-26 09:47:37,6739.0,132593
2021-04-26 09:47:38,6739.0,132593
2021-04-26 09:47:39,6742.1,132635
2021-04-26 09:47:40,6742.1,132635
2021-04-26 09:47:40,6742.1,132635
2021-04-26 09:47:41,6738.1,132685
2021-04-26 09:47:42,6740.0,132686
2021-04-26 09:47:44,6740.0,132686
2021-04-26 09:47:45,6740.0,132687
2021-04-26 09:47:45,6740.0,132687
2021-04-26 09:47:46,6740.0,132703
2021-04-26 09:47:48,6740.0,132703
2021-04-26 09:47:48,6740.0,132703
2021-04-26 09:47:49,6741.95,132704
2021-04-26 09:47:50,6741.95,132704
2021-04-26 09:47:51,6741.95,132704
2021-04-26 09:47:52,6741.95,132704
2021-04-26 09:47:53,6741.95,132704
2021-04-26 09:47:55,6741.95,132704
2021-04-26 09:47:55,6741.95,132704
2021-04-26 09:47:56,6741.95,132704
2021-04-26 09:47:57,6741.95,132704
2021-04-26 09:47:58,6741.95,132704
2021-04-26 09:47:59,6741.95,132704
2021-04-26 09:48:00,6740.1,132705
2021-04-26 09:48:01,6740.0,132713
2021-04-26 09:48:03,6742.5,132814
2021-04-26 09:48:03,6742.5,132814
2021-04-26 09:48:04,6742.8,132824
2021-04-26 09:48:05,6743.05,132926
2021-04-26 09:48:06,6745.25,133012
2021-04-26 09:48:07,6746.3,137936
2021-04-26 09:48:08,6749.5,137962
2021-04-26 09:48:09,6752.0,138229
2021-04-26 09:48:10,6752.5,138230
2021-04-26 09:48:11,6753.0,138250
2021-04-26 09:48:12,6753.0,138250
2021-04-26 09:48:13,6755.0,138256
2021-04-26 09:48:14,6754.0,138257
2021-04-26 09:48:15,6755.0,138322
2021-04-26 09:48:17,6755.5,138451
2021-04-26 09:48:18,6757.8,138618
2021-04-26 09:48:19,6758.0,138624
2021-04-26 09:48:20,6758.0,139090
2021-04-26 09:48:21,6758.7,139092
2021-04-26 09:48:22,6758.7,139092
2021-04-26 09:48:24,6758.95,139489
2021-04-26 09:48:23,6758.0,139459
2021-04-26 09:48:25,6759.45,139514
2021-04-26 09:48:26,6759.45,139514
2021-04-26 09:48:27,6759.45,139514
2021-04-26 09:48:28,6759.45,139514
2021-04-26 09:48:29,6759.45,139514
2021-04-26 09:48:30,6758.0,139534
2021-04-26 09:48:31,6758.0,139589
2021-04-26 09:48:32,6758.0,139660
2021-04-26 09:48:33,6755.0,139860
2021-04-26 09:48:34,6755.0,139860
2021-04-26 09:48:35,6759.4,139920
2021-04-26 09:48:36,6758.0,139921
2021-04-26 09:48:38,6756.15,139947
2021-04-26 09:48:39,6756.15,139949
2021-04-26 09:48:40,6756.15,139949
2021-04-26 09:48:41,6756.15,139950
2021-04-26 09:48:42,6756.15,139955
2021-04-26 09:48:43,6756.15,139955
2021-04-26 09:48:44,6757.95,139962
2021-04-26 09:48:45,6756.15,139968
2021-04-26 09:48:46,6756.5,139969
2021-04-26 09:48:47,6756.15,139972
2021-04-26 09:48:48,6758.0,139984
2021-04-26 09:48:48,6756.15,139986
2021-04-26 09:48:50,6756.15,139987
2021-04-26 09:48:51,6756.15,139987
2021-04-26 09:48:52,6756.15,139988
2021-04-26 09:48:52,6756.15,140013
2021-04-26 09:48:53,6757.5,140040
2021-04-26 09:48:54,6755.0,140055
2021-04-26 09:48:55,6755.0,140055
2021-04-26 09:48:56,6755.0,140074
2021-04-26 09:48:57,6756.15,140082
2021-04-26 09:48:58,6756.15,140092
2021-04-26 09:48:59,6756.15,140092
2021-04-26 09:49:00,6756.15,140092
2021-04-26 09:49:02,6755.0,140151
2021-04-26 09:49:02,6754.0,140162
2021-04-26 09:49:04,6753.35,140169
2021-04-26 09:49:04,6752.05,140269
2021-04-26 09:49:05,6752.05,140269
2021-04-26 09:49:06,6754.0,140270
2021-04-26 09:49:07,6754.0,140320
2021-04-26 09:49:08,6754.0,140320
2021-04-26 09:49:09,6754.0,140320
2021-04-26 09:49:10,6754.0,140320
2021-04-26 09:49:11,6754.0,140324
2021-04-26 09:49:12,6755.0,140325
2021-04-26 09:49:13,6755.0,140325
2021-04-26 09:49:14,6754.0,140351
2021-04-26 09:49:15,6754.0,140365
2021-04-26 09:49:16,6753.0,140371
2021-04-26 09:49:17,6754.0,140372
2021-04-26 09:49:18,6754.0,140372
2021-04-26 09:49:20,6753.0,140375
2021-04-26 09:49:21,6754.0,140434
2021-04-26 09:49:22,6754.0,140434
2021-04-26 09:49:23,6754.4,140435
2021-04-26 09:49:24,6754.4,140436
2021-04-26 09:49:25,6752.0,140496
2021-04-26 09:49:27,6752.0,140496
2021-04-26 09:49:28,6752.0,140496
2021-04-26 09:49:28,6752.0,140496
2021-04-26 09:49:30,6752.1,140499
2021-04-26 09:49:30,6752.1,140499
2021-04-26 09:49:32,6752.1,140528
2021-04-26 09:49:33,6753.0,140529
2021-04-26 09:49:34,6753.0,140531
2021-04-26 09:49:35,6753.0,140543
2021-04-26 09:49:36,6753.0,140543
2021-04-26 09:49:37,6752.1,140544
2021-04-26 09:49:38,6752.95,140553
2021-04-26 09:49:39,6752.95,140553
2021-04-26 09:49:40,6753.05,140558
2021-04-26 09:49:41,6753.05,140558
2021-04-26 09:49:43,6753.05,140558
2021-04-26 09:49:44,6753.05,140560
2021-04-26 09:49:45,6753.05,140560
2021-04-26 09:49:46,6753.05,140560
2021-04-26 09:49:46,6753.05,140572
2021-04-26 09:49:47,6753.05,140572
2021-04-26 09:49:48,6753.05,140572
2021-04-26 09:49:49,6753.05,140583
2021-04-26 09:49:50,6754.0,140618
2021-04-26 09:49:51,6754.0,140618
2021-04-26 09:49:52,6754.0,140632
2021-04-26 09:49:53,6754.0,140632
2021-04-26 09:49:54,6753.95,140657
2021-04-26 09:49:55,6753.95,140657
2021-04-26 09:49:56,6753.95,140661
2021-04-26 09:49:57,6753.95,140671
2021-04-26 09:49:58,6753.95,140711
2021-04-26 09:50:01,6753.95,140731
2021-04-26 09:50:02,6754.0,140743
2021-04-26 09:50:03,6754.4,140921
2021-04-26 09:50:04,6753.95,140968
2021-04-26 09:50:03,6753.95,140923
2021-04-26 09:50:05,6755.0,140988
2021-04-26 09:50:06,6755.0,140988
2021-04-26 09:50:07,6754.0,140991
2021-04-26 09:50:08,6755.0,141013
2021-04-26 09:50:09,6754.0,141034
2021-04-26 09:50:10,6757.5,141164
2021-04-26 09:50:12,6754.05,141234
2021-04-26 09:50:12,6757.5,141244
2021-04-26 09:50:13,6757.45,141252
2021-04-26 09:50:14,6757.8,141302
2021-04-26 09:50:15,6754.25,141304
2021-04-26 09:50:16,6757.8,141315
2021-04-26 09:50:17,6757.7,141331
2021-04-26 09:50:18,6754.6,141336
2021-04-26 09:50:19,6754.5,141378
2021-04-26 09:50:20,6758.0,141408
2021-04-26 09:50:21,6758.0,141408
2021-04-26 09:50:22,6758.0,141408
2021-04-26 09:50:23,6758.0,141413
2021-04-26 09:50:26,6758.0,141448
2021-04-26 09:50:27,6756.0,141451
2021-04-26 09:50:28,6756.0,141451
2021-04-26 09:50:29,6758.0,141456
2021-04-26 09:50:31,6756.0,141476
2021-04-26 09:50:32,6758.35,141521
2021-04-26 09:50:33,6758.35,141521
2021-04-26 09:50:33,6757.0,141522
2021-04-26 09:50:35,6757.0,141522
2021-04-26 09:50:36,6757.0,141532
2021-04-26 09:50:36,6757.0,141532
2021-04-26 09:50:38,6757.0,141532
2021-04-26 09:50:39,6757.0,141535
2021-04-26 09:50:40,6757.0,141535
2021-04-26 09:50:41,6755.95,141815
2021-04-26 09:50:42,6755.95,141815
2021-04-26 09:50:43,6755.95,141815
2021-04-26 09:50:44,6757.35,141820
2021-04-26 09:50:44,6756.0,141821
2021-04-26 09:50:46,6756.0,141825
2021-04-26 09:50:47,6756.0,141832
2021-04-26 09:50:48,6756.0,141832
2021-04-26 09:50:49,6757.0,141839
2021-04-26 09:50:50,6757.0,141842
2021-04-26 09:50:51,6757.0,141844
2021-04-26 09:50:52,6757.0,141847
2021-04-26 09:50:53,6757.0,141847
2021-04-26 09:50:54,6756.0,141867
2021-04-26 09:50:55,6756.0,141868
2021-04-26 09:50:55,6756.0,141868
2021-04-26 09:50:56,6754.75,141928
2021-04-26 09:50:57,6754.75,141928
2021-04-26 09:50:58,6754.75,141928
2021-04-26 09:50:59,6754.75,141928
2021-04-26 09:51:00,6757.0,141933
2021-04-26 09:51:01,6757.0,141933
2021-04-26 09:51:02,6757.0,141937
2021-04-26 09:51:03,6757.0,141937
2021-04-26 09:51:05,6754.6,141941
2021-04-26 09:51:07,6754.6,141941
2021-04-26 09:51:08,6755.0,141946
2021-04-26 09:51:09,6755.0,141946
2021-04-26 09:51:10,6757.0,141951
2021-04-26 09:51:11,6757.0,141951
2021-04-26 09:51:12,6757.0,141951
2021-04-26 09:51:13,6757.0,141951
2021-04-26 09:51:14,6754.6,141970
2021-04-26 09:51:15,6754.6,141970
2021-04-26 09:51:16,6754.6,141972
2021-04-26 09:51:16,6756.0,141977
2021-04-26 09:51:19,6755.0,141978
2021-04-26 09:51:20,6754.6,141981
2021-04-26 09:51:21,6754.6,141981
2021-04-26 09:51:22,6754.6,141981
2021-04-26 09:51:23,6754.6,141981
2021-04-26 09:51:25,6754.6,141985
2021-04-26 09:51:25,6754.6,141985
2021-04-26 09:51:26,6755.05,141987
2021-04-26 09:51:28,6757.0,142099
2021-04-26 09:51:29,6754.6,142104
2021-04-26 09:51:30,6756.0,142115
2021-04-26 09:51:31,6756.0,142115
2021-04-26 09:51:32,6756.0,142115
2021-04-26 09:51:33,6757.0,142116
2021-04-26 09:51:34,6757.0,142116
2021-04-26 09:51:35,6757.0,142116
2021-04-26 09:51:36,6757.0,142117
2021-04-26 09:51:36,6757.0,142117
2021-04-26 09:51:38,6757.0,142117
2021-04-26 09:51:39,6757.0,142117
2021-04-26 09:51:40,6756.5,142118
2021-04-26 09:51:40,6756.5,142120
2021-04-26 09:51:41,6756.5,142120
2021-04-26 09:51:42,6757.0,142174
2021-04-26 09:51:43,6758.0,142176
2021-04-26 09:51:45,6757.0,142235
2021-04-26 09:51:46,6757.0,142235
2021-04-26 09:51:46,6757.0,142235
2021-04-26 09:51:48,6757.0,142329
2021-04-26 09:51:49,6758.5,142330
2021-04-26 09:51:49,6759.0,142335
2021-04-26 09:51:51,6758.0,142336
2021-04-26 09:51:52,6757.0,142339
2021-04-26 09:51:53,6758.0,142340
2021-04-26 09:51:53,6758.0,142340
2021-04-26 09:51:54,6758.0,142340
2021-04-26 09:51:55,6758.0,142341
2021-04-26 09:51:57,6757.0,142343
2021-04-26 09:51:58,6757.0,142346
2021-04-26 09:51:59,6757.0,142348
2021-04-26 09:52:00,6757.0,142348
2021-04-26 09:52:01,6757.0,142349
2021-04-26 09:52:02,6757.0,142349
2021-04-26 09:52:03,6757.0,142349
2021-04-26 09:52:04,6757.0,142349
2021-04-26 09:52:04,6757.0,142374
2021-04-26 09:52:05,6757.0,142374
2021-04-26 09:52:06,6758.0,142375
2021-04-26 09:52:07,6758.0,142381
2021-04-26 09:52:08,6757.0,142385
2021-04-26 09:52:10,6757.0,142385
2021-04-26 09:52:11,6757.0,142387
2021-04-26 09:52:12,6757.0,142388
2021-04-26 09:52:13,6757.0,142388
2021-04-26 09:52:14,6757.0,142403
2021-04-26 09:52:16,6757.0,142412
2021-04-26 09:52:17,6757.0,142412
2021-04-26 09:52:18,6757.0,142413
2021-04-26 09:52:19,6758.0,142428
2021-04-26 09:52:20,6758.0,142428
2021-04-26 09:52:20,6758.0,142428
2021-04-26 09:52:22,6757.0,142435
2021-04-26 09:52:23,6757.95,142536
2021-04-26 09:52:24,6759.0,142546
2021-04-26 09:52:25,6759.0,142546
2021-04-26 09:52:26,6759.0,142548
2021-04-26 09:52:27,6759.0,142548
2021-04-26 09:52:29,6759.0,142551
2021-04-26 09:52:31,6757.0,142676
2021-04-26 09:52:33,6759.0,142706
2021-04-26 09:52:32,6759.0,142706
2021-04-26 09:52:34,6759.0,142710
2021-04-26 09:52:36,6759.0,142720
2021-04-26 09:52:37,6759.0,142720
2021-04-26 09:52:38,6757.0,142721
2021-04-26 09:52:39,6757.0,142721
2021-04-26 09:52:40,6759.0,142732
2021-04-26 09:52:41,6759.0,142732
2021-04-26 09:52:41,6759.0,142732
2021-04-26 09:52:43,6759.0,142832
2021-04-26 09:52:44,6757.0,142838
2021-04-26 09:52:45,6757.0,142838
2021-04-26 09:52:46,6757.0,142838
2021-04-26 09:52:47,6759.95,143822
2021-04-26 09:52:48,6762.0,143832
2021-04-26 09:52:48,6762.0,143832
2021-04-26 09:52:50,6764.0,143914
2021-04-26 09:52:51,6763.5,143922
2021-04-26 09:52:52,6763.5,143923
2021-04-26 09:52:52,6763.5,143924
2021-04-26 09:52:54,6765.0,144128
2021-04-26 09:52:54,6765.0,144128
2021-04-26 09:52:55,6763.5,144129
2021-04-26 09:52:56,6763.5,144200
2021-04-26 09:52:57,6765.0,144306
2021-04-26 09:52:59,6765.0,144357
2021-04-26 09:53:00,6763.5,144395
2021-04-26 09:53:00,6763.5,144392
2021-04-26 09:53:02,6763.5,144419
2021-04-26 09:53:03,6765.0,144431
2021-04-26 09:53:04,6765.0,144432
2021-04-26 09:53:04,6765.0,144432
2021-04-26 09:53:06,6763.5,144446
2021-04-26 09:53:07,6765.0,144448
2021-04-26 09:53:09,6765.0,144481
2021-04-26 09:53:10,6763.0,144483
2021-04-26 09:53:11,6764.95,144486
2021-04-26 09:53:12,6764.6,144497
2021-04-26 09:53:13,6763.0,144498
2021-04-26 09:53:14,6763.0,144498
2021-04-26 09:53:15,6763.5,144513
2021-04-26 09:53:16,6761.35,144514
2021-04-26 09:53:16,6763.0,144522
2021-04-26 09:53:18,6763.0,144547
2021-04-26 09:53:19,6763.0,144547
2021-04-26 09:53:19,6763.0,144547
2021-04-26 09:53:20,6763.0,144549
2021-04-26 09:53:22,6763.0,144549
2021-04-26 09:53:23,6761.25,144569
2021-04-26 09:53:24,6762.0,144594
2021-04-26 09:53:25,6762.25,144628
2021-04-26 09:53:26,6762.6,144646
2021-04-26 09:53:27,6762.0,144691
2021-04-26 09:53:29,6762.25,144799
2021-04-26 09:53:30,6762.25,144804
2021-04-26 09:53:31,6763.0,144815
2021-04-26 09:53:32,6762.0,144816
2021-04-26 09:53:33,6762.0,144826
2021-04-26 09:53:34,6762.0,144828
2021-04-26 09:53:35,6763.0,144871
2021-04-26 09:53:36,6763.0,144871
2021-04-26 09:53:37,6763.0,144871
2021-04-26 09:53:39,6763.0,144871
2021-04-26 09:53:42,6762.5,144899
2021-04-26 09:53:44,6762.5,144911
2021-04-26 09:53:45,6762.5,144941
2021-04-26 09:53:46,6762.5,144941
2021-04-26 09:53:47,6762.5,144992
2021-04-26 09:53:48,6762.5,144992
2021-04-26 09:53:49,6762.5,144992
2021-04-26 09:53:50,6762.5,144992
2021-04-26 09:53:51,6762.5,145052
2021-04-26 09:53:52,6762.5,145052
2021-04-26 09:53:52,6762.5,145062
2021-04-26 09:53:53,6762.5,145062
2021-04-26 09:53:54,6762.6,145068
2021-04-26 09:53:56,6762.6,145073
2021-04-26 09:53:57,6762.6,145073
2021-04-26 09:53:58,6762.6,145073
2021-04-26 09:53:59,6763.5,145103
2021-04-26 09:54:00,6763.95,145137
2021-04-26 09:54:01,6763.95,145137
2021-04-26 09:54:02,6762.6,145147
2021-04-26 09:54:03,6762.6,145147
2021-04-26 09:54:04,6762.6,145147
2021-04-26 09:54:05,6762.6,145147
2021-04-26 09:54:06,6762.6,145194
2021-04-26 09:54:07,6763.0,145224
2021-04-26 09:54:08,6763.0,145284
2021-04-26 09:54:09,6763.0,145294
2021-04-26 09:54:10,6763.45,145310
2021-04-26 09:54:11,6763.45,145310
2021-04-26 09:54:12,6763.45,145313
2021-04-26 09:54:13,6763.45,145313
2021-04-26 09:54:14,6763.45,145316
2021-04-26 09:54:15,6763.95,145317
2021-04-26 09:54:16,6763.45,145334
2021-04-26 09:54:17,6763.45,145334
2021-04-26 09:54:19,6764.0,145346
2021-04-26 09:54:20,6764.0,145346
2021-04-26 09:54:21,6764.0,145346
2021-04-26 09:54:22,6763.45,145355
2021-04-26 09:54:23,6764.0,145361
2021-04-26 09:54:24,6764.0,145414
2021-04-26 09:54:25,6763.45,145424
2021-04-26 09:54:26,6764.0,145426
2021-04-26 09:54:27,6764.0,145428
2021-04-26 09:54:28,6764.0,145432
2021-04-26 09:54:29,6765.0,145469
2021-04-26 09:54:30,6765.0,145469
2021-04-26 09:54:31,6765.0,145469
2021-04-26 09:54:32,6765.0,145473
2021-04-26 09:54:33,6764.0,145514
2021-04-26 09:54:34,6764.0,145515
2021-04-26 09:54:35,6764.0,145516
2021-04-26 09:54:37,6764.0,145595
2021-04-26 09:54:38,6764.0,145596
2021-04-26 09:54:39,6764.0,145614
2021-04-26 09:54:40,6764.0,145664
2021-04-26 09:54:41,6764.0,145675
2021-04-26 09:54:43,6763.0,145679
2021-04-26 09:54:42,6763.0,145676
2021-04-26 09:54:44,6763.0,145681
2021-04-26 09:54:46,6763.0,145682
2021-04-26 09:54:48,6763.0,145707
2021-04-26 09:54:49,6764.0,145722
2021-04-26 09:54:50,6762.4,145725
2021-04-26 09:54:51,6762.4,145726
2021-04-26 09:54:52,6763.0,145763
2021-04-26 09:54:53,6763.0,145765
2021-04-26 09:54:54,6763.0,145765
2021-04-26 09:54:55,6763.0,145765
2021-04-26 09:54:56,6763.0,145766
2021-04-26 09:54:57,6763.0,145835
2021-04-26 09:54:58,6762.0,145837
2021-04-26 09:54:59,6762.0,145837
2021-04-26 09:55:00,6762.0,145847
2021-04-26 09:55:01,6763.0,145942
2021-04-26 09:55:02,6762.0,145992
2021-04-26 09:55:03,6763.0,146014
2021-04-26 09:55:04,6763.0,146061
2021-04-26 09:55:05,6763.0,146061
2021-04-26 09:55:06,6762.6,146062
2021-04-26 09:55:07,6762.6,146062
2021-04-26 09:55:08,6764.0,146063
2021-04-26 09:55:09,6764.0,146063
2021-04-26 09:55:10,6764.0,146063
2021-04-26 09:55:11,6762.6,146073
2021-04-26 09:55:12,6763.3,146076
2021-04-26 09:55:13,6763.3,146077
2021-04-26 09:55:14,6763.3,146077
2021-04-26 09:55:15,6763.3,146077
2021-04-26 09:55:16,6763.3,146077
2021-04-26 09:55:17,6763.3,146077
2021-04-26 09:55:18,6763.3,146079
2021-04-26 09:55:19,6764.0,146085
2021-04-26 09:55:20,6763.3,146086
2021-04-26 09:55:21,6763.3,146086
2021-04-26 09:55:23,6763.3,146086
2021-04-26 09:55:22,6763.3,146086
2021-04-26 09:55:24,6763.3,146108
2021-04-26 09:55:25,6763.3,146108
2021-04-26 09:55:26,6763.3,146108
2021-04-26 09:55:27,6763.3,146108
2021-04-26 09:55:28,6763.3,146108
2021-04-26 09:55:29,6763.3,146111
2021-04-26 09:55:30,6763.0,146125
2021-04-26 09:55:32,6763.0,146125
2021-04-26 09:55:31,6763.0,146125
2021-04-26 09:55:33,6762.0,146126
2021-04-26 09:55:35,6763.3,146180
2021-04-26 09:55:36,6763.3,146180
2021-04-26 09:55:37,6763.3,146180
2021-04-26 09:55:38,6763.3,146180
2021-04-26 09:55:39,6763.3,146204
2021-04-26 09:55:40,6762.0,146264
2021-04-26 09:55:42,6764.0,146289
2021-04-26 09:55:43,6764.0,146289
2021-04-26 09:55:44,6765.0,146393
2021-04-26 09:55:46,6765.0,146393
2021-04-26 09:55:45,6765.0,146393
2021-04-26 09:55:47,6765.0,146393
2021-04-26 09:55:49,6765.0,146393
2021-04-26 09:55:50,6764.75,146395
2021-04-26 09:55:51,6763.0,146400
2021-04-26 09:55:52,6764.75,146401
2021-04-26 09:55:53,6764.75,146401
2021-04-26 09:55:55,6763.0,146409
2021-04-26 09:55:57,6764.75,146412
2021-04-26 09:55:59,6764.75,146412
2021-04-26 09:56:00,6763.0,146424
2021-04-26 09:56:01,6763.0,146425
2021-04-26 09:56:02,6763.0,146498
2021-04-26 09:56:03,6762.0,146501
2021-04-26 09:56:04,6762.0,146501
2021-04-26 09:56:05,6762.0,146506
2021-04-26 09:56:06,6762.0,146510
2021-04-26 09:56:07,6762.0,146510
2021-04-26 09:56:08,6763.0,146512
2021-04-26 09:56:09,6763.0,146512
2021-04-26 09:56:10,6760.9,146537
2021-04-26 09:56:11,6763.0,146538
2021-04-26 09:56:12,6763.0,146538
2021-04-26 09:56:13,6760.6,146542
2021-04-26 09:56:15,6762.0,146563
2021-04-26 09:56:15,6762.0,146563
2021-04-26 09:56:16,6760.6,146587
2021-04-26 09:56:17,6760.6,146599
2021-04-26 09:56:19,6760.0,146604
2021-04-26 09:56:19,6760.0,146604
2021-04-26 09:56:20,6760.0,146604
2021-04-26 09:56:21,6760.0,146604
2021-04-26 09:56:23,6760.2,146609
2021-04-26 09:56:23,6760.2,146609
2021-04-26 09:56:25,6760.15,146610
2021-04-26 09:56:26,6762.0,146611
2021-04-26 09:56:27,6762.0,146612
2021-04-26 09:56:28,6762.0,146612
2021-04-26 09:56:29,6762.0,146612
2021-04-26 09:56:30,6760.6,146620
2021-04-26 09:56:31,6760.15,146622
2021-04-26 09:56:32,6760.15,146622
2021-04-26 09:56:33,6760.6,146629
2021-04-26 09:56:34,6760.6,146632
2021-04-26 09:56:35,6760.6,146636
2021-04-26 09:56:36,6760.6,146636
2021-04-26 09:56:37,6760.6,146636
2021-04-26 09:56:38,6760.6,146636
2021-04-26 09:56:40,6760.6,146640
2021-04-26 09:56:41,6760.6,146644
2021-04-26 09:56:42,6761.95,146660
2021-04-26 09:56:43,6761.95,146660
2021-04-26 09:56:44,6761.95,146674
2021-04-26 09:56:45,6761.95,146674
2021-04-26 09:56:46,6763.0,146675
2021-04-26 09:56:47,6763.0,146675
2021-04-26 09:56:48,6761.95,146700
2021-04-26 09:56:49,6761.95,146707
2021-04-26 09:56:50,6761.95,146707
2021-04-26 09:56:51,6761.95,146707
2021-04-26 09:56:52,6760.25,146710
2021-04-26 09:56:53,6760.25,146710
2021-04-26 09:56:55,6764.1,146785
2021-04-26 09:56:56,6760.55,146791
2021-04-26 09:56:57,6760.55,146791
2021-04-26 09:56:58,6761.4,146798
2021-04-26 09:56:58,6761.4,146798
2021-04-26 09:56:59,6760.9,146800
2021-04-26 09:57:00,6760.65,146801
2021-04-26 09:57:02,6764.45,146822
2021-04-26 09:57:04,6763.95,146823
2021-04-26 09:57:05,6760.85,146824
2021-04-26 09:57:06,6760.65,146874
2021-04-26 09:57:07,6760.0,146876
2021-04-26 09:57:08,6760.0,146876
2021-04-26 09:57:10,6760.1,146926
2021-04-26 09:57:10,6760.1,146926
2021-04-26 09:57:11,6760.1,146927
2021-04-26 09:57:12,6760.1,146927
2021-04-26 09:57:13,6760.15,146932
2021-04-26 09:57:14,6760.15,146932
2021-04-26 09:57:15,6760.2,146935
2021-04-26 09:57:16,6760.2,146938
2021-04-26 09:57:17,6760.2,146939
2021-04-26 09:57:18,6760.2,146964
2021-04-26 09:57:19,6762.95,146975
2021-04-26 09:57:20,6762.95,146975
2021-04-26 09:57:21,6762.95,146975
2021-04-26 09:57:22,6762.95,146975
2021-04-26 09:57:23,6763.0,147009
2021-04-26 09:57:24,6762.95,147079
2021-04-26 09:57:25,6763.0,147081
2021-04-26 09:57:26,6763.0,147081
2021-04-26 09:57:27,6763.0,147081
2021-04-26 09:57:28,6763.0,147081
2021-04-26 09:57:29,6763.0,147081
2021-04-26 09:57:30,6762.85,147091
2021-04-26 09:57:31,6760.0,147151
2021-04-26 09:57:32,6760.15,147201
2021-04-26 09:57:33,6760.15,147201
2021-04-26 09:57:34,6762.7,147205
2021-04-26 09:57:35,6760.0,147215
2021-04-26 09:57:36,6760.0,147215
2021-04-26 09:57:38,6760.0,147266
2021-04-26 09:57:39,6762.7,147271
2021-04-26 09:57:41,6760.4,147300
2021-04-26 09:57:41,6760.4,147300
2021-04-26 09:57:42,6764.0,147315
2021-04-26 09:57:43,6764.0,147315
2021-04-26 09:57:44,6764.0,147315
2021-04-26 09:57:45,6764.0,147318
2021-04-26 09:57:46,6764.0,147319
2021-04-26 09:57:47,6760.7,147347
2021-04-26 09:57:48,6760.7,147347
2021-04-26 09:57:49,6764.0,147357
2021-04-26 09:57:50,6764.0,147357
2021-04-26 09:57:51,6764.0,147357
2021-04-26 09:57:52,6764.0,147357
2021-04-26 09:57:53,6761.05,147372
2021-04-26 09:57:54,6761.05,147376
2021-04-26 09:57:55,6761.05,147376
2021-04-26 09:57:56,6761.05,147378
2021-04-26 09:57:57,6761.05,147378
2021-04-26 09:57:58,6761.05,147380
2021-04-26 09:57:59,6763.7,147381
2021-04-26 09:58:00,6763.7,147381
2021-04-26 09:58:01,6761.05,147383
2021-04-26 09:58:03,6763.7,147386
2021-04-26 09:58:03,6763.0,147387
2021-04-26 09:58:04,6763.0,147387
2021-04-26 09:58:06,6761.05,147489
2021-04-26 09:58:08,6761.05,147489
2021-04-26 09:58:08,6761.05,147489
2021-04-26 09:58:09,6763.95,147497
2021-04-26 09:58:10,6763.95,147498
2021-04-26 09:58:11,6762.5,147499
2021-04-26 09:58:12,6762.5,147499
2021-04-26 09:58:13,6763.35,147507
2021-04-26 09:58:14,6763.05,147510
2021-04-26 09:58:15,6763.05,147510
2021-04-26 09:58:16,6763.05,147510
2021-04-26 09:58:17,6763.95,147511
2021-04-26 09:58:18,6763.95,147515
2021-04-26 09:58:19,6763.95,147515
2021-04-26 09:58:21,6763.95,147515
2021-04-26 09:58:26,6763.95,147638
2021-04-26 09:58:27,6763.95,147690
2021-04-26 09:58:28,6763.95,147740
2021-04-26 09:58:29,6761.5,147744
2021-04-26 09:58:31,6761.5,147744
2021-04-26 09:58:33,6760.6,147757
2021-04-26 09:58:35,6760.6,147757
2021-04-26 09:58:35,6760.6,147757
2021-04-26 09:58:36,6761.15,147760
2021-04-26 09:58:37,6763.95,147770
2021-04-26 09:58:38,6763.95,147770
2021-04-26 09:58:39,6763.95,147770
2021-04-26 09:58:40,6761.3,147773
2021-04-26 09:58:41,6760.9,147774
2021-04-26 09:58:42,6760.9,147774
2021-04-26 09:58:43,6760.9,147774
2021-04-26 09:58:44,6760.9,147774
2021-04-26 09:58:45,6763.5,147775
2021-04-26 09:58:47,6763.5,147775
2021-04-26 09:58:48,6763.5,147780
2021-04-26 09:58:49,6762.0,147831
2021-04-26 09:58:50,6762.0,147831
2021-04-26 09:58:51,6760.9,147835
2021-04-26 09:58:52,6760.6,147855
2021-04-26 09:58:53,6760.6,147855
2021-04-26 09:58:54,6760.6,147859
2021-04-26 09:58:56,6760.9,147867
2021-04-26 09:58:57,6760.9,147867
2021-04-26 09:58:58,6760.6,147878
2021-04-26 09:58:59,6763.15,147889
2021-04-26 09:59:00,6760.6,147894
2021-04-26 09:59:01,6760.6,147894
2021-04-26 09:59:03,6760.6,147894
2021-04-26 09:59:04,6760.25,147926
2021-04-26 09:59:05,6760.9,147932
2021-04-26 09:59:06,6760.0,148262
2021-04-26 09:59:07,6760.0,148268
2021-04-26 09:59:08,6760.0,148268
2021-04-26 09:59:08,6760.0,148268
2021-04-26 09:59:10,6760.0,148269
2021-04-26 09:59:11,6760.0,148270
2021-04-26 09:59:12,6760.55,148275
2021-04-26 09:59:13,6760.55,148275
2021-04-26 09:59:14,6760.55,148275
2021-04-26 09:59:16,6760.55,148275
2021-04-26 09:59:17,6760.55,148285
2021-04-26 09:59:17,6760.55,148285
2021-04-26 09:59:18,6760.55,148285
2021-04-26 09:59:19,6760.55,148285
2021-04-26 09:59:20,6760.55,148285
2021-04-26 09:59:21,6760.55,148285
2021-04-26 09:59:23,6760.55,148286
2021-04-26 09:59:24,6760.55,148286
2021-04-26 09:59:25,6760.55,148286
2021-04-26 09:59:26,6760.0,148287
2021-04-26 09:59:27,6760.0,148376
2021-04-26 09:59:28,6760.0,148376
2021-04-26 09:59:29,6760.0,148376
2021-04-26 09:59:29,6760.0,148423
2021-04-26 09:59:30,6760.0,148423
2021-04-26 09:59:33,6759.0,148428
2021-04-26 09:59:34,6759.0,148440
2021-04-26 09:59:34,6759.0,148440
2021-04-26 09:59:35,6759.0,148440
2021-04-26 09:59:36,6759.0,148440
2021-04-26 09:59:37,6759.0,148440
2021-04-26 09:59:38,6759.0,148440
2021-04-26 09:59:39,6759.0,148440
2021-04-26 09:59:40,6759.0,148440
2021-04-26 09:59:41,6759.0,148440
2021-04-26 09:59:42,6759.0,148440
2021-04-26 09:59:44,6758.0,148443
2021-04-26 09:59:45,6757.5,148448
2021-04-26 09:59:46,6757.5,148448
2021-04-26 09:59:46,6757.5,148448
2021-04-26 09:59:47,6759.8,148453
2021-04-26 09:59:48,6757.0,148463
2021-04-26 09:59:49,6757.0,148467
2021-04-26 09:59:51,6757.0,148467
2021-04-26 09:59:50,6757.0,148467
2021-04-26 09:59:52,6759.2,148490
2021-04-26 09:59:53,6757.0,148491
2021-04-26 09:59:55,6756.5,148525
2021-04-26 09:59:56,6757.0,148530
2021-04-26 09:59:57,6755.5,148531
2021-04-26 09:59:58,6755.05,148532
2021-04-26 10:00:00,6755.0,148568
2021-04-26 10:00:00,6755.0,148761
2021-04-26 10:00:01,6753.5,148825
2021-04-26 10:00:02,6753.05,148829
2021-04-26 10:00:03,6753.05,148829
2021-04-26 10:00:04,6753.05,148829
2021-04-26 10:00:07,6752.0,148892
2021-04-26 10:00:08,6752.0,148922
2021-04-26 10:00:12,6754.6,149113
2021-04-26 10:00:12,6757.0,149143
2021-04-26 10:00:13,6754.9,149174
2021-04-26 10:00:14,6756.3,149189
2021-04-26 10:00:16,6756.35,149227
2021-04-26 10:00:15,6756.3,149189
2021-04-26 10:00:17,6758.0,149351
2021-04-26 10:00:20,6758.0,149351
2021-04-26 10:00:24,6756.5,149460
2021-04-26 10:00:25,6759.8,149470
2021-04-26 10:00:26,6754.55,149475
2021-04-26 10:00:28,6756.7,149480
2021-04-26 10:00:30,6756.7,149480
2021-04-26 10:00:32,6756.65,149481
2021-04-26 10:00:33,6760.0,149562
2021-04-26 10:00:34,6760.0,149562
2021-04-26 10:00:35,6760.0,149562
2021-04-26 10:00:37,6756.5,149565
2021-04-26 10:00:38,6756.5,149572
2021-04-26 10:00:39,6756.5,149572
2021-04-26 10:00:39,6759.0,149582
2021-04-26 10:00:40,6759.0,149582
2021-04-26 10:00:41,6757.75,149586
2021-04-26 10:00:42,6755.0,149599
2021-04-26 10:00:43,6755.0,149599
2021-04-26 10:00:44,6755.0,149599
2021-04-26 10:00:45,6755.0,149599
2021-04-26 10:00:47,6757.6,149624
2021-04-26 10:00:48,6757.6,149624
2021-04-26 10:00:49,6757.6,149624
2021-04-26 10:00:50,6757.6,149624
2021-04-26 10:00:51,6757.6,149624
2021-04-26 10:00:52,6757.6,149624
2021-04-26 10:00:53,6757.6,149624
2021-04-26 10:00:56,6757.6,149624
2021-04-26 10:00:57,6755.0,149639
2021-04-26 10:00:58,6755.0,149640
2021-04-26 10:00:59,6755.0,149663
2021-04-26 10:01:00,6755.0,149663
2021-04-26 10:01:01,6756.6,149664
2021-04-26 10:01:02,6756.6,149664
2021-04-26 10:01:03,6755.0,149667
2021-04-26 10:01:04,6755.0,149670
2021-04-26 10:01:05,6755.0,149670
2021-04-26 10:01:06,6755.0,149670
2021-04-26 10:01:07,6755.0,149670
2021-04-26 10:01:09,6755.0,149684
2021-04-26 10:01:10,6755.0,149684
2021-04-26 10:01:11,6755.0,149689
2021-04-26 10:01:12,6754.55,149698
2021-04-26 10:01:13,6754.55,149698
2021-04-26 10:01:14,6754.55,149698
2021-04-26 10:01:15,6754.55,149698
2021-04-26 10:01:16,6755.0,149699
2021-04-26 10:01:17,6755.0,149706
2021-04-26 10:01:18,6755.0,149706
2021-04-26 10:01:18,6755.0,149706
2021-04-26 10:01:19,6754.05,149721
2021-04-26 10:01:21,6754.0,149729
2021-04-26 10:01:22,6754.0,149729
2021-04-26 10:01:23,6754.0,149729
2021-04-26 10:01:24,6754.0,149729
2021-04-26 10:01:25,6754.0,149729
2021-04-26 10:01:26,6754.0,149730
2021-04-26 10:01:27,6756.0,149753
2021-04-26 10:01:28,6757.15,149775
2021-04-26 10:01:28,6757.15,149775
2021-04-26 10:01:29,6757.15,149775
2021-04-26 10:01:30,6757.15,149775
2021-04-26 10:01:31,6757.15,149775
2021-04-26 10:01:34,6754.0,150240
2021-04-26 10:01:35,6753.0,150247
2021-04-26 10:01:36,6753.0,150247
2021-04-26 10:01:37,6753.0,150247
2021-04-26 10:01:38,6753.0,150247
2021-04-26 10:01:39,6753.0,150249
2021-04-26 10:01:41,6753.0,150249
2021-04-26 10:01:42,6753.0,150249
2021-04-26 10:01:43,6753.0,150249
2021-04-26 10:01:44,6754.0,150259
2021-04-26 10:01:45,6753.0,150279
2021-04-26 10:01:45,6754.0,150480
2021-04-26 10:01:46,6754.0,150480
2021-04-26 10:01:48,6754.0,150487
2021-04-26 10:01:49,6753.0,150528
2021-04-26 10:01:49,6753.0,150528
2021-04-26 10:01:52,6753.0,150528
2021-04-26 10:01:52,6753.0,150528
2021-04-26 10:01:54,6753.0,150543
2021-04-26 10:01:55,6753.0,150551
2021-04-26 10:01:56,6753.0,150561
2021-04-26 10:01:57,6753.0,150564
2021-04-26 10:01:58,6753.0,150564
2021-04-26 10:01:59,6753.0,150584
2021-04-26 10:02:00,6753.0,150584
2021-04-26 10:02:01,6753.0,150584
2021-04-26 10:02:02,6753.0,150614
2021-04-26 10:02:03,6753.0,150614
2021-04-26 10:02:04,6753.0,150614
2021-04-26 10:02:05,6753.0,150614
2021-04-26 10:02:06,6753.0,150617
2021-04-26 10:02:08,6753.0,150617
2021-04-26 10:02:10,6753.0,150676
2021-04-26 10:02:11,6753.0,150680
2021-04-26 10:02:13,6752.0,150885
2021-04-26 10:02:14,6751.5,150887
2021-04-26 10:02:15,6751.0,150889
2021-04-26 10:02:16,6751.0,150892
2021-04-26 10:02:18,6751.0,150896
2021-04-26 10:02:20,6753.0,150897
2021-04-26 10:02:21,6753.0,150897
2021-04-26 10:02:22,6751.0,150942
2021-04-26 10:02:23,6751.0,150946
2021-04-26 10:02:24,6748.0,151055
2021-04-26 10:02:25,6750.3,151058
2021-04-26 10:02:25,6750.3,151068
2021-04-26 10:02:27,6748.0,151069
2021-04-26 10:02:27,6748.0,151069
2021-04-26 10:02:29,6748.0,151074
2021-04-26 10:02:30,6748.0,151074
2021-04-26 10:02:30,6748.0,151074
2021-04-26 10:02:31,6748.0,151380
2021-04-26 10:02:32,6748.0,151391
2021-04-26 10:02:34,6748.05,151392
2021-04-26 10:02:35,6750.85,151402
2021-04-26 10:02:35,6750.85,151402
2021-04-26 10:02:36,6750.85,151402
2021-04-26 10:02:38,6750.85,151402
2021-04-26 10:02:39,6750.05,151406
2021-04-26 10:02:41,6748.3,151408
2021-04-26 10:02:42,6748.05,151414
2021-04-26 10:02:43,6750.5,151426
2021-04-26 10:02:44,6750.5,151426
2021-04-26 10:02:45,6750.5,151428
2021-04-26 10:02:46,6750.5,151428
2021-04-26 10:02:47,6750.5,151428
2021-04-26 10:02:47,6750.5,151428
2021-04-26 10:02:49,6750.5,151428
2021-04-26 10:02:50,6750.0,151457
2021-04-26 10:02:52,6750.5,151460
2021-04-26 10:02:53,6752.95,151467
2021-04-26 10:02:54,6750.5,151473
2021-04-26 10:02:55,6752.95,151503
2021-04-26 10:02:56,6752.95,151519
2021-04-26 10:02:57,6752.95,151523
2021-04-26 10:02:58,6752.95,151523
2021-04-26 10:02:59,6750.0,151688
2021-04-26 10:03:00,6750.0,151688
2021-04-26 10:03:01,6750.0,151697
2021-04-26 10:03:02,6750.0,151697
2021-04-26 10:03:03,6750.0,151697
2021-04-26 10:03:04,6752.95,151699
2021-04-26 10:03:05,6749.95,151716
2021-04-26 10:03:07,6749.95,151716
2021-04-26 10:03:08,6749.95,151716
2021-04-26 10:03:08,6751.2,151720
2021-04-26 10:03:10,6751.2,151720
2021-04-26 10:03:11,6751.2,151720
2021-04-26 10:03:11,6748.05,151745
2021-04-26 10:03:13,6749.1,151746
2021-04-26 10:03:15,6749.1,151759
2021-04-26 10:03:16,6749.1,151759
2021-04-26 10:03:17,6749.1,151762
2021-04-26 10:03:18,6749.1,151762
2021-04-26 10:03:19,6750.5,151763
2021-04-26 10:03:20,6750.5,151784
2021-04-26 10:03:21,6750.5,151784
2021-04-26 10:03:23,6752.0,151835
2021-04-26 10:03:26,6750.5,151848
2021-04-26 10:03:27,6752.0,151889
2021-04-26 10:03:28,6752.0,151889
2021-04-26 10:03:31,6752.0,151889
2021-04-26 10:03:32,6752.0,151889
2021-04-26 10:03:34,6752.7,151894
2021-04-26 10:03:35,6752.75,151904
2021-04-26 10:03:36,6752.75,151904
2021-04-26 10:03:37,6750.9,151918
2021-04-26 10:03:38,6750.9,151918
2021-04-26 10:03:39,6750.45,151938
2021-04-26 10:03:40,6750.45,151938
2021-04-26 10:03:40,6750.45,151938
2021-04-26 10:03:41,6750.45,151938
2021-04-26 10:03:42,6750.9,151943
2021-04-26 10:03:43,6750.9,151943
2021-04-26 10:03:44,6750.9,151943
2021-04-26 10:03:46,6752.95,151953
2021-04-26 10:03:47,6752.95,151953
2021-04-26 10:03:48,6752.95,151953
2021-04-26 10:03:49,6752.65,151971
2021-04-26 10:03:50,6752.65,151976
2021-04-26 10:03:51,6752.65,151976
2021-04-26 10:03:52,6752.65,151976
2021-04-26 10:03:53,6752.65,151986
2021-04-26 10:03:54,6752.65,151986
2021-04-26 10:03:55,6752.65,151986
2021-04-26 10:03:55,6752.65,151987
2021-04-26 10:03:56,6752.65,151987
2021-04-26 10:03:58,6752.65,151987
2021-04-26 10:03:59,6752.75,151993
2021-04-26 10:04:00,6752.75,151993
2021-04-26 10:04:01,6752.75,151998
2021-04-26 10:04:01,6752.75,151999
2021-04-26 10:04:03,6752.65,152004
2021-04-26 10:04:03,6752.65,152004
2021-04-26 10:04:05,6752.65,152004
2021-04-26 10:04:07,6752.65,152004
2021-04-26 10:04:08,6753.0,152041
2021-04-26 10:04:09,6753.0,152051
2021-04-26 10:04:10,6753.0,152055
2021-04-26 10:04:11,6753.0,152056
2021-04-26 10:04:13,6754.5,152061
2021-04-26 10:04:14,6754.5,152061
2021-04-26 10:04:15,6754.5,152061
2021-04-26 10:04:16,6753.0,152063
2021-04-26 10:04:16,6753.0,152063
2021-04-26 10:04:17,6753.0,152063
2021-04-26 10:04:19,6754.5,152077
2021-04-26 10:04:20,6754.5,152077
2021-04-26 10:04:21,6754.5,152077
2021-04-26 10:04:22,6754.5,152077
2021-04-26 10:04:23,6754.5,152077
2021-04-26 10:04:24,6754.5,152077
2021-04-26 10:04:25,6754.5,152077
2021-04-26 10:04:26,6753.0,152328
2021-04-26 10:04:28,6755.5,152343
2021-04-26 10:04:29,6756.0,152345
2021-04-26 10:04:29,6756.5,152347
2021-04-26 10:04:30,6756.0,152450
2021-04-26 10:04:31,6756.0,152450
2021-04-26 10:04:33,6756.65,152468
2021-04-26 10:04:35,6756.95,152469
2021-04-26 10:04:35,6756.65,152470
2021-04-26 10:04:37,6756.65,152470
2021-04-26 10:04:38,6756.65,152470
2021-04-26 10:04:39,6756.95,152475
2021-04-26 10:04:40,6756.65,152482
2021-04-26 10:04:40,6756.65,152482
2021-04-26 10:04:42,6757.0,152526
2021-04-26 10:04:44,6756.65,152580
2021-04-26 10:04:44,6756.65,152580
2021-04-26 10:04:45,6756.65,152580
2021-04-26 10:04:47,6754.65,152594
2021-04-26 10:04:48,6756.5,152596
2021-04-26 10:04:49,6754.5,152602
2021-04-26 10:04:50,6756.5,152603
2021-04-26 10:04:51,6756.5,152603
2021-04-26 10:04:52,6755.1,152651
2021-04-26 10:04:53,6755.1,152671
2021-04-26 10:04:54,6755.1,152671
2021-04-26 10:04:55,6754.5,152680
2021-04-26 10:04:56,6754.5,152680
2021-04-26 10:04:57,6754.5,152680
2021-04-26 10:04:58,6754.5,152680
2021-04-26 10:04:59,6754.5,152680
2021-04-26 10:05:00,6754.5,152690
2021-04-26 10:05:01,6754.5,152694
2021-04-26 10:05:03,6754.5,152717
2021-04-26 10:05:04,6754.5,152717
2021-04-26 10:05:05,6755.1,152720
2021-04-26 10:05:06,6755.1,152720
2021-04-26 10:05:07,6754.5,152722
2021-04-26 10:05:08,6754.5,152722
2021-04-26 10:05:09,6754.5,152722
2021-04-26 10:05:10,6754.5,152722
2021-04-26 10:05:11,6754.5,152722
2021-04-26 10:05:12,6754.75,152736
2021-04-26 10:05:13,6754.8,152755
2021-04-26 10:05:14,6754.8,152764
2021-04-26 10:05:15,6755.1,152765
2021-04-26 10:05:16,6755.1,152765
2021-04-26 10:05:17,6755.1,152776
2021-04-26 10:05:18,6754.8,152779
2021-04-26 10:05:19,6754.8,152830
2021-04-26 10:05:20,6755.6,152855
2021-04-26 10:05:21,6755.6,152855
2021-04-26 10:05:22,6755.6,152855
2021-04-26 10:05:23,6755.6,152855
2021-04-26 10:05:24,6754.8,152856
2021-04-26 10:05:25,6754.8,152856
2021-04-26 10:05:26,6754.8,152856
2021-04-26 10:05:27,6754.8,152857
2021-04-26 10:05:28,6754.8,152867
2021-04-26 10:05:29,6754.8,152867
2021-04-26 10:05:30,6755.0,152868
2021-04-26 10:05:32,6755.0,152919
2021-04-26 10:05:33,6755.0,152919
2021-04-26 10:05:34,6755.0,152919
2021-04-26 10:05:35,6755.0,152924
2021-04-26 10:05:36,6755.0,152928
2021-04-26 10:05:37,6755.0,152928
2021-04-26 10:05:38,6755.0,152928
2021-04-26 10:05:39,6755.0,152928
2021-04-26 10:05:40,6755.0,152928
2021-04-26 10:05:41,6755.55,152943
2021-04-26 10:05:42,6755.55,152943
2021-04-26 10:05:43,6755.55,152943
2021-04-26 10:05:44,6755.55,152952
2021-04-26 10:05:45,6755.55,152952
2021-04-26 10:05:46,6755.55,152952
2021-04-26 10:05:47,6755.0,152967
2021-04-26 10:05:48,6755.0,152967
2021-04-26 10:05:49,6755.0,152967
2021-04-26 10:05:50,6755.0,152967
2021-04-26 10:05:51,6755.7,152977
2021-04-26 10:05:52,6755.7,152977
2021-04-26 10:05:53,6755.7,152977
2021-04-26 10:05:54,6755.0,152982
2021-04-26 10:05:55,6755.7,152988
2021-04-26 10:05:56,6755.7,152988
2021-04-26 10:05:57,6755.0,152993
2021-04-26 10:05:58,6755.0,152998
2021-04-26 10:05:59,6755.0,152998
2021-04-26 10:06:00,6755.0,153001
2021-04-26 10:06:01,6755.0,153002
2021-04-26 10:06:02,6755.0,153004
2021-04-26 10:06:03,6755.0,153004
2021-04-26 10:06:04,6755.0,153004
2021-04-26 10:06:05,6755.0,153011
2021-04-26 10:06:07,6755.0,153013
2021-04-26 10:06:08,6755.0,153013
2021-04-26 10:06:09,6755.0,153013
2021-04-26 10:06:10,6755.0,153013
2021-04-26 10:06:11,6755.0,153013
2021-04-26 10:06:12,6755.7,153018
2021-04-26 10:06:13,6755.7,153036
2021-04-26 10:06:14,6755.7,153036
2021-04-26 10:06:15,6755.0,153044
2021-04-26 10:06:16,6755.7,153051
2021-04-26 10:06:17,6755.7,153051
2021-04-26 10:06:18,6755.8,153237
2021-04-26 10:06:19,6755.8,153237
2021-04-26 10:06:20,6755.8,153287
2021-04-26 10:06:21,6755.8,153287
2021-04-26 10:06:22,6755.8,153289
2021-04-26 10:06:23,6755.8,153289
2021-04-26 10:06:24,6757.5,153290
2021-04-26 10:06:25,6757.5,153290
2021-04-26 10:06:26,6757.5,153290
2021-04-26 10:06:27,6755.8,153293
2021-04-26 10:06:28,6755.8,153294
2021-04-26 10:06:29,6755.8,153294
2021-04-26 10:06:30,6755.8,153294
2021-04-26 10:06:31,6755.8,153296
2021-04-26 10:06:32,6755.8,153296
2021-04-26 10:06:33,6755.8,153306
2021-04-26 10:06:34,6755.8,153306
2021-04-26 10:06:35,6755.8,153306
2021-04-26 10:06:36,6755.8,153306
2021-04-26 10:06:37,6755.05,153432
2021-04-26 10:06:38,6757.05,153433
2021-04-26 10:06:40,6755.8,153435
2021-04-26 10:06:42,6755.05,153438
2021-04-26 10:06:43,6755.05,153441
2021-04-26 10:06:44,6757.45,153471
2021-04-26 10:06:45,6757.45,153471
2021-04-26 10:06:46,6757.45,153471
2021-04-26 10:06:48,6757.45,153471
2021-04-26 10:06:49,6755.05,153472
2021-04-26 10:06:50,6757.0,153483
2021-04-26 10:06:51,6755.05,153487
2021-04-26 10:06:52,6755.05,153487
2021-04-26 10:06:53,6755.05,153532
2021-04-26 10:06:54,6755.05,153535
2021-04-26 10:06:55,6755.05,153535
2021-04-26 10:06:58,6755.0,153540
2021-04-26 10:06:59,6755.0,153540
2021-04-26 10:07:00,6755.0,153540
2021-04-26 10:07:01,6755.0,153540
2021-04-26 10:07:02,6755.0,153550
2021-04-26 10:07:03,6755.0,153550
2021-04-26 10:07:04,6756.9,153553
2021-04-26 10:07:05,6756.9,153553
2021-04-26 10:07:06,6756.9,153553
2021-04-26 10:07:07,6756.9,153553
2021-04-26 10:07:08,6756.9,153553
2021-04-26 10:07:10,6755.0,153583
2021-04-26 10:07:10,6755.0,153583
2021-04-26 10:07:11,6755.0,153633
2021-04-26 10:07:12,6755.0,153633
2021-04-26 10:07:13,6755.0,153633
2021-04-26 10:07:14,6753.0,153637
2021-04-26 10:07:15,6752.2,153661
2021-04-26 10:07:16,6755.0,153679
2021-04-26 10:07:17,6755.0,153679
2021-04-26 10:07:18,6752.2,153686
2021-04-26 10:07:19,6753.0,153693
