timestamp,ltp,volume
2021-05-06 09:07:58,2397.3,12930
2021-05-06 09:15:00,2391.35,13109
2021-05-06 09:15:01,2388.95,14227
2021-05-06 09:15:01,2389.6,14447
2021-05-06 09:15:02,2388.95,15026
2021-05-06 09:15:03,2388.95,16167
2021-05-06 09:15:04,2391.5,16875
2021-05-06 09:15:05,2390.95,18773
2021-05-06 09:15:06,2389.65,19526
2021-05-06 09:15:07,2390.45,20647
2021-05-06 09:15:08,2389.95,21098
2021-05-06 09:15:09,2388.4,21507
2021-05-06 09:15:10,2388.15,22919
2021-05-06 09:15:11,2389.85,23944
2021-05-06 09:15:12,2386.35,24677
2021-05-06 09:15:13,2388.5,25205
2021-05-06 09:15:14,2388.2,25861
2021-05-06 09:15:15,2387.95,26537
2021-05-06 09:15:16,2388.5,27589
2021-05-06 09:15:17,2388.4,28276
2021-05-06 09:15:18,2389.55,30194
2021-05-06 09:15:19,2389.4,31092
2021-05-06 09:15:20,2393.4,33401
2021-05-06 09:15:21,2391.65,35107
2021-05-06 09:15:22,2393.2,35975
2021-05-06 09:15:23,2393.15,36876
2021-05-06 09:15:24,2394.25,38695
2021-05-06 09:15:25,2396.35,39411
2021-05-06 09:15:26,2397.3,41391
2021-05-06 09:15:27,2396.65,42128
2021-05-06 09:15:28,2397.4,43102
2021-05-06 09:15:29,2398.8,43890
2021-05-06 09:15:30,2398.85,45282
2021-05-06 09:15:31,2398.15,46173
2021-05-06 09:15:32,2397.95,47050
2021-05-06 09:15:33,2396.75,47979
2021-05-06 09:15:34,2396.15,49395
2021-05-06 09:15:35,2396.3,50506
2021-05-06 09:15:37,2395.2,51605
2021-05-06 09:15:38,2395.6,52404
2021-05-06 09:15:39,2395.95,52881
2021-05-06 09:15:40,2395.6,52912
2021-05-06 09:15:41,2394.15,53927
2021-05-06 09:15:41,2394.15,53927
2021-05-06 09:15:42,2392.95,54032
2021-05-06 09:15:43,2392.45,54226
2021-05-06 09:15:44,2391.0,54442
2021-05-06 09:15:45,2390.45,54615
2021-05-06 09:15:46,2391.1,54757
2021-05-06 09:15:48,2391.1,54914
2021-05-06 09:15:49,2392.2,54938
2021-05-06 09:15:50,2390.15,56470
2021-05-06 09:15:51,2391.75,56482
2021-05-06 09:15:52,2390.8,56834
2021-05-06 09:15:53,2390.1,57211
2021-05-06 09:15:53,2390.0,57424
2021-05-06 09:15:54,2389.0,57855
2021-05-06 09:15:55,2390.55,57857
2021-05-06 09:15:56,2390.5,57977
2021-05-06 09:15:57,2390.0,58623
2021-05-06 09:15:58,2390.0,58818
2021-05-06 09:16:00,2390.0,59022
2021-05-06 09:16:01,2389.05,59023
2021-05-06 09:16:02,2389.05,59023
2021-05-06 09:16:03,2390.0,61445
2021-05-06 09:16:03,2390.0,61511
2021-05-06 09:16:04,2389.1,61559
2021-05-06 09:16:05,2389.5,61820
2021-05-06 09:16:06,2390.1,62196
2021-05-06 09:16:07,2390.0,62331
2021-05-06 09:16:09,2390.1,63288
2021-05-06 09:16:10,2389.9,63310
2021-05-06 09:16:11,2390.0,65923
2021-05-06 09:16:12,2389.9,66007
2021-05-06 09:16:13,2390.15,66748
2021-05-06 09:16:14,2389.35,67604
2021-05-06 09:16:14,2389.2,67657
2021-05-06 09:16:15,2390.1,68381
2021-05-06 09:16:17,2389.5,68767
2021-05-06 09:16:18,2391.35,68994
2021-05-06 09:16:19,2390.35,69156
2021-05-06 09:16:20,2391.35,69329
2021-05-06 09:16:21,2391.05,69671
2021-05-06 09:16:22,2391.25,69784
2021-05-06 09:16:23,2392.7,70047
2021-05-06 09:16:23,2392.75,70128
2021-05-06 09:16:24,2392.75,70198
2021-05-06 09:16:25,2392.8,70385
2021-05-06 09:16:26,2392.8,70404
2021-05-06 09:16:28,2392.8,70404
2021-05-06 09:16:29,2392.85,70561
2021-05-06 09:16:30,2393.2,70806
2021-05-06 09:16:30,2393.2,70806
2021-05-06 09:16:31,2393.2,70977
2021-05-06 09:16:33,2392.95,71440
2021-05-06 09:16:34,2392.95,71546
2021-05-06 09:16:35,2391.75,71745
2021-05-06 09:16:36,2391.8,72109
2021-05-06 09:16:37,2391.8,72209
2021-05-06 09:16:38,2393.0,72633
2021-05-06 09:16:38,2391.8,72708
2021-05-06 09:16:39,2391.75,72777
2021-05-06 09:16:40,2391.85,72995
2021-05-06 09:16:42,2392.95,73143
2021-05-06 09:16:43,2391.7,74219
2021-05-06 09:16:44,2392.1,75099
2021-05-06 09:16:44,2392.1,75051
2021-05-06 09:16:45,2392.1,75471
2021-05-06 09:16:47,2392.65,75634
2021-05-06 09:16:48,2392.6,76093
2021-05-06 09:16:50,2394.4,76955
2021-05-06 09:16:51,2393.1,77066
2021-05-06 09:16:51,2393.35,77087
2021-05-06 09:16:53,2393.4,77092
2021-05-06 09:16:54,2393.5,77227
2021-05-06 09:16:55,2394.35,77348
2021-05-06 09:16:56,2394.9,77999
2021-05-06 09:16:57,2393.65,78023
2021-05-06 09:16:57,2394.85,78134
2021-05-06 09:16:58,2393.9,78242
2021-05-06 09:17:00,2394.0,78479
2021-05-06 09:17:01,2394.0,79121
2021-05-06 09:17:02,2394.35,79305
2021-05-06 09:17:03,2393.55,79675
2021-05-06 09:17:04,2393.05,80905
2021-05-06 09:17:05,2392.0,81128
2021-05-06 09:17:07,2391.7,81236
2021-05-06 09:17:08,2392.75,81292
2021-05-06 09:17:09,2392.0,81427
2021-05-06 09:17:10,2392.0,81945
2021-05-06 09:17:10,2392.0,82169
2021-05-06 09:17:12,2391.7,82579
2021-05-06 09:17:13,2392.6,82902
2021-05-06 09:17:14,2392.0,82944
2021-05-06 09:17:15,2391.7,83398
2021-05-06 09:17:16,2393.95,83819
2021-05-06 09:17:17,2392.5,84821
2021-05-06 09:17:17,2392.5,85048
2021-05-06 09:17:19,2392.85,85693
2021-05-06 09:17:20,2392.85,85695
2021-05-06 09:17:22,2392.85,86180
2021-05-06 09:17:23,2392.5,88238
2021-05-06 09:17:24,2392.5,88396
2021-05-06 09:17:25,2392.5,88595
2021-05-06 09:17:25,2392.5,88636
2021-05-06 09:17:27,2392.85,88691
2021-05-06 09:17:28,2392.5,89318
2021-05-06 09:17:29,2392.5,89453
2021-05-06 09:17:30,2392.8,89475
2021-05-06 09:17:31,2392.8,89718
2021-05-06 09:17:31,2392.5,89757
2021-05-06 09:17:33,2392.5,89758
2021-05-06 09:17:34,2392.5,89976
2021-05-06 09:17:35,2392.55,90697
2021-05-06 09:17:36,2392.05,90797
2021-05-06 09:17:37,2391.7,91358
2021-05-06 09:17:37,2391.05,91868
2021-05-06 09:17:39,2391.95,91873
2021-05-06 09:17:40,2391.1,92167
2021-05-06 09:17:41,2390.15,92758
2021-05-06 09:17:42,2390.15,92845
2021-05-06 09:17:43,2390.75,93330
2021-05-06 09:17:43,2390.75,93279
2021-05-06 09:17:45,2389.9,93528
2021-05-06 09:17:46,2389.75,93620
2021-05-06 09:17:47,2391.05,94721
2021-05-06 09:17:48,2389.95,95006
2021-05-06 09:17:48,2390.1,95158
2021-05-06 09:17:50,2390.15,95191
2021-05-06 09:17:51,2390.3,95814
2021-05-06 09:17:52,2390.2,95889
2021-05-06 09:17:53,2390.95,95942
2021-05-06 09:17:54,2390.95,96205
2021-05-06 09:17:55,2391.75,96445
2021-05-06 09:17:56,2391.05,96712
2021-05-06 09:17:56,2391.05,96700
2021-05-06 09:17:58,2391.3,96891
2021-05-06 09:17:59,2391.3,97106
2021-05-06 09:18:00,2392.2,98118
2021-05-06 09:18:01,2391.2,98239
2021-05-06 09:18:02,2391.25,98487
2021-05-06 09:18:02,2391.25,98515
2021-05-06 09:18:04,2391.15,98801
2021-05-06 09:18:04,2391.3,98821
2021-05-06 09:18:06,2391.2,98949
2021-05-06 09:18:07,2392.0,100866
2021-05-06 09:18:08,2391.3,102168
2021-05-06 09:18:09,2390.9,102287
2021-05-06 09:18:10,2391.25,102566
2021-05-06 09:18:10,2391.3,102664
2021-05-06 09:18:12,2391.4,102983
2021-05-06 09:18:12,2391.7,102939
2021-05-06 09:18:14,2391.6,103381
2021-05-06 09:18:15,2391.6,103629
2021-05-06 09:18:16,2391.55,103725
2021-05-06 09:18:17,2391.6,104343
2021-05-06 09:18:18,2391.4,104394
2021-05-06 09:18:18,2391.3,104505
2021-05-06 09:18:20,2391.35,104695
2021-05-06 09:18:21,2391.35,104856
2021-05-06 09:18:22,2391.3,105004
2021-05-06 09:18:23,2389.1,105941
2021-05-06 09:18:24,2390.65,105942
2021-05-06 09:18:25,2389.1,106212
2021-05-06 09:18:25,2389.3,106256
2021-05-06 09:18:27,2389.85,106865
2021-05-06 09:18:28,2389.85,106865
2021-05-06 09:18:29,2390.35,106993
2021-05-06 09:18:30,2390.35,107049
2021-05-06 09:18:31,2389.65,107197
2021-05-06 09:18:31,2389.65,107197
2021-05-06 09:18:33,2390.35,107267
2021-05-06 09:18:34,2390.35,107484
2021-05-06 09:18:35,2390.35,107572
2021-05-06 09:18:36,2390.15,107582
2021-05-06 09:18:37,2390.15,107732
2021-05-06 09:18:38,2390.3,108112
2021-05-06 09:18:39,2390.3,108263
2021-05-06 09:18:40,2390.85,109825
2021-05-06 09:18:40,2390.85,109825
2021-05-06 09:18:42,2390.9,110246
2021-05-06 09:18:44,2390.9,110903
2021-05-06 09:18:45,2390.9,111102
2021-05-06 09:18:46,2390.8,111246
2021-05-06 09:18:47,2390.85,112240
2021-05-06 09:18:47,2390.85,112240
2021-05-06 09:18:49,2390.85,112725
2021-05-06 09:18:50,2390.3,113257
2021-05-06 09:18:51,2390.1,113321
2021-05-06 09:18:52,2390.7,113564
2021-05-06 09:18:53,2390.05,114067
2021-05-06 09:18:54,2390.15,114125
2021-05-06 09:18:55,2389.55,114126
2021-05-06 09:18:56,2390.05,114337
2021-05-06 09:18:57,2390.0,114433
2021-05-06 09:18:58,2389.45,114458
2021-05-06 09:18:59,2390.0,114502
2021-05-06 09:19:00,2389.4,114643
2021-05-06 09:19:01,2389.4,114651
2021-05-06 09:19:02,2389.4,114678
2021-05-06 09:19:03,2389.35,114703
2021-05-06 09:19:04,2389.4,114704
2021-05-06 09:19:05,2389.4,115210
2021-05-06 09:19:06,2389.4,115223
2021-05-06 09:19:07,2389.4,115223
2021-05-06 09:19:08,2389.4,115223
2021-05-06 09:19:09,2389.4,115223
2021-05-06 09:19:10,2389.0,115523
2021-05-06 09:19:11,2389.4,115692
2021-05-06 09:19:12,2389.4,115965
2021-05-06 09:19:14,2389.4,116172
2021-05-06 09:19:15,2389.1,116217
2021-05-06 09:19:16,2389.3,116522
2021-05-06 09:19:17,2389.3,116522
2021-05-06 09:19:18,2389.3,117070
2021-05-06 09:19:19,2389.3,117162
2021-05-06 09:19:20,2388.35,117531
2021-05-06 09:19:21,2389.25,117606
2021-05-06 09:19:22,2389.05,117733
2021-05-06 09:19:23,2389.05,118519
2021-05-06 09:19:24,2389.25,118998
2021-05-06 09:19:25,2389.0,118999
2021-05-06 09:19:26,2389.25,119009
2021-05-06 09:19:27,2388.9,119275
2021-05-06 09:19:28,2388.9,119275
2021-05-06 09:19:29,2388.9,119295
2021-05-06 09:19:30,2388.9,119559
2021-05-06 09:19:31,2388.85,120066
2021-05-06 09:19:32,2388.5,120211
2021-05-06 09:19:33,2389.0,120711
2021-05-06 09:19:34,2388.9,120811
2021-05-06 09:19:35,2388.9,120851
2021-05-06 09:19:36,2388.6,120857
2021-05-06 09:19:37,2388.6,120857
2021-05-06 09:19:38,2388.6,120858
2021-05-06 09:19:39,2388.85,120884
2021-05-06 09:19:40,2388.5,121182
2021-05-06 09:19:41,2388.5,121306
2021-05-06 09:19:42,2388.5,121319
2021-05-06 09:19:43,2388.85,121379
2021-05-06 09:19:44,2388.6,121393
2021-05-06 09:19:45,2388.75,121680
2021-05-06 09:19:46,2389.15,129295
2021-05-06 09:19:48,2389.4,129725
2021-05-06 09:19:47,2389.7,129555
2021-05-06 09:19:49,2389.4,129834
2021-05-06 09:19:50,2389.4,129937
2021-05-06 09:19:51,2389.4,130086
2021-05-06 09:19:52,2388.65,130096
2021-05-06 09:19:53,2389.4,130104
2021-05-06 09:19:54,2389.0,130470
2021-05-06 09:19:55,2389.3,131203
2021-05-06 09:19:56,2389.0,131564
2021-05-06 09:19:57,2388.0,131945
2021-05-06 09:19:58,2389.0,132264
2021-05-06 09:20:00,2388.0,133661
2021-05-06 09:19:59,2388.15,133651
2021-05-06 09:20:01,2387.85,133751
2021-05-06 09:20:02,2388.35,133893
2021-05-06 09:20:03,2387.5,134022
2021-05-06 09:20:05,2387.6,134552
2021-05-06 09:20:04,2388.6,134334
2021-05-06 09:20:06,2389.0,134873
2021-05-06 09:20:07,2388.65,135044
2021-05-06 09:20:08,2387.45,135534
2021-05-06 09:20:09,2387.4,135613
2021-05-06 09:20:10,2387.8,136002
2021-05-06 09:20:11,2387.9,136037
2021-05-06 09:20:12,2388.05,136044
2021-05-06 09:20:13,2387.4,136121
2021-05-06 09:20:14,2388.2,136202
2021-05-06 09:20:15,2388.2,136658
2021-05-06 09:20:16,2388.0,137006
2021-05-06 09:20:17,2388.0,137006
2021-05-06 09:20:18,2387.6,137174
2021-05-06 09:20:19,2387.7,137585
2021-05-06 09:20:20,2388.2,138372
2021-05-06 09:20:21,2387.95,138388
2021-05-06 09:20:22,2387.75,138438
2021-05-06 09:20:23,2388.0,138600
2021-05-06 09:20:24,2387.5,138624
2021-05-06 09:20:25,2387.5,138863
2021-05-06 09:20:26,2388.0,139783
2021-05-06 09:20:27,2389.0,140157
2021-05-06 09:20:28,2388.2,140356
2021-05-06 09:20:30,2388.55,140776
2021-05-06 09:20:31,2388.2,141984
2021-05-06 09:20:32,2388.3,142353
2021-05-06 09:20:33,2388.3,142606
2021-05-06 09:20:34,2387.25,142794
2021-05-06 09:20:35,2387.0,143317
2021-05-06 09:20:36,2387.0,143426
2021-05-06 09:20:37,2386.95,143427
2021-05-06 09:20:38,2386.8,143497
2021-05-06 09:20:39,2387.0,143809
2021-05-06 09:20:40,2387.0,144367
2021-05-06 09:20:41,2386.65,144390
2021-05-06 09:20:42,2387.0,144416
2021-05-06 09:20:43,2387.0,144473
2021-05-06 09:20:44,2386.45,144501
2021-05-06 09:20:45,2386.65,144507
2021-05-06 09:20:46,2386.6,144544
2021-05-06 09:20:47,2386.6,144544
2021-05-06 09:20:48,2386.4,144567
2021-05-06 09:20:49,2386.0,144743
2021-05-06 09:20:50,2386.0,144810
2021-05-06 09:20:51,2385.95,145013
2021-05-06 09:20:52,2385.95,145024
2021-05-06 09:20:53,2386.05,145152
2021-05-06 09:20:54,2386.05,145867
2021-05-06 09:20:55,2385.95,145892
2021-05-06 09:20:56,2386.45,145895
2021-05-06 09:20:57,2386.0,146099
2021-05-06 09:20:58,2386.0,146099
2021-05-06 09:20:59,2386.45,146164
2021-05-06 09:21:01,2386.2,146726
2021-05-06 09:21:02,2385.95,146901
2021-05-06 09:21:03,2386.45,146944
2021-05-06 09:21:05,2385.4,147451
2021-05-06 09:21:05,2385.4,147742
2021-05-06 09:21:06,2385.1,148053
2021-05-06 09:21:07,2385.0,148259
2021-05-06 09:21:08,2385.35,148603
2021-05-06 09:21:09,2383.4,149640
2021-05-06 09:21:11,2383.8,149852
2021-05-06 09:21:11,2383.4,149685
2021-05-06 09:21:12,2383.75,150471
2021-05-06 09:21:13,2383.15,150512
2021-05-06 09:21:14,2383.15,150536
2021-05-06 09:21:16,2382.9,150927
2021-05-06 09:21:16,2382.9,150977
2021-05-06 09:21:18,2383.0,151411
2021-05-06 09:21:18,2382.9,151109
2021-05-06 09:21:19,2383.05,151449
2021-05-06 09:21:20,2383.05,151456
2021-05-06 09:21:21,2383.15,151468
2021-05-06 09:21:23,2382.95,151913
2021-05-06 09:21:23,2382.9,151936
2021-05-06 09:21:24,2382.2,152118
2021-05-06 09:21:25,2382.3,152543
2021-05-06 09:21:26,2382.3,152731
2021-05-06 09:21:27,2383.15,153546
2021-05-06 09:21:28,2382.1,154444
2021-05-06 09:21:29,2383.55,155317
2021-05-06 09:21:30,2382.55,155561
2021-05-06 09:21:31,2383.35,155747
2021-05-06 09:21:32,2383.0,155790
2021-05-06 09:21:33,2383.0,156040
2021-05-06 09:21:34,2383.15,156091
2021-05-06 09:21:35,2383.15,156146
2021-05-06 09:21:36,2383.4,156482
2021-05-06 09:21:37,2383.7,156785
2021-05-06 09:21:38,2383.7,156832
2021-05-06 09:21:39,2383.7,157017
2021-05-06 09:21:40,2383.35,157311
2021-05-06 09:21:41,2384.25,157373
2021-05-06 09:21:42,2384.35,157549
2021-05-06 09:21:43,2384.5,157964
2021-05-06 09:21:44,2383.6,157965
2021-05-06 09:21:45,2384.25,158120
2021-05-06 09:21:46,2383.2,158194
2021-05-06 09:21:47,2384.15,158204
2021-05-06 09:21:48,2384.15,158216
2021-05-06 09:21:49,2384.15,158236
2021-05-06 09:21:50,2384.15,158236
2021-05-06 09:21:51,2384.1,158272
2021-05-06 09:21:52,2384.1,158337
2021-05-06 09:21:53,2384.15,158338
2021-05-06 09:21:54,2383.2,158816
2021-05-06 09:21:55,2383.8,158835
2021-05-06 09:21:56,2383.55,158854
2021-05-06 09:21:57,2383.2,159002
2021-05-06 09:21:59,2383.2,159197
2021-05-06 09:21:59,2383.55,159179
2021-05-06 09:22:00,2382.7,159402
2021-05-06 09:22:01,2382.7,159402
2021-05-06 09:22:02,2383.55,159663
2021-05-06 09:22:03,2383.1,160004
2021-05-06 09:22:04,2383.95,160084
2021-05-06 09:22:05,2383.1,160465
2021-05-06 09:22:06,2383.05,160688
2021-05-06 09:22:07,2383.15,160725
2021-05-06 09:22:08,2383.15,160983
2021-05-06 09:22:09,2383.15,161150
2021-05-06 09:22:10,2384.45,161450
2021-05-06 09:22:11,2383.9,161600
2021-05-06 09:22:12,2383.9,161600
2021-05-06 09:22:13,2383.35,161625
2021-05-06 09:22:14,2383.9,161796
2021-05-06 09:22:15,2383.35,161797
2021-05-06 09:22:16,2383.4,161801
2021-05-06 09:22:17,2383.9,161803
2021-05-06 09:22:19,2383.4,161906
2021-05-06 09:22:20,2383.9,161934
2021-05-06 09:22:20,2383.9,161934
2021-05-06 09:22:21,2383.9,162039
2021-05-06 09:22:22,2383.9,162104
2021-05-06 09:22:23,2383.6,162107
2021-05-06 09:22:24,2383.9,162221
2021-05-06 09:22:25,2383.75,162542
2021-05-06 09:22:26,2383.75,162542
2021-05-06 09:22:27,2383.7,162674
2021-05-06 09:22:28,2383.7,163154
2021-05-06 09:22:29,2383.15,163746
2021-05-06 09:22:30,2383.4,163799
2021-05-06 09:22:31,2383.65,164359
2021-05-06 09:22:32,2383.8,164364
2021-05-06 09:22:33,2383.8,164608
2021-05-06 09:22:34,2383.8,164708
2021-05-06 09:22:35,2383.9,165396
2021-05-06 09:22:36,2383.8,165505
2021-05-06 09:22:37,2383.8,165505
2021-05-06 09:22:38,2383.9,165651
2021-05-06 09:22:39,2383.9,165658
2021-05-06 09:22:42,2383.2,166037
2021-05-06 09:22:43,2383.65,166070
2021-05-06 09:22:43,2383.65,166070
2021-05-06 09:22:44,2383.6,166080
2021-05-06 09:22:45,2383.6,166098
2021-05-06 09:22:46,2383.35,166327
2021-05-06 09:22:48,2383.35,166398
2021-05-06 09:22:49,2383.35,166398
2021-05-06 09:22:50,2383.35,166629
2021-05-06 09:22:51,2383.35,166630
2021-05-06 09:22:52,2383.0,166680
2021-05-06 09:22:53,2383.35,166710
2021-05-06 09:22:54,2383.35,166710
2021-05-06 09:22:55,2383.35,166710
2021-05-06 09:22:56,2383.15,166771
2021-05-06 09:22:57,2383.15,166781
2021-05-06 09:22:58,2383.15,166806
2021-05-06 09:22:59,2383.15,168022
2021-05-06 09:23:00,2383.0,168502
2021-05-06 09:23:01,2383.15,168512
2021-05-06 09:23:02,2383.15,168612
2021-05-06 09:23:03,2383.15,169200
2021-05-06 09:23:04,2383.15,169282
2021-05-06 09:23:06,2383.15,169545
2021-05-06 09:23:07,2383.15,169995
2021-05-06 09:23:08,2383.2,170095
2021-05-06 09:23:09,2384.25,170154
2021-05-06 09:23:11,2384.25,170155
2021-05-06 09:23:13,2384.25,170170
2021-05-06 09:23:14,2384.25,170170
2021-05-06 09:23:15,2384.25,170170
2021-05-06 09:23:16,2383.15,170270
2021-05-06 09:23:17,2383.15,170330
2021-05-06 09:23:18,2384.2,170340
2021-05-06 09:23:19,2383.25,170475
2021-05-06 09:23:20,2384.05,175504
2021-05-06 09:23:21,2384.1,175746
2021-05-06 09:23:22,2383.2,175748
2021-05-06 09:23:23,2383.3,175878
2021-05-06 09:23:24,2383.35,175977
2021-05-06 09:23:26,2383.05,176381
2021-05-06 09:23:27,2383.05,176386
2021-05-06 09:23:28,2384.1,176768
2021-05-06 09:23:29,2384.05,176798
2021-05-06 09:23:30,2382.7,177040
2021-05-06 09:23:31,2384.2,177773
2021-05-06 09:23:33,2384.05,177877
2021-05-06 09:23:34,2384.05,178029
2021-05-06 09:23:35,2384.0,178154
2021-05-06 09:23:36,2382.65,178155
2021-05-06 09:23:37,2382.7,178214
2021-05-06 09:23:38,2383.55,178232
2021-05-06 09:23:39,2383.1,178473
2021-05-06 09:23:40,2383.05,178541
2021-05-06 09:23:41,2382.95,178841
2021-05-06 09:23:42,2383.7,178906
2021-05-06 09:23:43,2382.65,178984
2021-05-06 09:23:43,2382.65,178984
2021-05-06 09:23:44,2382.6,178985
2021-05-06 09:23:45,2383.85,179038
2021-05-06 09:23:46,2383.15,179364
2021-05-06 09:23:47,2382.6,179379
2021-05-06 09:23:48,2383.85,179452
2021-05-06 09:23:49,2383.85,179552
2021-05-06 09:23:50,2382.6,179700
2021-05-06 09:23:51,2383.05,179704
2021-05-06 09:23:52,2383.0,179859
2021-05-06 09:23:53,2382.6,179877
2021-05-06 09:23:54,2383.8,180018
2021-05-06 09:23:55,2382.6,180068
2021-05-06 09:23:56,2383.05,180070
2021-05-06 09:23:57,2383.9,180688
2021-05-06 09:23:58,2383.9,180739
2021-05-06 09:23:59,2382.65,180878
2021-05-06 09:24:00,2382.85,181014
2021-05-06 09:24:01,2382.9,181063
2021-05-06 09:24:02,2383.9,181229
2021-05-06 09:24:03,2382.8,181761
2021-05-06 09:24:04,2383.85,181771
2021-05-06 09:24:05,2382.95,181847
2021-05-06 09:24:06,2383.0,181867
2021-05-06 09:24:07,2383.0,182177
2021-05-06 09:24:08,2383.05,182245
2021-05-06 09:24:09,2383.0,182297
2021-05-06 09:24:10,2382.65,182410
2021-05-06 09:24:11,2382.6,182437
2021-05-06 09:24:12,2382.5,182803
2021-05-06 09:24:13,2384.1,184080
2021-05-06 09:24:14,2382.5,184198
2021-05-06 09:24:15,2383.0,184213
2021-05-06 09:24:16,2382.4,184630
2021-05-06 09:24:17,2383.9,184805
2021-05-06 09:24:19,2383.05,185355
2021-05-06 09:24:20,2383.3,185378
2021-05-06 09:24:21,2382.75,185513
2021-05-06 09:24:22,2382.8,185564
2021-05-06 09:24:23,2382.8,185893
2021-05-06 09:24:24,2384.0,185963
2021-05-06 09:24:25,2382.65,186056
2021-05-06 09:24:26,2382.7,186395
2021-05-06 09:24:27,2383.85,186784
2021-05-06 09:24:28,2382.9,186823
2021-05-06 09:24:29,2382.7,187124
2021-05-06 09:24:31,2382.7,187283
2021-05-06 09:24:32,2383.75,187400
2021-05-06 09:24:33,2383.75,187419
2021-05-06 09:24:34,2382.5,187534
2021-05-06 09:24:35,2382.5,187583
2021-05-06 09:24:36,2383.75,188124
2021-05-06 09:24:37,2383.5,188199
2021-05-06 09:24:38,2382.7,188534
2021-05-06 09:24:39,2383.05,188638
2021-05-06 09:24:40,2382.8,188949
2021-05-06 09:24:41,2382.35,188975
2021-05-06 09:24:42,2382.3,189296
2021-05-06 09:24:43,2382.4,189720
2021-05-06 09:24:44,2382.25,189991
2021-05-06 09:24:45,2382.25,190035
2021-05-06 09:24:46,2383.05,190150
2021-05-06 09:24:47,2382.25,190194
2021-05-06 09:24:49,2382.2,190330
2021-05-06 09:24:50,2382.05,190685
2021-05-06 09:24:51,2382.0,190772
2021-05-06 09:24:52,2382.0,190782
2021-05-06 09:24:53,2382.15,190834
2021-05-06 09:24:54,2382.15,190834
2021-05-06 09:24:55,2382.7,190854
2021-05-06 09:24:56,2382.5,191351
2021-05-06 09:24:57,2382.5,191351
2021-05-06 09:24:58,2382.5,191351
2021-05-06 09:24:59,2383.05,191355
2021-05-06 09:25:00,2382.5,191391
2021-05-06 09:25:01,2385.0,191954
2021-05-06 09:25:02,2385.0,191954
2021-05-06 09:25:02,2385.0,191954
2021-05-06 09:25:03,2384.95,192195
2021-05-06 09:25:04,2384.95,192324
2021-05-06 09:25:05,2384.95,192324
2021-05-06 09:25:06,2384.8,192329
2021-05-06 09:25:07,2384.1,192377
2021-05-06 09:25:08,2384.1,192400
2021-05-06 09:25:09,2384.25,192500
2021-05-06 09:25:10,2385.5,193764
2021-05-06 09:25:11,2386.0,194003
2021-05-06 09:25:12,2386.4,194118
2021-05-06 09:25:13,2387.6,194159
2021-05-06 09:25:14,2387.6,194159
2021-05-06 09:25:15,2387.65,194161
2021-05-06 09:25:16,2387.65,194212
2021-05-06 09:25:17,2386.95,194230
2021-05-06 09:25:19,2388.85,194325
2021-05-06 09:25:20,2388.85,194325
2021-05-06 09:25:21,2390.0,194490
2021-05-06 09:25:22,2391.0,194952
2021-05-06 09:25:23,2391.3,195096
2021-05-06 09:25:24,2391.3,195136
2021-05-06 09:25:25,2391.3,195137
2021-05-06 09:25:26,2391.3,195137
2021-05-06 09:25:27,2391.45,195333
2021-05-06 09:25:28,2391.9,195373
2021-05-06 09:25:29,2390.9,195518
2021-05-06 09:25:30,2390.15,195563
2021-05-06 09:25:31,2390.8,195588
2021-05-06 09:25:32,2390.8,195595
2021-05-06 09:25:33,2390.95,195901
2021-05-06 09:25:34,2390.9,196045
2021-05-06 09:25:35,2391.2,196552
2021-05-06 09:25:36,2390.2,196702
2021-05-06 09:25:37,2390.7,196833
2021-05-06 09:25:38,2390.7,196853
2021-05-06 09:25:38,2390.7,196853
2021-05-06 09:25:39,2390.7,196878
2021-05-06 09:25:41,2391.2,197230
2021-05-06 09:25:42,2391.3,197314
2021-05-06 09:25:43,2391.3,197769
2021-05-06 09:25:44,2391.2,197779
2021-05-06 09:25:45,2391.3,197870
2021-05-06 09:25:46,2391.3,197876
2021-05-06 09:25:47,2391.25,197932
2021-05-06 09:25:48,2391.05,197942
2021-05-06 09:25:50,2391.6,197967
2021-05-06 09:25:51,2391.05,197984
2021-05-06 09:25:52,2391.15,198034
2021-05-06 09:25:53,2392.5,198427
2021-05-06 09:25:54,2392.75,198592
2021-05-06 09:25:55,2391.6,198978
2021-05-06 09:25:56,2392.35,199182
2021-05-06 09:25:57,2391.3,199228
2021-05-06 09:25:58,2392.3,199468
2021-05-06 09:25:58,2392.3,199468
2021-05-06 09:25:59,2392.05,199664
2021-05-06 09:26:00,2391.15,199805
2021-05-06 09:26:01,2391.35,199815
2021-05-06 09:26:02,2391.95,199883
2021-05-06 09:26:03,2392.0,199984
2021-05-06 09:26:06,2391.0,201142
2021-05-06 09:26:07,2391.05,201227
2021-05-06 09:26:08,2392.25,201244
2021-05-06 09:26:09,2392.2,201463
2021-05-06 09:26:10,2391.05,201489
2021-05-06 09:26:11,2392.05,201811
2021-05-06 09:26:12,2391.9,201844
2021-05-06 09:26:13,2391.9,201919
2021-05-06 09:26:14,2391.8,201920
2021-05-06 09:26:15,2390.65,201923
2021-05-06 09:26:16,2390.65,201942
2021-05-06 09:26:17,2391.0,202003
2021-05-06 09:26:18,2391.0,202003
2021-05-06 09:26:19,2391.0,202004
2021-05-06 09:26:20,2391.55,202230
2021-05-06 09:26:21,2391.45,202240
2021-05-06 09:26:22,2391.0,202290
2021-05-06 09:26:23,2390.65,202336
2021-05-06 09:26:24,2390.95,202357
2021-05-06 09:26:25,2390.6,202400
2021-05-06 09:26:26,2391.45,202440
2021-05-06 09:26:27,2391.45,202440
2021-05-06 09:26:27,2391.45,202440
2021-05-06 09:26:28,2391.05,202468
2021-05-06 09:26:29,2391.0,202572
2021-05-06 09:26:30,2390.35,202578
2021-05-06 09:26:31,2391.0,202633
2021-05-06 09:26:32,2391.0,202643
2021-05-06 09:26:34,2391.0,202643
2021-05-06 09:26:35,2391.0,202643
2021-05-06 09:26:36,2390.95,202645
2021-05-06 09:26:37,2390.95,202645
2021-05-06 09:26:38,2391.0,202655
2021-05-06 09:26:39,2391.0,202655
2021-05-06 09:26:40,2390.95,202715
2021-05-06 09:26:41,2391.0,202821
2021-05-06 09:26:42,2391.05,202822
2021-05-06 09:26:43,2391.45,203441
2021-05-06 09:26:44,2391.45,203885
2021-05-06 09:26:44,2391.45,203885
2021-05-06 09:26:45,2392.0,203903
2021-05-06 09:26:46,2392.0,203903
2021-05-06 09:26:48,2391.45,203908
2021-05-06 09:26:49,2392.0,203965
2021-05-06 09:26:50,2392.0,204013
2021-05-06 09:26:51,2391.5,204016
2021-05-06 09:26:53,2391.5,204025
2021-05-06 09:26:54,2392.0,204085
2021-05-06 09:26:55,2392.0,204089
2021-05-06 09:26:56,2392.0,204089
2021-05-06 09:26:57,2392.9,204601
2021-05-06 09:26:57,2392.9,204601
2021-05-06 09:26:58,2392.95,204673
2021-05-06 09:26:59,2392.95,204673
2021-05-06 09:27:00,2392.95,204673
2021-05-06 09:27:01,2392.95,204689
2021-05-06 09:27:02,2391.85,204981
2021-05-06 09:27:03,2391.85,204981
2021-05-06 09:27:04,2391.65,205051
2021-05-06 09:27:05,2392.8,205059
2021-05-06 09:27:06,2391.75,205110
2021-05-06 09:27:08,2392.8,205131
2021-05-06 09:27:09,2392.8,205131
2021-05-06 09:27:11,2391.85,205133
2021-05-06 09:27:12,2391.85,205133
2021-05-06 09:27:12,2392.75,205134
2021-05-06 09:27:13,2392.75,205134
2021-05-06 09:27:15,2392.8,205164
2021-05-06 09:27:16,2392.75,205174
2021-05-06 09:27:17,2391.85,205200
2021-05-06 09:27:18,2392.8,205220
2021-05-06 09:27:19,2392.85,205228
2021-05-06 09:27:19,2392.85,205228
2021-05-06 09:27:20,2392.85,205228
2021-05-06 09:27:22,2392.85,205228
2021-05-06 09:27:23,2392.85,205228
2021-05-06 09:27:24,2392.85,205228
2021-05-06 09:27:25,2394.0,205692
2021-05-06 09:27:25,2394.25,205691
2021-05-06 09:27:26,2394.75,205725
2021-05-06 09:27:27,2393.45,205760
2021-05-06 09:27:29,2394.6,205785
2021-05-06 09:27:30,2394.6,205785
2021-05-06 09:27:31,2394.65,205923
2021-05-06 09:27:32,2394.65,205939
2021-05-06 09:27:33,2394.95,206073
2021-05-06 09:27:33,2394.95,206073
2021-05-06 09:27:34,2394.95,206090
2021-05-06 09:27:36,2394.0,207280
2021-05-06 09:27:37,2394.0,207412
2021-05-06 09:27:38,2394.0,207415
2021-05-06 09:27:39,2394.0,207437
2021-05-06 09:27:40,2394.0,207459
2021-05-06 09:27:41,2394.0,207560
2021-05-06 09:27:42,2394.4,207654
2021-05-06 09:27:43,2393.75,207674
2021-05-06 09:27:44,2394.65,207692
2021-05-06 09:27:45,2394.65,207694
2021-05-06 09:27:46,2395.75,207958
2021-05-06 09:27:47,2394.15,208058
2021-05-06 09:27:48,2394.95,208169
2021-05-06 09:27:49,2395.15,208202
2021-05-06 09:27:50,2395.15,208202
2021-05-06 09:27:51,2395.5,208342
2021-05-06 09:27:52,2395.5,208342
2021-05-06 09:27:54,2395.9,208382
2021-05-06 09:27:55,2396.0,208462
2021-05-06 09:27:55,2396.0,208462
2021-05-06 09:27:57,2396.3,208582
2021-05-06 09:27:58,2396.3,208582
2021-05-06 09:27:59,2396.0,208597
2021-05-06 09:28:00,2396.5,209045
2021-05-06 09:28:01,2396.35,209172
2021-05-06 09:28:02,2396.35,209172
2021-05-06 09:28:03,2395.8,209350
2021-05-06 09:28:04,2395.5,209421
2021-05-06 09:28:05,2394.7,209629
2021-05-06 09:28:05,2394.7,209629
2021-05-06 09:28:07,2394.7,209639
2021-05-06 09:28:08,2394.85,209860
2021-05-06 09:28:09,2394.8,209863
2021-05-06 09:28:10,2393.55,209913
2021-05-06 09:28:11,2394.7,209984
2021-05-06 09:28:12,2394.7,209984
2021-05-06 09:28:13,2393.05,210399
2021-05-06 09:28:14,2393.45,210479
2021-05-06 09:28:15,2393.45,210591
2021-05-06 09:28:16,2393.85,210641
2021-05-06 09:28:17,2393.8,210678
2021-05-06 09:28:18,2393.8,210678
2021-05-06 09:28:20,2393.8,210678
2021-05-06 09:28:21,2394.05,210681
2021-05-06 09:28:22,2394.05,210702
2021-05-06 09:28:23,2393.45,210703
2021-05-06 09:28:24,2393.85,210722
2021-05-06 09:28:25,2393.65,210977
2021-05-06 09:28:26,2394.45,210997
2021-05-06 09:28:26,2394.45,210997
2021-05-06 09:28:28,2394.45,210999
2021-05-06 09:28:29,2394.55,211109
2021-05-06 09:28:30,2395.0,211130
2021-05-06 09:28:31,2395.05,211165
2021-05-06 09:28:32,2394.5,211183
2021-05-06 09:28:33,2395.0,211188
2021-05-06 09:28:33,2395.05,211187
2021-05-06 09:28:35,2395.45,211768
2021-05-06 09:28:36,2395.15,211838
2021-05-06 09:28:37,2396.0,211860
2021-05-06 09:28:38,2395.6,211865
2021-05-06 09:28:39,2396.0,211901
2021-05-06 09:28:39,2396.0,211901
2021-05-06 09:28:40,2396.0,211929
2021-05-06 09:28:42,2396.0,211951
2021-05-06 09:28:43,2395.5,211985
2021-05-06 09:28:44,2395.5,211985
2021-05-06 09:28:45,2395.5,212036
2021-05-06 09:28:46,2395.0,212101
2021-05-06 09:28:48,2395.5,212224
2021-05-06 09:28:49,2395.05,212255
2021-05-06 09:28:50,2395.05,212419
2021-05-06 09:28:51,2395.05,212419
2021-05-06 09:28:52,2394.45,212421
2021-05-06 09:28:53,2395.3,212454
2021-05-06 09:28:54,2395.3,212454
2021-05-06 09:28:55,2395.35,212546
2021-05-06 09:28:56,2395.45,212702
2021-05-06 09:28:56,2395.45,212702
2021-05-06 09:28:57,2395.45,212702
2021-05-06 09:28:59,2395.3,212707
2021-05-06 09:29:00,2394.05,212759
2021-05-06 09:29:01,2394.05,212759
2021-05-06 09:29:02,2394.55,212769
2021-05-06 09:29:03,2394.55,212769
2021-05-06 09:29:04,2394.55,212769
2021-05-06 09:29:05,2394.55,212769
2021-05-06 09:29:06,2394.1,212809
2021-05-06 09:29:07,2393.75,212831
2021-05-06 09:29:08,2395.0,213831
2021-05-06 09:29:09,2393.7,213842
2021-05-06 09:29:10,2394.35,213867
2021-05-06 09:29:11,2394.4,213882
2021-05-06 09:29:11,2393.7,213963
2021-05-06 09:29:12,2395.0,214549
2021-05-06 09:29:14,2395.0,214549
2021-05-06 09:29:15,2393.65,214599
2021-05-06 09:29:16,2394.85,214656
2021-05-06 09:29:18,2394.85,214656
2021-05-06 09:29:19,2393.7,214660
2021-05-06 09:29:20,2393.7,214660
2021-05-06 09:29:21,2393.7,214700
2021-05-06 09:29:22,2394.0,214708
2021-05-06 09:29:23,2393.7,214738
2021-05-06 09:29:24,2393.7,214738
2021-05-06 09:29:24,2393.7,214738
2021-05-06 09:29:26,2393.7,214738
2021-05-06 09:29:28,2394.15,214939
2021-05-06 09:29:29,2393.7,214979
2021-05-06 09:29:30,2394.4,215004
2021-05-06 09:29:31,2394.4,215004
2021-05-06 09:29:33,2393.75,215023
2021-05-06 09:29:34,2394.45,215083
2021-05-06 09:29:35,2394.4,215092
2021-05-06 09:29:36,2394.35,215135
2021-05-06 09:29:38,2394.5,215198
2021-05-06 09:29:39,2394.5,215198
2021-05-06 09:29:41,2394.35,215419
2021-05-06 09:29:40,2394.0,215410
2021-05-06 09:29:42,2394.35,215420
2021-05-06 09:29:43,2394.35,215420
2021-05-06 09:29:44,2394.35,215420
2021-05-06 09:29:45,2393.7,215433
2021-05-06 09:29:46,2393.7,215453
2021-05-06 09:29:47,2394.25,215459
2021-05-06 09:29:48,2393.7,215484
2021-05-06 09:29:49,2394.4,215494
2021-05-06 09:29:50,2394.35,215504
2021-05-06 09:29:51,2394.35,215504
2021-05-06 09:29:52,2394.35,215504
2021-05-06 09:29:53,2394.35,215504
2021-05-06 09:29:54,2394.35,215504
2021-05-06 09:29:55,2394.0,215585
2021-05-06 09:29:56,2394.3,215686
2021-05-06 09:29:57,2393.75,215722
2021-05-06 09:29:58,2393.75,215722
2021-05-06 09:29:59,2394.25,215822
2021-05-06 09:30:00,2394.15,215832
2021-05-06 09:30:01,2394.4,216035
2021-05-06 09:30:02,2394.4,216036
2021-05-06 09:30:03,2394.05,216051
2021-05-06 09:30:05,2394.3,216122
2021-05-06 09:30:06,2394.3,216122
2021-05-06 09:30:07,2394.3,216129
2021-05-06 09:30:09,2394.3,216182
2021-05-06 09:30:10,2394.35,216187
2021-05-06 09:30:11,2393.85,216248
2021-05-06 09:30:12,2393.85,216248
2021-05-06 09:30:14,2394.75,216423
2021-05-06 09:30:15,2395.05,217289
2021-05-06 09:30:16,2395.05,217289
2021-05-06 09:30:17,2395.5,217454
2021-05-06 09:30:18,2395.45,217692
2021-05-06 09:30:19,2395.45,217710
2021-05-06 09:30:20,2394.55,217730
2021-05-06 09:30:21,2395.3,217789
2021-05-06 09:30:22,2395.3,217789
2021-05-06 09:30:23,2394.5,217836
2021-05-06 09:30:24,2394.55,217858
2021-05-06 09:30:25,2394.7,217888
2021-05-06 09:30:26,2394.85,217890
2021-05-06 09:30:27,2395.3,218072
2021-05-06 09:30:28,2395.25,218594
2021-05-06 09:30:29,2395.6,218681
2021-05-06 09:30:30,2395.7,218826
2021-05-06 09:30:31,2395.6,218851
2021-05-06 09:30:32,2395.65,218899
2021-05-06 09:30:33,2395.65,218899
2021-05-06 09:30:34,2394.65,219098
2021-05-06 09:30:35,2394.65,219098
2021-05-06 09:30:36,2395.6,219118
2021-05-06 09:30:37,2395.9,219166
2021-05-06 09:30:38,2395.9,219223
2021-05-06 09:30:39,2395.9,219279
2021-05-06 09:30:40,2396.0,220093
2021-05-06 09:30:41,2396.0,220094
2021-05-06 09:30:42,2395.95,220096
2021-05-06 09:30:43,2395.65,220539
2021-05-06 09:30:44,2395.7,220559
2021-05-06 09:30:46,2395.65,220618
2021-05-06 09:30:45,2395.6,220569
2021-05-06 09:30:47,2395.7,220831
2021-05-06 09:30:48,2395.8,220836
2021-05-06 09:30:49,2395.8,220861
2021-05-06 09:30:50,2395.75,220884
2021-05-06 09:30:51,2395.75,220921
2021-05-06 09:30:52,2395.75,220921
2021-05-06 09:30:53,2395.75,220921
2021-05-06 09:30:54,2395.7,220937
2021-05-06 09:30:55,2396.4,221879
2021-05-06 09:30:56,2396.25,222043
2021-05-06 09:30:57,2396.25,222061
2021-05-06 09:30:58,2396.25,222061
2021-05-06 09:30:59,2397.15,223030
2021-05-06 09:31:00,2397.85,223429
2021-05-06 09:31:01,2397.25,223554
2021-05-06 09:31:02,2399.0,224527
2021-05-06 09:31:03,2399.0,224624
2021-05-06 09:31:04,2399.0,224624
2021-05-06 09:31:05,2399.0,224820
2021-05-06 09:31:06,2398.3,225139
2021-05-06 09:31:07,2398.25,225210
2021-05-06 09:31:08,2399.3,225587
2021-05-06 09:31:09,2399.3,225591
2021-05-06 09:31:10,2398.8,230358
2021-05-06 09:31:11,2400.05,230695
2021-05-06 09:31:12,2400.05,230723
2021-05-06 09:31:13,2399.0,231554
2021-05-06 09:31:14,2399.0,231729
2021-05-06 09:31:15,2400.25,232539
2021-05-06 09:31:16,2399.4,232652
2021-05-06 09:31:17,2400.3,232661
2021-05-06 09:31:18,2400.7,232722
2021-05-06 09:31:19,2400.05,232774
2021-05-06 09:31:20,2400.3,234397
2021-05-06 09:31:21,2400.45,234578
2021-05-06 09:31:22,2400.5,234688
2021-05-06 09:31:24,2399.5,235516
2021-05-06 09:31:25,2399.85,235546
2021-05-06 09:31:26,2397.35,236503
2021-05-06 09:31:27,2398.45,236578
2021-05-06 09:31:28,2399.35,236593
2021-05-06 09:31:29,2400.25,236665
2021-05-06 09:31:30,2399.4,236791
2021-05-06 09:31:31,2399.4,236791
2021-05-06 09:31:32,2400.0,236792
2021-05-06 09:31:33,2400.1,236917
2021-05-06 09:31:34,2400.0,236971
2021-05-06 09:31:35,2400.0,237061
2021-05-06 09:31:36,2400.0,237111
2021-05-06 09:31:37,2399.6,237394
2021-05-06 09:31:38,2399.6,237434
2021-05-06 09:31:40,2400.0,237483
2021-05-06 09:31:41,2399.4,237654
2021-05-06 09:31:42,2400.0,238134
2021-05-06 09:31:43,2399.7,238221
2021-05-06 09:31:44,2399.65,238265
2021-05-06 09:31:45,2399.9,238289
2021-05-06 09:31:46,2399.8,238340
2021-05-06 09:31:48,2399.9,238440
2021-05-06 09:31:48,2399.9,238440
2021-05-06 09:31:49,2399.9,238480
2021-05-06 09:31:50,2399.9,238480
2021-05-06 09:31:51,2399.9,238490
2021-05-06 09:31:52,2399.7,238499
2021-05-06 09:31:53,2399.0,238836
2021-05-06 09:31:54,2399.0,239016
2021-05-06 09:31:55,2399.9,239068
2021-05-06 09:31:57,2399.5,239154
2021-05-06 09:31:57,2399.5,239154
2021-05-06 09:31:58,2399.05,239354
2021-05-06 09:31:59,2399.7,239746
2021-05-06 09:32:00,2399.95,239797
2021-05-06 09:32:01,2400.0,240127
2021-05-06 09:32:02,2399.25,240168
2021-05-06 09:32:03,2399.25,240220
2021-05-06 09:32:04,2399.25,240266
2021-05-06 09:32:05,2399.9,240366
2021-05-06 09:32:06,2399.3,240395
2021-05-06 09:32:07,2399.9,240407
2021-05-06 09:32:08,2399.9,240407
2021-05-06 09:32:10,2399.25,240432
2021-05-06 09:32:10,2399.9,240487
2021-05-06 09:32:11,2399.3,240701
2021-05-06 09:32:12,2399.4,240745
2021-05-06 09:32:13,2399.35,240805
2021-05-06 09:32:14,2399.85,241170
2021-05-06 09:32:15,2399.9,241369
2021-05-06 09:32:16,2399.9,241430
2021-05-06 09:32:17,2399.4,241451
2021-05-06 09:32:19,2400.0,241703
2021-05-06 09:32:20,2399.9,241721
2021-05-06 09:32:21,2399.1,241965
2021-05-06 09:32:22,2399.9,242015
2021-05-06 09:32:23,2399.9,242147
2021-05-06 09:32:24,2399.75,242189
2021-05-06 09:32:25,2399.75,242225
2021-05-06 09:32:26,2400.0,242525
2021-05-06 09:32:27,2399.9,242540
2021-05-06 09:32:28,2399.95,242558
2021-05-06 09:32:29,2399.95,242560
2021-05-06 09:32:30,2399.95,242560
2021-05-06 09:32:31,2399.15,242700
2021-05-06 09:32:32,2399.95,242727
2021-05-06 09:32:33,2400.25,242959
2021-05-06 09:32:34,2400.0,243012
2021-05-06 09:32:35,2401.0,244049
2021-05-06 09:32:37,2400.7,244056
2021-05-06 09:32:37,2400.8,244060
2021-05-06 09:32:38,2400.4,244229
2021-05-06 09:32:39,2401.4,244543
2021-05-06 09:32:40,2401.65,244811
2021-05-06 09:32:41,2401.6,244862
2021-05-06 09:32:42,2401.65,244943
2021-05-06 09:32:43,2401.55,245202
2021-05-06 09:32:44,2401.7,245307
2021-05-06 09:32:45,2401.7,245421
2021-05-06 09:32:46,2401.65,245718
2021-05-06 09:32:47,2401.7,245779
2021-05-06 09:32:48,2401.7,246134
2021-05-06 09:32:49,2401.7,246558
2021-05-06 09:32:52,2401.4,247000
2021-05-06 09:32:53,2402.0,247580
2021-05-06 09:32:55,2402.15,247875
2021-05-06 09:32:55,2402.25,247877
2021-05-06 09:32:57,2402.75,248721
2021-05-06 09:32:58,2402.3,250432
2021-05-06 09:32:59,2402.5,250488
2021-05-06 09:33:00,2403.0,250759
2021-05-06 09:33:01,2403.3,251005
2021-05-06 09:33:02,2403.55,251651
2021-05-06 09:33:03,2403.05,251920
2021-05-06 09:33:04,2403.05,252071
2021-05-06 09:33:05,2403.0,252673
2021-05-06 09:33:06,2402.3,252879
2021-05-06 09:33:07,2403.0,252951
2021-05-06 09:33:08,2402.55,253125
2021-05-06 09:33:09,2403.05,253367
2021-05-06 09:33:10,2402.05,255569
2021-05-06 09:33:11,2402.05,255734
2021-05-06 09:33:12,2402.05,255794
2021-05-06 09:33:13,2402.05,255810
2021-05-06 09:33:15,2402.3,255951
2021-05-06 09:33:16,2402.95,256094
2021-05-06 09:33:17,2402.5,256242
2021-05-06 09:33:17,2402.8,256210
2021-05-06 09:33:18,2402.05,256722
2021-05-06 09:33:19,2402.6,256817
2021-05-06 09:33:20,2403.2,257145
2021-05-06 09:33:21,2402.6,257180
2021-05-06 09:33:23,2402.0,257924
2021-05-06 09:33:23,2402.95,257717
2021-05-06 09:33:24,2402.05,258364
2021-05-06 09:33:25,2402.15,258411
2021-05-06 09:33:26,2402.25,258581
2021-05-06 09:33:27,2401.75,258719
2021-05-06 09:33:29,2402.0,258898
2021-05-06 09:33:30,2401.95,258956
2021-05-06 09:33:31,2401.9,258985
2021-05-06 09:33:32,2401.95,259037
2021-05-06 09:33:33,2401.95,259251
2021-05-06 09:33:34,2401.8,259423
2021-05-06 09:33:35,2402.95,260060
2021-05-06 09:33:36,2403.0,260119
2021-05-06 09:33:37,2402.55,260129
2021-05-06 09:33:39,2402.55,260136
2021-05-06 09:33:39,2402.55,260136
2021-05-06 09:33:40,2403.15,260791
2021-05-06 09:33:41,2403.05,260999
2021-05-06 09:33:42,2403.2,261131
2021-05-06 09:33:43,2403.25,261197
2021-05-06 09:33:44,2403.25,261241
2021-05-06 09:33:45,2403.5,261537
2021-05-06 09:33:47,2403.35,261551
2021-05-06 09:33:48,2402.05,262582
2021-05-06 09:33:49,2403.35,262661
2021-05-06 09:33:50,2403.35,262839
2021-05-06 09:33:50,2403.35,262839
2021-05-06 09:33:51,2403.45,263406
2021-05-06 09:33:52,2403.3,263931
2021-05-06 09:33:54,2403.0,264089
2021-05-06 09:33:55,2403.05,264149
2021-05-06 09:33:55,2403.05,264149
2021-05-06 09:33:56,2403.1,264304
2021-05-06 09:33:57,2403.3,264793
2021-05-06 09:33:58,2403.05,265014
2021-05-06 09:33:59,2403.05,265095
2021-05-06 09:34:01,2402.75,265606
2021-05-06 09:34:02,2402.35,266219
2021-05-06 09:34:03,2403.65,266394
2021-05-06 09:34:04,2403.3,266542
2021-05-06 09:34:06,2403.6,266637
2021-05-06 09:34:07,2403.7,266917
2021-05-06 09:34:07,2403.6,266961
2021-05-06 09:34:08,2403.7,266990
2021-05-06 09:34:09,2403.65,267197
2021-05-06 09:34:10,2403.7,267318
2021-05-06 09:34:12,2402.9,267519
2021-05-06 09:34:13,2402.9,267598
2021-05-06 09:34:14,2402.9,267618
2021-05-06 09:34:15,2402.9,267749
2021-05-06 09:34:16,2402.9,267759
2021-05-06 09:34:17,2402.9,267824
2021-05-06 09:34:17,2403.65,268537
2021-05-06 09:34:18,2403.7,268926
2021-05-06 09:34:19,2403.8,269512
2021-05-06 09:34:21,2402.25,270556
2021-05-06 09:34:22,2403.85,270576
2021-05-06 09:34:23,2403.9,270591
2021-05-06 09:34:24,2403.0,270766
2021-05-06 09:34:24,2403.0,270766
2021-05-06 09:34:25,2403.0,270869
2021-05-06 09:34:26,2403.45,270874
2021-05-06 09:34:27,2403.45,271062
2021-05-06 09:34:28,2403.45,271062
2021-05-06 09:34:29,2403.5,271159
2021-05-06 09:34:30,2403.45,271173
2021-05-06 09:34:32,2403.6,271218
2021-05-06 09:34:33,2403.6,271318
2021-05-06 09:34:34,2403.25,271367
2021-05-06 09:34:35,2403.05,271514
2021-05-06 09:34:36,2403.5,271524
2021-05-06 09:34:37,2403.5,271549
2021-05-06 09:34:38,2403.1,271948
2021-05-06 09:34:39,2403.5,271969
2021-05-06 09:34:40,2403.55,272058
2021-05-06 09:34:41,2403.55,272181
2021-05-06 09:34:42,2403.6,272307
2021-05-06 09:34:43,2403.55,272308
2021-05-06 09:34:44,2403.6,272397
2021-05-06 09:34:45,2403.5,272522
2021-05-06 09:34:47,2403.9,272547
2021-05-06 09:34:48,2403.55,272876
2021-05-06 09:34:49,2403.5,272901
2021-05-06 09:34:49,2403.5,272901
2021-05-06 09:34:50,2403.9,272951
2021-05-06 09:34:51,2403.1,273348
2021-05-06 09:34:52,2403.05,273360
2021-05-06 09:34:53,2403.7,273391
2021-05-06 09:34:54,2403.55,273494
2021-05-06 09:34:56,2403.5,273684
2021-05-06 09:34:57,2403.5,273693
2021-05-06 09:34:58,2403.15,273798
2021-05-06 09:34:58,2403.15,273798
2021-05-06 09:34:59,2403.0,273898
2021-05-06 09:35:00,2403.0,274198
2021-05-06 09:35:02,2403.5,274563
2021-05-06 09:35:03,2403.5,274563
2021-05-06 09:35:04,2403.75,274648
2021-05-06 09:35:04,2403.75,274658
2021-05-06 09:35:05,2403.75,275306
2021-05-06 09:35:06,2403.0,275356
2021-05-06 09:35:07,2404.0,275664
2021-05-06 09:35:08,2403.9,275684
2021-05-06 09:35:11,2405.0,276823
2021-05-06 09:35:12,2405.0,276959
2021-05-06 09:35:13,2405.85,279298
2021-05-06 09:35:14,2406.0,279400
2021-05-06 09:35:15,2405.8,279493
2021-05-06 09:35:16,2406.0,279690
2021-05-06 09:35:17,2406.0,279740
2021-05-06 09:35:18,2406.25,280024
2021-05-06 09:35:19,2406.7,280208
2021-05-06 09:35:19,2406.7,280208
2021-05-06 09:35:20,2407.0,280381
2021-05-06 09:35:21,2407.0,280434
2021-05-06 09:35:22,2407.0,280682
2021-05-06 09:35:23,2406.3,281692
2021-05-06 09:35:24,2406.75,281993
2021-05-06 09:35:25,2406.3,282275
2021-05-06 09:35:26,2406.4,282521
2021-05-06 09:35:28,2407.35,283003
2021-05-06 09:35:29,2407.05,283282
2021-05-06 09:35:30,2407.05,283382
2021-05-06 09:35:31,2407.5,283384
2021-05-06 09:35:33,2407.15,283409
2021-05-06 09:35:34,2407.85,283826
2021-05-06 09:35:34,2407.85,283826
2021-05-06 09:35:35,2407.85,283929
2021-05-06 09:35:36,2407.9,284439
2021-05-06 09:35:37,2408.0,285170
2021-05-06 09:35:38,2408.0,285194
2021-05-06 09:35:39,2407.8,285305
2021-05-06 09:35:40,2407.6,286105
2021-05-06 09:35:41,2407.6,286150
2021-05-06 09:35:43,2406.9,287145
2021-05-06 09:35:44,2407.0,287279
2021-05-06 09:35:44,2407.0,287292
2021-05-06 09:35:45,2406.85,287508
2021-05-06 09:35:46,2406.5,287760
2021-05-06 09:35:48,2406.9,288430
2021-05-06 09:35:50,2406.5,288516
2021-05-06 09:35:51,2406.55,288627
2021-05-06 09:35:52,2406.0,288980
2021-05-06 09:35:53,2406.7,289143
2021-05-06 09:35:53,2406.7,289123
2021-05-06 09:35:54,2406.75,289559
2021-05-06 09:35:55,2406.55,289695
2021-05-06 09:35:57,2406.55,289696
2021-05-06 09:35:58,2406.6,289769
2021-05-06 09:35:59,2406.55,289922
2021-05-06 09:36:00,2407.0,290652
2021-05-06 09:36:00,2407.0,290652
2021-05-06 09:36:01,2406.6,290914
2021-05-06 09:36:02,2406.6,291110
2021-05-06 09:36:03,2404.3,292709
2021-05-06 09:36:05,2405.75,292857
2021-05-06 09:36:06,2406.85,293972
2021-05-06 09:36:07,2406.9,294028
2021-05-06 09:36:07,2407.0,294058
2021-05-06 09:36:08,2407.0,294058
2021-05-06 09:36:09,2406.85,294081
2021-05-06 09:36:11,2407.0,294408
2021-05-06 09:36:12,2407.1,294421
2021-05-06 09:36:13,2407.0,294474
2021-05-06 09:36:14,2408.0,294700
2021-05-06 09:36:15,2408.0,294950
2021-05-06 09:36:16,2407.9,295000
2021-05-06 09:36:17,2407.95,295490
2021-05-06 09:36:18,2408.7,295502
2021-05-06 09:36:20,2408.7,295573
2021-05-06 09:36:21,2409.0,295686
2021-05-06 09:36:22,2409.35,297340
2021-05-06 09:36:22,2410.0,297315
2021-05-06 09:36:24,2410.0,297789
2021-05-06 09:36:25,2409.8,297896
2021-05-06 09:36:27,2410.0,298723
2021-05-06 09:36:28,2409.9,298843
2021-05-06 09:36:29,2408.55,299392
2021-05-06 09:36:30,2409.7,299493
2021-05-06 09:36:31,2409.8,299518
2021-05-06 09:36:33,2409.9,299675
2021-05-06 09:36:34,2409.9,299697
2021-05-06 09:36:35,2410.0,299747
2021-05-06 09:36:36,2409.85,299945
2021-05-06 09:36:37,2409.9,300080
2021-05-06 09:36:38,2409.85,300213
2021-05-06 09:36:39,2409.9,300253
2021-05-06 09:36:40,2409.85,300373
2021-05-06 09:36:41,2408.8,300678
2021-05-06 09:36:42,2408.8,300726
2021-05-06 09:36:43,2409.2,300747
2021-05-06 09:36:44,2408.8,300951
2021-05-06 09:36:45,2408.2,301109
2021-05-06 09:36:46,2408.55,301171
2021-05-06 09:36:47,2409.65,301298
2021-05-06 09:36:48,2409.15,301495
2021-05-06 09:36:49,2409.75,301580
2021-05-06 09:36:50,2408.85,301628
2021-05-06 09:36:51,2409.5,301702
2021-05-06 09:36:52,2408.9,301714
2021-05-06 09:36:53,2409.0,301721
2021-05-06 09:36:54,2409.2,301780
2021-05-06 09:36:55,2407.95,302981
2021-05-06 09:36:56,2408.0,303039
2021-05-06 09:36:57,2408.0,303039
2021-05-06 09:36:58,2408.1,303132
2021-05-06 09:36:59,2408.05,303213
2021-05-06 09:37:00,2408.0,303343
2021-05-06 09:37:01,2409.1,303723
2021-05-06 09:37:02,2408.1,303808
2021-05-06 09:37:03,2408.2,303834
2021-05-06 09:37:04,2408.1,304068
2021-05-06 09:37:05,2408.9,304466
2021-05-06 09:37:06,2408.0,304498
2021-05-06 09:37:07,2408.0,304508
2021-05-06 09:37:08,2408.95,304539
2021-05-06 09:37:09,2407.9,304688
2021-05-06 09:37:10,2407.9,304688
2021-05-06 09:37:11,2408.55,304775
2021-05-06 09:37:12,2408.9,304785
2021-05-06 09:37:13,2408.95,304933
2021-05-06 09:37:14,2409.0,304943
2021-05-06 09:37:15,2408.05,305055
2021-05-06 09:37:16,2408.1,305106
2021-05-06 09:37:17,2408.1,305222
2021-05-06 09:37:18,2408.0,305272
2021-05-06 09:37:19,2408.0,305277
2021-05-06 09:37:20,2408.95,305575
2021-05-06 09:37:21,2408.95,305580
2021-05-06 09:37:22,2408.95,305615
2021-05-06 09:37:23,2409.0,305734
2021-05-06 09:37:23,2409.0,305734
2021-05-06 09:37:24,2407.95,305834
2021-05-06 09:37:25,2409.0,305881
2021-05-06 09:37:26,2408.95,305973
2021-05-06 09:37:27,2409.1,306405
2021-05-06 09:37:28,2409.1,306522
2021-05-06 09:37:29,2409.1,306522
2021-05-06 09:37:30,2409.05,306667
2021-05-06 09:37:31,2409.2,306669
2021-05-06 09:37:32,2409.15,306718
2021-05-06 09:37:33,2409.85,306729
2021-05-06 09:37:34,2409.85,306747
2021-05-06 09:37:35,2409.85,306904
2021-05-06 09:37:36,2408.7,307025
2021-05-06 09:37:38,2409.85,307282
2021-05-06 09:37:39,2410.0,308328
2021-05-06 09:37:40,2410.0,308329
2021-05-06 09:37:41,2410.65,314246
2021-05-06 09:37:42,2410.65,314327
2021-05-06 09:37:44,2410.65,314530
2021-05-06 09:37:45,2411.0,314679
2021-05-06 09:37:46,2410.65,314710
2021-05-06 09:37:48,2411.25,315214
2021-05-06 09:37:49,2411.25,315530
2021-05-06 09:37:50,2411.25,315563
2021-05-06 09:37:51,2411.7,315574
2021-05-06 09:37:52,2411.3,315604
2021-05-06 09:37:53,2411.55,315662
2021-05-06 09:37:54,2411.55,315677
2021-05-06 09:37:54,2411.55,315677
2021-05-06 09:37:55,2411.6,315739
2021-05-06 09:37:56,2411.55,315849
2021-05-06 09:37:57,2412.0,316780
2021-05-06 09:37:58,2411.95,316801
2021-05-06 09:37:59,2411.35,316882
2021-05-06 09:38:00,2411.65,318129
2021-05-06 09:38:01,2411.4,318401
2021-05-06 09:38:02,2411.35,318417
2021-05-06 09:38:03,2411.35,318427
2021-05-06 09:38:04,2411.0,318677
2021-05-06 09:38:06,2411.4,319353
2021-05-06 09:38:07,2411.5,319403
2021-05-06 09:38:08,2411.9,320677
2021-05-06 09:38:09,2410.3,320978
2021-05-06 09:38:10,2409.95,321848
2021-05-06 09:38:11,2409.95,321848
2021-05-06 09:38:12,2410.6,321929
2021-05-06 09:38:13,2411.4,322524
2021-05-06 09:38:14,2411.35,323261
2021-05-06 09:38:15,2410.8,323400
2021-05-06 09:38:16,2410.8,323400
2021-05-06 09:38:17,2410.85,323545
2021-05-06 09:38:18,2410.95,323711
2021-05-06 09:38:19,2409.85,324429
2021-05-06 09:38:20,2411.0,324699
2021-05-06 09:38:21,2410.65,324720
2021-05-06 09:38:22,2410.75,324777
2021-05-06 09:38:23,2411.05,324834
2021-05-06 09:38:24,2411.1,325212
2021-05-06 09:38:25,2411.2,325347
2021-05-06 09:38:26,2410.15,325776
2021-05-06 09:38:28,2410.15,325776
2021-05-06 09:38:29,2410.15,325776
2021-05-06 09:38:30,2410.6,325804
2021-05-06 09:38:31,2410.25,325910
2021-05-06 09:38:32,2410.25,325910
2021-05-06 09:38:33,2410.35,325920
2021-05-06 09:38:34,2411.0,326076
2021-05-06 09:38:35,2410.35,326086
2021-05-06 09:38:36,2410.35,326088
2021-05-06 09:38:37,2410.55,326541
2021-05-06 09:38:39,2410.85,326707
2021-05-06 09:38:41,2410.35,326808
2021-05-06 09:38:42,2410.35,326818
2021-05-06 09:38:43,2410.85,326833
2021-05-06 09:38:44,2410.95,326850
2021-05-06 09:38:45,2410.95,327050
2021-05-06 09:38:46,2410.85,327054
2021-05-06 09:38:47,2411.2,328059
2021-05-06 09:38:48,2410.7,328069
2021-05-06 09:38:49,2410.7,328069
2021-05-06 09:38:50,2411.25,328105
2021-05-06 09:38:51,2411.25,328105
2021-05-06 09:38:52,2410.85,328205
2021-05-06 09:38:54,2411.0,328218
2021-05-06 09:38:56,2411.5,329203
2021-05-06 09:38:57,2411.2,329813
2021-05-06 09:38:58,2410.4,329908
2021-05-06 09:38:59,2410.45,329954
2021-05-06 09:39:00,2410.45,329955
2021-05-06 09:39:01,2410.45,330047
2021-05-06 09:39:02,2410.75,330130
2021-05-06 09:39:03,2411.05,330207
2021-05-06 09:39:04,2410.05,331153
2021-05-06 09:39:05,2410.8,331701
2021-05-06 09:39:06,2410.15,331712
2021-05-06 09:39:07,2410.15,331712
2021-05-06 09:39:08,2410.9,331836
2021-05-06 09:39:09,2411.0,331907
2021-05-06 09:39:09,2411.0,331907
2021-05-06 09:39:11,2411.0,331932
2021-05-06 09:39:12,2410.7,332171
2021-05-06 09:39:13,2410.0,333363
2021-05-06 09:39:14,2410.0,333671
2021-05-06 09:39:15,2410.0,333913
2021-05-06 09:39:16,2410.0,334016
2021-05-06 09:39:17,2410.0,334120
2021-05-06 09:39:18,2410.0,336583
2021-05-06 09:39:19,2410.5,336683
2021-05-06 09:39:20,2411.0,337787
2021-05-06 09:39:21,2411.25,338013
2021-05-06 09:39:22,2411.6,338025
2021-05-06 09:39:23,2411.75,338035
2021-05-06 09:39:24,2411.7,338051
2021-05-06 09:39:25,2411.85,338055
2021-05-06 09:39:26,2411.8,338125
2021-05-06 09:39:27,2411.8,338125
2021-05-06 09:39:28,2411.9,338190
2021-05-06 09:39:29,2412.0,338192
2021-05-06 09:39:31,2412.6,338826
2021-05-06 09:39:32,2412.65,338858
2021-05-06 09:39:33,2412.6,339109
2021-05-06 09:39:34,2412.55,339554
2021-05-06 09:39:35,2412.6,339928
2021-05-06 09:39:35,2412.6,339928
2021-05-06 09:39:36,2412.6,340323
2021-05-06 09:39:37,2412.6,340897
2021-05-06 09:39:38,2412.55,341100
2021-05-06 09:39:39,2412.55,341998
2021-05-06 09:39:40,2413.5,342062
2021-05-06 09:39:41,2414.0,343103
2021-05-06 09:39:42,2414.15,343137
2021-05-06 09:39:44,2413.8,343409
2021-05-06 09:39:45,2413.75,343922
2021-05-06 09:39:46,2413.55,344209
2021-05-06 09:39:47,2413.65,344585
2021-05-06 09:39:48,2413.85,344743
2021-05-06 09:39:49,2413.9,344994
2021-05-06 09:39:50,2413.75,345639
2021-05-06 09:39:51,2413.85,345640
2021-05-06 09:39:52,2412.45,346304
2021-05-06 09:39:53,2413.8,346744
2021-05-06 09:39:54,2412.45,346808
2021-05-06 09:39:55,2412.6,346818
2021-05-06 09:39:56,2412.6,346920
2021-05-06 09:39:57,2413.0,347179
2021-05-06 09:39:58,2413.55,347224
2021-05-06 09:39:59,2412.3,347324
2021-05-06 09:40:00,2412.45,347370
2021-05-06 09:40:01,2413.6,347382
2021-05-06 09:40:02,2414.05,347713
2021-05-06 09:40:03,2413.45,347968
2021-05-06 09:40:04,2413.35,348010
2021-05-06 09:40:05,2413.05,348090
2021-05-06 09:40:06,2413.45,348296
2021-05-06 09:40:06,2413.45,348296
2021-05-06 09:40:08,2413.1,348320
2021-05-06 09:40:09,2413.45,348450
2021-05-06 09:40:10,2413.45,348514
2021-05-06 09:40:11,2413.25,349516
2021-05-06 09:40:12,2413.25,349546
2021-05-06 09:40:13,2413.6,349854
2021-05-06 09:40:14,2413.1,350156
2021-05-06 09:40:15,2413.55,350176
2021-05-06 09:40:16,2413.3,350380
2021-05-06 09:40:17,2413.4,350450
2021-05-06 09:40:18,2413.6,350525
2021-05-06 09:40:19,2413.4,350553
2021-05-06 09:40:20,2413.4,350553
2021-05-06 09:40:21,2413.6,350554
2021-05-06 09:40:22,2413.4,350749
2021-05-06 09:40:23,2412.85,351565
2021-05-06 09:40:24,2413.0,351723
2021-05-06 09:40:25,2412.6,351833
2021-05-06 09:40:26,2412.6,351833
2021-05-06 09:40:27,2413.0,351885
2021-05-06 09:40:28,2412.6,352397
2021-05-06 09:40:29,2412.65,352834
2021-05-06 09:40:30,2412.8,352856
2021-05-06 09:40:31,2412.6,353323
2021-05-06 09:40:32,2412.8,353624
2021-05-06 09:40:33,2412.2,354096
2021-05-06 09:40:34,2412.3,354508
2021-05-06 09:40:35,2412.0,355412
2021-05-06 09:40:36,2411.3,356179
2021-05-06 09:40:37,2412.15,357149
2021-05-06 09:40:38,2412.1,357259
2021-05-06 09:40:39,2412.1,357795
2021-05-06 09:40:40,2412.35,357889
2021-05-06 09:40:41,2412.1,358204
2021-05-06 09:40:42,2411.05,359005
2021-05-06 09:40:44,2411.15,359405
2021-05-06 09:40:45,2411.7,359587
2021-05-06 09:40:46,2412.2,359602
2021-05-06 09:40:47,2411.75,359694
2021-05-06 09:40:48,2411.9,359896
2021-05-06 09:40:49,2411.5,360816
2021-05-06 09:40:50,2411.9,361104
2021-05-06 09:40:51,2411.95,361227
2021-05-06 09:40:52,2412.0,361467
2021-05-06 09:40:53,2412.15,361520
2021-05-06 09:40:54,2412.1,361664
2021-05-06 09:40:55,2412.5,361674
2021-05-06 09:40:56,2412.25,361774
2021-05-06 09:40:57,2412.35,362587
2021-05-06 09:40:58,2411.75,362848
2021-05-06 09:40:59,2411.75,362848
2021-05-06 09:41:00,2411.55,363506
2021-05-06 09:41:01,2411.55,363556
2021-05-06 09:41:02,2412.0,363606
2021-05-06 09:41:03,2411.95,363653
2021-05-06 09:41:04,2412.0,363704
2021-05-06 09:41:05,2412.1,364215
2021-05-06 09:41:06,2412.0,364250
2021-05-06 09:41:07,2412.0,364314
2021-05-06 09:41:08,2412.1,364327
2021-05-06 09:41:09,2412.0,364367
2021-05-06 09:41:10,2412.1,364596
2021-05-06 09:41:11,2412.05,364601
2021-05-06 09:41:12,2412.0,364908
2021-05-06 09:41:13,2412.25,365201
2021-05-06 09:41:14,2412.65,365777
2021-05-06 09:41:15,2412.5,365891
2021-05-06 09:41:16,2412.25,366892
2021-05-06 09:41:17,2413.45,368232
2021-05-06 09:41:18,2413.4,368293
2021-05-06 09:41:19,2413.4,368333
2021-05-06 09:41:20,2413.4,368342
2021-05-06 09:41:21,2413.4,368342
2021-05-06 09:41:22,2413.4,368342
2021-05-06 09:41:24,2413.95,368541
2021-05-06 09:41:25,2414.1,368969
2021-05-06 09:41:26,2414.1,368969
2021-05-06 09:41:27,2414.1,369339
2021-05-06 09:41:28,2414.1,369414
2021-05-06 09:41:29,2414.35,369579
2021-05-06 09:41:30,2414.45,369850
2021-05-06 09:41:31,2413.55,370856
2021-05-06 09:41:32,2414.3,370932
2021-05-06 09:41:34,2414.0,371013
2021-05-06 09:41:33,2414.0,371001
2021-05-06 09:41:35,2414.1,371184
2021-05-06 09:41:36,2414.0,371337
2021-05-06 09:41:37,2414.25,371620
2021-05-06 09:41:38,2414.05,371725
2021-05-06 09:41:39,2414.0,372270
2021-05-06 09:41:40,2414.1,372524
2021-05-06 09:41:41,2414.1,372524
2021-05-06 09:41:42,2413.7,373514
2021-05-06 09:41:43,2413.7,373524
2021-05-06 09:41:44,2413.7,373554
2021-05-06 09:41:45,2413.0,374593
2021-05-06 09:41:46,2413.6,374847
2021-05-06 09:41:47,2413.05,375063
2021-05-06 09:41:48,2413.35,375350
2021-05-06 09:41:49,2413.95,375415
2021-05-06 09:41:50,2413.9,375417
2021-05-06 09:41:51,2413.0,375727
2021-05-06 09:41:52,2413.7,376092
2021-05-06 09:41:53,2413.6,376138
2021-05-06 09:41:54,2413.9,376716
2021-05-06 09:41:55,2413.75,376870
2021-05-06 09:41:56,2413.9,376909
2021-05-06 09:41:57,2413.95,376918
2021-05-06 09:41:58,2413.95,377251
2021-05-06 09:41:59,2413.9,377419
2021-05-06 09:42:00,2412.4,378073
2021-05-06 09:42:01,2413.4,378243
2021-05-06 09:42:03,2413.35,378260
2021-05-06 09:42:04,2413.45,378611
2021-05-06 09:42:05,2413.45,378611
2021-05-06 09:42:06,2413.0,378986
2021-05-06 09:42:08,2412.5,379040
2021-05-06 09:42:07,2412.5,379040
2021-05-06 09:42:09,2413.0,379060
2021-05-06 09:42:10,2413.0,379183
2021-05-06 09:42:11,2412.6,379242
2021-05-06 09:42:12,2412.95,379590
2021-05-06 09:42:14,2413.4,379927
2021-05-06 09:42:15,2413.0,380017
2021-05-06 09:42:16,2413.3,380162
2021-05-06 09:42:17,2413.3,380199
2021-05-06 09:42:18,2413.35,380593
2021-05-06 09:42:19,2413.25,380597
2021-05-06 09:42:20,2413.1,381887
2021-05-06 09:42:21,2412.8,381960
2021-05-06 09:42:22,2413.0,382381
2021-05-06 09:42:23,2413.05,382447
2021-05-06 09:42:24,2412.95,382512
2021-05-06 09:42:25,2413.2,382586
2021-05-06 09:42:26,2413.4,382838
2021-05-06 09:42:27,2413.15,383150
2021-05-06 09:42:28,2413.15,383273
2021-05-06 09:42:30,2413.15,383323
2021-05-06 09:42:30,2413.85,383575
2021-05-06 09:42:31,2413.75,383937
2021-05-06 09:42:32,2413.25,384599
2021-05-06 09:42:33,2413.3,384679
2021-05-06 09:42:34,2413.6,384917
2021-05-06 09:42:35,2413.6,385006
2021-05-06 09:42:36,2413.45,385341
2021-05-06 09:42:38,2413.15,385982
2021-05-06 09:42:38,2413.15,385982
2021-05-06 09:42:39,2413.9,386002
2021-05-06 09:42:40,2414.0,386277
2021-05-06 09:42:41,2414.0,387336
2021-05-06 09:42:43,2413.65,387410
2021-05-06 09:42:43,2413.65,387410
2021-05-06 09:42:44,2414.0,387421
2021-05-06 09:42:45,2414.0,387584
2021-05-06 09:42:46,2413.95,387629
2021-05-06 09:42:47,2414.0,388244
2021-05-06 09:42:48,2414.0,388427
2021-05-06 09:42:49,2414.0,388489
2021-05-06 09:42:51,2413.95,388506
2021-05-06 09:42:51,2413.95,388506
2021-05-06 09:42:52,2414.0,388533
2021-05-06 09:42:53,2414.0,388682
2021-05-06 09:42:54,2414.7,390578
2021-05-06 09:42:55,2414.4,390884
2021-05-06 09:42:57,2415.0,392666
2021-05-06 09:42:57,2414.05,392744
2021-05-06 09:42:58,2415.0,393257
2021-05-06 09:42:59,2413.9,393391
2021-05-06 09:43:00,2414.75,394310
2021-05-06 09:43:01,2414.9,394356
2021-05-06 09:43:03,2414.75,394633
2021-05-06 09:43:03,2414.05,394573
2021-05-06 09:43:04,2414.25,394878
2021-05-06 09:43:05,2414.65,394908
2021-05-06 09:43:06,2414.5,395259
2021-05-06 09:43:07,2414.4,395430
2021-05-06 09:43:08,2414.75,395566
2021-05-06 09:43:09,2414.85,395690
2021-05-06 09:43:10,2414.85,395740
2021-05-06 09:43:12,2414.0,396394
2021-05-06 09:43:12,2414.0,396394
2021-05-06 09:43:13,2414.0,396625
2021-05-06 09:43:14,2414.0,396815
2021-05-06 09:43:16,2413.9,396959
2021-05-06 09:43:17,2413.9,397084
2021-05-06 09:43:18,2414.0,397187
2021-05-06 09:43:19,2413.15,397772
2021-05-06 09:43:21,2413.9,397985
2021-05-06 09:43:21,2413.9,397985
2021-05-06 09:43:22,2413.9,397985
2021-05-06 09:43:23,2413.5,398065
2021-05-06 09:43:24,2413.9,398086
2021-05-06 09:43:25,2413.9,398128
2021-05-06 09:43:27,2414.1,399462
2021-05-06 09:43:27,2413.05,398562
2021-05-06 09:43:28,2413.2,399540
2021-05-06 09:43:29,2413.9,399726
2021-05-06 09:43:30,2413.85,399796
2021-05-06 09:43:31,2413.85,399799
2021-05-06 09:43:32,2413.85,399941
2021-05-06 09:43:35,2413.7,400785
2021-05-06 09:43:35,2413.7,400785
2021-05-06 09:43:36,2413.5,400800
2021-05-06 09:43:37,2413.15,400857
2021-05-06 09:43:38,2413.6,401008
2021-05-06 09:43:39,2413.1,401073
2021-05-06 09:43:40,2413.7,401153
2021-05-06 09:43:41,2412.5,401353
2021-05-06 09:43:43,2413.55,401519
2021-05-06 09:43:43,2413.55,401519
2021-05-06 09:43:44,2413.6,401755
2021-05-06 09:43:45,2413.3,401857
2021-05-06 09:43:46,2413.0,401907
2021-05-06 09:43:47,2413.3,402024
2021-05-06 09:43:48,2413.15,402028
2021-05-06 09:43:49,2413.15,402158
2021-05-06 09:43:51,2413.05,402760
2021-05-06 09:43:51,2412.5,403060
2021-05-06 09:43:52,2413.35,403100
2021-05-06 09:43:53,2413.45,403216
2021-05-06 09:43:54,2413.45,403216
2021-05-06 09:43:55,2413.45,403216
2021-05-06 09:43:56,2413.4,403522
2021-05-06 09:43:57,2413.3,403666
2021-05-06 09:43:58,2413.3,403666
2021-05-06 09:44:00,2413.3,403735
2021-05-06 09:44:00,2413.3,403735
2021-05-06 09:44:01,2411.05,404278
2021-05-06 09:44:02,2412.2,404481
2021-05-06 09:44:03,2412.1,404589
2021-05-06 09:44:04,2411.0,404955
2021-05-06 09:44:06,2411.0,405135
2021-05-06 09:44:07,2411.65,405286
2021-05-06 09:44:08,2410.25,405440
2021-05-06 09:44:09,2411.0,405523
2021-05-06 09:44:10,2411.0,405664
2021-05-06 09:44:11,2410.3,405852
2021-05-06 09:44:12,2410.05,406207
2021-05-06 09:44:14,2410.95,406232
2021-05-06 09:44:15,2409.7,406986
2021-05-06 09:44:15,2409.9,406988
2021-05-06 09:44:16,2409.5,407209
2021-05-06 09:44:17,2410.5,407278
2021-05-06 09:44:18,2409.6,407341
2021-05-06 09:44:19,2409.6,407343
2021-05-06 09:44:20,2410.4,407345
2021-05-06 09:44:21,2409.2,407962
2021-05-06 09:44:22,2409.25,408016
2021-05-06 09:44:23,2409.95,408070
2021-05-06 09:44:25,2408.8,408230
2021-05-06 09:44:26,2409.65,409351
2021-05-06 09:44:26,2409.8,409451
2021-05-06 09:44:27,2410.9,409524
2021-05-06 09:44:28,2410.0,409583
2021-05-06 09:44:29,2409.65,409691
2021-05-06 09:44:31,2409.65,409711
2021-05-06 09:44:32,2409.65,409759
2021-05-06 09:44:33,2409.65,409866
2021-05-06 09:44:34,2410.0,409876
2021-05-06 09:44:34,2410.0,409890
2021-05-06 09:44:35,2410.0,409910
2021-05-06 09:44:36,2409.2,409926
2021-05-06 09:44:37,2410.0,411360
2021-05-06 09:44:38,2409.65,411362
2021-05-06 09:44:39,2409.3,411440
2021-05-06 09:44:40,2409.3,411535
2021-05-06 09:44:41,2409.3,411605
2021-05-06 09:44:43,2409.65,411641
2021-05-06 09:44:44,2409.65,411676
2021-05-06 09:44:46,2409.65,411702
2021-05-06 09:44:46,2409.65,411702
2021-05-06 09:44:48,2409.55,411760
2021-05-06 09:44:49,2409.55,411776
2021-05-06 09:44:50,2409.65,411788
2021-05-06 09:44:51,2409.65,411788
2021-05-06 09:44:52,2409.6,411982
2021-05-06 09:44:53,2409.65,412214
2021-05-06 09:44:55,2409.6,412314
2021-05-06 09:44:56,2409.45,412482
2021-05-06 09:44:56,2409.3,412432
2021-05-06 09:44:57,2409.0,412578
2021-05-06 09:44:58,2409.55,412603
2021-05-06 09:44:59,2408.4,413332
2021-05-06 09:45:00,2409.05,413442
2021-05-06 09:45:01,2409.05,413442
2021-05-06 09:45:02,2409.3,413488
2021-05-06 09:45:03,2409.25,413628
2021-05-06 09:45:04,2409.0,413836
2021-05-06 09:45:05,2409.2,414070
2021-05-06 09:45:06,2409.3,414112
2021-05-06 09:45:07,2409.3,414112
2021-05-06 09:45:08,2408.5,414339
2021-05-06 09:45:09,2409.0,414399
2021-05-06 09:45:10,2409.3,414504
2021-05-06 09:45:12,2409.3,414524
2021-05-06 09:45:13,2408.5,414567
2021-05-06 09:45:14,2409.0,414669
2021-05-06 09:45:15,2408.15,414672
2021-05-06 09:45:16,2409.0,414684
2021-05-06 09:45:17,2409.0,414724
2021-05-06 09:45:18,2408.5,414814
2021-05-06 09:45:19,2408.25,414924
2021-05-06 09:45:20,2408.25,414924
2021-05-06 09:45:21,2408.15,415124
2021-05-06 09:45:22,2409.0,415733
2021-05-06 09:45:23,2409.0,415748
2021-05-06 09:45:24,2409.0,416159
2021-05-06 09:45:25,2408.85,416197
2021-05-06 09:45:26,2409.0,416320
2021-05-06 09:45:27,2409.0,416340
2021-05-06 09:45:28,2408.5,416345
2021-05-06 09:45:29,2409.3,417145
2021-05-06 09:45:30,2409.0,417448
2021-05-06 09:45:32,2409.15,417633
2021-05-06 09:45:33,2409.15,417674
2021-05-06 09:45:33,2409.15,417674
2021-05-06 09:45:34,2410.0,417726
2021-05-06 09:45:35,2410.0,417726
2021-05-06 09:45:36,2410.0,417727
2021-05-06 09:45:37,2410.0,417789
2021-05-06 09:45:38,2410.0,417823
2021-05-06 09:45:39,2410.0,417823
2021-05-06 09:45:40,2409.95,417875
2021-05-06 09:45:41,2410.0,418185
2021-05-06 09:45:42,2409.95,418257
2021-05-06 09:45:43,2410.0,418540
2021-05-06 09:45:44,2410.55,418550
2021-05-06 09:45:45,2411.3,419050
2021-05-06 09:45:46,2411.9,419070
2021-05-06 09:45:47,2411.0,419105
2021-05-06 09:45:48,2411.8,419135
2021-05-06 09:45:49,2411.85,419236
2021-05-06 09:45:50,2411.9,419292
2021-05-06 09:45:51,2411.9,419292
2021-05-06 09:45:53,2411.85,419613
2021-05-06 09:45:54,2412.1,419704
2021-05-06 09:45:56,2411.95,419924
2021-05-06 09:45:57,2411.95,419924
2021-05-06 09:45:57,2412.1,419944
2021-05-06 09:45:58,2411.85,420094
2021-05-06 09:45:59,2411.9,420196
2021-05-06 09:46:00,2412.4,420273
2021-05-06 09:46:01,2412.15,420291
2021-05-06 09:46:02,2412.65,420345
2021-05-06 09:46:03,2412.15,420347
2021-05-06 09:46:04,2412.2,420406
2021-05-06 09:46:05,2412.7,420700
2021-05-06 09:46:07,2412.7,420720
2021-05-06 09:46:07,2412.1,420730
2021-05-06 09:46:08,2412.7,420732
2021-05-06 09:46:09,2412.2,420744
2021-05-06 09:46:10,2412.85,420854
2021-05-06 09:46:11,2412.9,420993
2021-05-06 09:46:12,2413.35,421246
2021-05-06 09:46:13,2413.4,421363
2021-05-06 09:46:14,2413.65,421413
2021-05-06 09:46:15,2413.35,421731
2021-05-06 09:46:17,2413.65,421933
2021-05-06 09:46:18,2413.75,421943
2021-05-06 09:46:21,2413.45,422153
2021-05-06 09:46:22,2413.45,422406
2021-05-06 09:46:23,2413.45,422466
2021-05-06 09:46:24,2413.05,422527
2021-05-06 09:46:25,2413.05,422529
2021-05-06 09:46:26,2413.0,422588
2021-05-06 09:46:27,2413.0,422623
2021-05-06 09:46:28,2413.0,422623
2021-05-06 09:46:29,2413.65,422758
2021-05-06 09:46:30,2413.0,422774
2021-05-06 09:46:31,2413.4,422869
2021-05-06 09:46:32,2413.9,423383
2021-05-06 09:46:33,2413.9,423384
2021-05-06 09:46:34,2413.4,423385
2021-05-06 09:46:34,2414.0,423585
2021-05-06 09:46:35,2413.5,423586
2021-05-06 09:46:36,2413.6,423591
2021-05-06 09:46:37,2414.5,425153
2021-05-06 09:46:39,2414.5,425223
2021-05-06 09:46:40,2414.0,425864
2021-05-06 09:46:40,2414.0,425864
2021-05-06 09:46:41,2414.5,425905
2021-05-06 09:46:42,2414.5,425915
2021-05-06 09:46:43,2414.5,426103
2021-05-06 09:46:44,2414.15,426472
2021-05-06 09:46:45,2412.75,427902
2021-05-06 09:46:46,2413.65,428204
2021-05-06 09:46:47,2413.85,428293
2021-05-06 09:46:49,2414.15,428768
2021-05-06 09:46:50,2414.15,431025
2021-05-06 09:46:51,2414.4,431744
2021-05-06 09:46:52,2414.45,432125
2021-05-06 09:46:53,2415.0,432502
2021-05-06 09:46:54,2414.95,432791
2021-05-06 09:46:55,2414.95,433320
2021-05-06 09:46:56,2415.0,433565
2021-05-06 09:46:57,2415.0,434002
2021-05-06 09:46:58,2415.0,434855
2021-05-06 09:46:59,2414.0,435605
2021-05-06 09:47:00,2414.0,436120
2021-05-06 09:47:01,2414.0,436465
2021-05-06 09:47:01,2414.0,436648
2021-05-06 09:47:02,2414.0,436870
2021-05-06 09:47:03,2414.0,437803
2021-05-06 09:47:04,2414.0,438174
2021-05-06 09:47:06,2414.0,438430
2021-05-06 09:47:07,2414.0,438675
2021-05-06 09:47:08,2413.95,438890
2021-05-06 09:47:10,2413.85,438989
2021-05-06 09:47:11,2413.85,439072
2021-05-06 09:47:12,2413.85,439118
2021-05-06 09:47:13,2413.0,439361
2021-05-06 09:47:14,2413.4,439999
2021-05-06 09:47:15,2413.6,440100
2021-05-06 09:47:16,2413.6,440166
2021-05-06 09:47:16,2413.6,440166
2021-05-06 09:47:17,2413.65,440328
2021-05-06 09:47:18,2413.0,440508
2021-05-06 09:47:19,2412.9,440620
2021-05-06 09:47:20,2412.2,440980
2021-05-06 09:47:21,2413.0,441088
2021-05-06 09:47:23,2413.0,441450
2021-05-06 09:47:23,2413.0,441497
2021-05-06 09:47:24,2413.8,441740
2021-05-06 09:47:25,2413.8,441740
2021-05-06 09:47:26,2413.9,442106
2021-05-06 09:47:27,2413.6,442296
2021-05-06 09:47:28,2414.0,442388
2021-05-06 09:47:29,2414.0,442389
2021-05-06 09:47:30,2414.0,442479
2021-05-06 09:47:31,2414.0,442479
2021-05-06 09:47:32,2413.95,442572
2021-05-06 09:47:33,2413.4,442775
2021-05-06 09:47:34,2413.4,442891
2021-05-06 09:47:35,2413.4,442901
2021-05-06 09:47:36,2413.4,443057
2021-05-06 09:47:37,2413.9,443422
2021-05-06 09:47:38,2413.55,443432
2021-05-06 09:47:39,2413.55,443457
2021-05-06 09:47:40,2413.75,443577
2021-05-06 09:47:41,2413.75,444083
2021-05-06 09:47:43,2413.6,444411
2021-05-06 09:47:44,2413.55,444769
2021-05-06 09:47:45,2413.35,445268
2021-05-06 09:47:46,2413.25,445332
2021-05-06 09:47:47,2413.4,445613
2021-05-06 09:47:48,2413.5,445616
2021-05-06 09:47:49,2413.5,445829
2021-05-06 09:47:50,2413.0,446565
2021-05-06 09:47:51,2413.8,447044
2021-05-06 09:47:51,2413.0,447495
2021-05-06 09:47:53,2413.65,447995
2021-05-06 09:47:54,2413.3,448616
2021-05-06 09:47:55,2413.5,448875
2021-05-06 09:47:56,2413.7,449462
2021-05-06 09:47:57,2414.0,449626
2021-05-06 09:47:58,2413.9,450057
2021-05-06 09:47:59,2414.0,450279
2021-05-06 09:48:00,2414.0,450320
2021-05-06 09:48:01,2414.0,450370
2021-05-06 09:48:02,2414.0,450479
2021-05-06 09:48:04,2413.95,450686
2021-05-06 09:48:05,2413.9,450710
2021-05-06 09:48:06,2412.65,451455
2021-05-06 09:48:07,2413.05,451590
2021-05-06 09:48:10,2412.65,453819
2021-05-06 09:48:12,2412.7,453912
2021-05-06 09:48:13,2413.1,453965
2021-05-06 09:48:14,2413.2,454065
2021-05-06 09:48:15,2413.2,454065
2021-05-06 09:48:17,2413.2,454080
2021-05-06 09:48:18,2413.2,454113
2021-05-06 09:48:19,2412.7,455028
2021-05-06 09:48:20,2412.7,455380
2021-05-06 09:48:22,2413.0,455386
2021-05-06 09:48:23,2413.0,455589
2021-05-06 09:48:24,2413.2,455711
2021-05-06 09:48:24,2412.95,455747
2021-05-06 09:48:25,2413.1,455777
2021-05-06 09:48:26,2413.0,455837
2021-05-06 09:48:27,2413.0,456019
2021-05-06 09:48:28,2413.05,456223
2021-05-06 09:48:30,2413.25,456225
2021-05-06 09:48:31,2413.15,456792
2021-05-06 09:48:32,2413.05,457344
2021-05-06 09:48:33,2413.35,457348
2021-05-06 09:48:34,2413.4,457518
2021-05-06 09:48:35,2413.85,457853
2021-05-06 09:48:36,2413.65,457999
2021-05-06 09:48:36,2413.65,457999
2021-05-06 09:48:37,2413.75,458010
2021-05-06 09:48:39,2413.75,458010
2021-05-06 09:48:39,2413.9,458031
2021-05-06 09:48:40,2413.95,458804
2021-05-06 09:48:42,2414.0,459033
2021-05-06 09:48:44,2413.85,459096
2021-05-06 09:48:46,2414.0,459696
2021-05-06 09:48:47,2414.0,459697
2021-05-06 09:48:47,2414.0,459800
2021-05-06 09:48:48,2413.5,460644
2021-05-06 09:48:49,2413.9,460854
2021-05-06 09:48:51,2413.9,460958
2021-05-06 09:48:52,2413.55,461036
2021-05-06 09:48:53,2413.9,461096
2021-05-06 09:48:54,2413.9,461127
2021-05-06 09:48:55,2413.85,461277
2021-05-06 09:48:56,2413.85,461292
2021-05-06 09:48:56,2413.85,461313
2021-05-06 09:48:57,2413.85,461442
2021-05-06 09:48:59,2413.85,461445
2021-05-06 09:49:00,2413.65,461451
2021-05-06 09:49:01,2413.85,461456
2021-05-06 09:49:01,2413.85,461456
2021-05-06 09:49:02,2413.8,461458
2021-05-06 09:49:03,2413.8,461458
2021-05-06 09:49:04,2413.8,461507
2021-05-06 09:49:05,2413.75,461779
2021-05-06 09:49:06,2413.75,462102
2021-05-06 09:49:07,2413.75,462113
2021-05-06 09:49:09,2413.85,462655
2021-05-06 09:49:10,2413.8,462721
2021-05-06 09:49:10,2413.8,462731
2021-05-06 09:49:11,2413.75,463214
2021-05-06 09:49:12,2413.7,463378
2021-05-06 09:49:14,2413.5,463513
2021-05-06 09:49:14,2413.5,463513
2021-05-06 09:49:16,2413.75,463608
2021-05-06 09:49:17,2413.8,463644
2021-05-06 09:49:18,2413.8,463646
2021-05-06 09:49:19,2413.8,463703
2021-05-06 09:49:20,2413.8,463703
2021-05-06 09:49:21,2413.8,463703
2021-05-06 09:49:21,2413.8,463703
2021-05-06 09:49:22,2413.95,464560
2021-05-06 09:49:23,2414.0,466200
2021-05-06 09:49:25,2413.9,466454
2021-05-06 09:49:25,2414.0,466602
2021-05-06 09:49:26,2413.95,466727
2021-05-06 09:49:28,2414.0,466914
2021-05-06 09:49:29,2413.8,467036
2021-05-06 09:49:30,2413.8,467300
2021-05-06 09:49:31,2413.8,467304
2021-05-06 09:49:31,2413.8,467349
2021-05-06 09:49:32,2413.8,467526
2021-05-06 09:49:34,2413.8,467695
2021-05-06 09:49:35,2413.8,467695
2021-05-06 09:49:36,2413.5,468264
2021-05-06 09:49:36,2412.9,468755
2021-05-06 09:49:37,2412.65,469124
2021-05-06 09:49:38,2412.5,469125
2021-05-06 09:49:39,2412.1,469238
2021-05-06 09:49:40,2412.1,469238
2021-05-06 09:49:41,2412.1,469238
2021-05-06 09:49:43,2412.9,469538
2021-05-06 09:49:44,2412.8,469748
2021-05-06 09:49:45,2412.7,470178
2021-05-06 09:49:46,2412.1,470315
2021-05-06 09:49:47,2412.45,470648
2021-05-06 09:49:48,2412.2,470779
2021-05-06 09:49:49,2412.1,470945
2021-05-06 09:49:50,2412.1,470955
2021-05-06 09:49:51,2412.1,470955
2021-05-06 09:49:52,2412.1,470955
2021-05-06 09:49:53,2411.05,471198
2021-05-06 09:49:54,2411.85,471223
2021-05-06 09:49:55,2410.05,471783
2021-05-06 09:49:56,2411.65,471808
2021-05-06 09:49:56,2411.7,471863
2021-05-06 09:49:57,2411.65,471873
2021-05-06 09:49:59,2410.65,471981
2021-05-06 09:49:59,2410.45,472294
2021-05-06 09:50:00,2410.9,472335
2021-05-06 09:50:01,2411.1,472365
2021-05-06 09:50:02,2410.7,472415
2021-05-06 09:50:03,2410.7,472416
2021-05-06 09:50:04,2410.7,472430
2021-05-06 09:50:05,2411.0,473192
2021-05-06 09:50:07,2410.8,473457
2021-05-06 09:50:08,2410.8,473457
2021-05-06 09:50:09,2410.8,473460
2021-05-06 09:50:10,2410.8,473477
2021-05-06 09:50:11,2410.9,473780
2021-05-06 09:50:12,2410.2,473965
2021-05-06 09:50:13,2410.9,474166
2021-05-06 09:50:14,2411.0,474746
2021-05-06 09:50:15,2410.85,474802
2021-05-06 09:50:16,2411.0,474936
2021-05-06 09:50:17,2411.0,475119
2021-05-06 09:50:17,2411.0,475121
2021-05-06 09:50:18,2411.0,475165
2021-05-06 09:50:19,2410.9,475185
2021-05-06 09:50:20,2411.0,475230
2021-05-06 09:50:21,2411.0,475409
2021-05-06 09:50:22,2410.9,475730
2021-05-06 09:50:23,2410.95,475732
2021-05-06 09:50:24,2410.95,475732
2021-05-06 09:50:25,2410.95,475747
2021-05-06 09:50:27,2410.9,475763
2021-05-06 09:50:28,2411.0,475941
2021-05-06 09:50:29,2410.95,475946
2021-05-06 09:50:30,2411.3,476115
2021-05-06 09:50:31,2411.3,476306
2021-05-06 09:50:32,2411.3,476306
2021-05-06 09:50:33,2412.1,476503
2021-05-06 09:50:33,2411.6,476828
2021-05-06 09:50:34,2411.8,476869
2021-05-06 09:50:35,2411.6,477015
2021-05-06 09:50:36,2411.65,477016
2021-05-06 09:50:37,2412.85,477093
2021-05-06 09:50:39,2412.8,477113
2021-05-06 09:50:39,2411.8,477138
2021-05-06 09:50:40,2412.9,477288
2021-05-06 09:50:41,2412.9,477288
2021-05-06 09:50:42,2412.6,477319
2021-05-06 09:50:43,2412.6,477319
2021-05-06 09:50:44,2413.2,477335
2021-05-06 09:50:45,2413.7,477385
2021-05-06 09:50:46,2413.75,477752
2021-05-06 09:50:48,2414.0,479072
2021-05-06 09:50:49,2414.0,479127
2021-05-06 09:50:50,2412.95,479358
2021-05-06 09:50:51,2412.0,479731
2021-05-06 09:50:52,2412.05,480084
2021-05-06 09:50:53,2412.05,480084
2021-05-06 09:50:54,2412.25,480184
2021-05-06 09:50:55,2412.25,480184
2021-05-06 09:50:56,2412.25,480185
2021-05-06 09:50:57,2412.25,480185
2021-05-06 09:50:58,2412.0,480235
2021-05-06 09:50:59,2413.0,480892
2021-05-06 09:51:00,2413.05,480992
2021-05-06 09:51:01,2413.0,481977
2021-05-06 09:51:02,2413.05,481980
2021-05-06 09:51:03,2413.0,482080
2021-05-06 09:51:04,2413.55,482115
2021-05-06 09:51:05,2413.2,482279
2021-05-06 09:51:06,2413.1,482473
2021-05-06 09:51:07,2413.1,482473
2021-05-06 09:51:08,2413.1,482483
2021-05-06 09:51:09,2413.4,482567
2021-05-06 09:51:10,2413.1,482732
2021-05-06 09:51:11,2413.4,482747
2021-05-06 09:51:12,2413.2,482751
2021-05-06 09:51:13,2412.7,483446
2021-05-06 09:51:14,2412.7,483466
2021-05-06 09:51:15,2412.7,483466
2021-05-06 09:51:16,2412.7,483466
2021-05-06 09:51:17,2411.8,483955
2021-05-06 09:51:18,2412.75,484002
2021-05-06 09:51:19,2413.0,484203
2021-05-06 09:51:20,2412.95,484227
2021-05-06 09:51:21,2413.0,484316
2021-05-06 09:51:22,2411.65,484857
2021-05-06 09:51:23,2411.55,484892
2021-05-06 09:51:24,2411.65,484916
2021-05-06 09:51:25,2412.0,484936
2021-05-06 09:51:26,2411.45,484986
2021-05-06 09:51:27,2411.45,484986
2021-05-06 09:51:28,2412.0,485103
2021-05-06 09:51:29,2411.3,485113
2021-05-06 09:51:31,2412.0,485193
2021-05-06 09:51:32,2412.1,485494
2021-05-06 09:51:33,2412.1,485494
2021-05-06 09:51:34,2412.0,485514
2021-05-06 09:51:35,2412.0,485514
2021-05-06 09:51:36,2411.35,485515
2021-05-06 09:51:37,2412.0,485525
2021-05-06 09:51:39,2412.0,485676
2021-05-06 09:51:40,2412.0,485676
2021-05-06 09:51:41,2411.4,485696
2021-05-06 09:51:42,2411.4,485696
2021-05-06 09:51:43,2411.4,485696
2021-05-06 09:51:44,2412.0,487204
2021-05-06 09:51:45,2412.0,487204
2021-05-06 09:51:46,2412.0,487206
2021-05-06 09:51:47,2412.0,487243
2021-05-06 09:51:48,2411.65,487407
2021-05-06 09:51:49,2411.45,487411
2021-05-06 09:51:50,2411.1,487934
2021-05-06 09:51:51,2410.3,488242
2021-05-06 09:51:52,2410.9,488248
2021-05-06 09:51:53,2410.4,489440
2021-05-06 09:51:54,2410.6,489464
2021-05-06 09:51:55,2410.6,489464
2021-05-06 09:51:56,2408.0,490629
2021-05-06 09:51:57,2408.95,490677
2021-05-06 09:51:58,2408.15,491528
2021-05-06 09:51:59,2409.4,491596
2021-05-06 09:52:00,2409.35,491643
2021-05-06 09:52:01,2409.35,491652
2021-05-06 09:52:02,2409.35,491903
2021-05-06 09:52:03,2409.55,491926
2021-05-06 09:52:04,2409.6,491937
2021-05-06 09:52:05,2409.0,491947
2021-05-06 09:52:06,2409.9,491954
2021-05-06 09:52:07,2409.0,491990
2021-05-06 09:52:08,2409.6,491991
2021-05-06 09:52:09,2409.0,492046
2021-05-06 09:52:11,2409.1,492087
2021-05-06 09:52:12,2409.8,492090
2021-05-06 09:52:13,2409.8,492090
2021-05-06 09:52:14,2409.0,492391
2021-05-06 09:52:15,2409.1,492436
2021-05-06 09:52:16,2409.75,492506
2021-05-06 09:52:17,2409.0,492618
2021-05-06 09:52:18,2409.75,492656
2021-05-06 09:52:19,2409.8,492707
2021-05-06 09:52:20,2409.8,492744
2021-05-06 09:52:21,2409.8,492744
2021-05-06 09:52:22,2409.9,492816
2021-05-06 09:52:23,2409.9,492886
2021-05-06 09:52:24,2409.9,492887
2021-05-06 09:52:25,2409.9,492915
2021-05-06 09:52:26,2409.9,492917
2021-05-06 09:52:27,2409.9,492917
2021-05-06 09:52:28,2409.8,492922
2021-05-06 09:52:29,2409.9,492924
2021-05-06 09:52:30,2409.9,492960
2021-05-06 09:52:31,2409.8,492995
2021-05-06 09:52:32,2409.9,492997
2021-05-06 09:52:33,2409.9,492997
2021-05-06 09:52:34,2409.9,493022
2021-05-06 09:52:35,2409.9,493029
2021-05-06 09:52:36,2409.0,494551
2021-05-06 09:52:37,2409.0,494551
2021-05-06 09:52:38,2409.0,494563
2021-05-06 09:52:40,2409.0,494570
2021-05-06 09:52:41,2409.0,494570
2021-05-06 09:52:42,2408.95,494571
2021-05-06 09:52:43,2408.95,494855
2021-05-06 09:52:44,2408.95,494856
2021-05-06 09:52:45,2408.95,494956
2021-05-06 09:52:46,2408.35,495051
2021-05-06 09:52:47,2408.4,495066
2021-05-06 09:52:48,2408.95,495067
2021-05-06 09:52:49,2408.95,495067
2021-05-06 09:52:51,2408.8,495144
2021-05-06 09:52:50,2408.8,495144
2021-05-06 09:52:52,2409.0,495145
2021-05-06 09:52:53,2409.0,495173
2021-05-06 09:52:54,2409.0,495224
2021-05-06 09:52:55,2409.0,495237
2021-05-06 09:52:56,2409.0,495260
2021-05-06 09:52:57,2408.25,495350
2021-05-06 09:52:58,2408.3,495397
2021-05-06 09:52:59,2408.3,495398
2021-05-06 09:53:00,2409.0,495500
2021-05-06 09:53:01,2408.15,495550
2021-05-06 09:53:02,2408.8,495551
2021-05-06 09:53:03,2408.8,495551
2021-05-06 09:53:04,2408.8,495552
2021-05-06 09:53:05,2408.4,495600
2021-05-06 09:53:06,2408.8,495601
2021-05-06 09:53:08,2408.8,495601
2021-05-06 09:53:09,2408.4,495636
2021-05-06 09:53:10,2408.0,495896
2021-05-06 09:53:11,2408.4,495942
2021-05-06 09:53:11,2408.4,495943
2021-05-06 09:53:12,2408.4,496065
2021-05-06 09:53:13,2408.0,496203
2021-05-06 09:53:14,2408.8,496231
2021-05-06 09:53:15,2408.0,496481
2021-05-06 09:53:16,2408.8,496493
2021-05-06 09:53:17,2408.4,496503
2021-05-06 09:53:18,2408.4,496594
2021-05-06 09:53:19,2408.0,496767
2021-05-06 09:53:20,2408.0,496868
2021-05-06 09:53:21,2408.4,496893
2021-05-06 09:53:22,2408.0,496904
2021-05-06 09:53:23,2408.0,496949
2021-05-06 09:53:24,2408.0,497550
2021-05-06 09:53:26,2408.4,497659
2021-05-06 09:53:27,2408.7,497910
2021-05-06 09:53:27,2408.7,497910
2021-05-06 09:53:28,2408.0,498055
2021-05-06 09:53:29,2408.8,498057
2021-05-06 09:53:30,2408.8,498058
2021-05-06 09:53:31,2408.05,498173
2021-05-06 09:53:32,2408.0,499365
2021-05-06 09:53:34,2407.85,499448
2021-05-06 09:53:35,2407.95,499540
2021-05-06 09:53:35,2407.95,499540
2021-05-06 09:53:36,2406.9,500261
2021-05-06 09:53:37,2406.75,501511
2021-05-06 09:53:38,2406.45,501635
2021-05-06 09:53:39,2406.45,501635
2021-05-06 09:53:41,2406.45,501637
2021-05-06 09:53:41,2406.45,501766
2021-05-06 09:53:43,2406.85,501767
2021-05-06 09:53:43,2406.85,501767
2021-05-06 09:53:44,2406.7,501883
2021-05-06 09:53:45,2405.55,501915
2021-05-06 09:53:46,2406.65,501917
2021-05-06 09:53:47,2406.95,501997
2021-05-06 09:53:48,2406.9,502015
2021-05-06 09:53:49,2405.85,502027
2021-05-06 09:53:50,2406.8,502068
2021-05-06 09:53:51,2406.8,502068
2021-05-06 09:53:53,2406.8,502121
2021-05-06 09:53:53,2406.8,502131
2021-05-06 09:53:54,2405.65,502257
2021-05-06 09:53:55,2405.5,502308
2021-05-06 09:53:56,2406.75,502384
2021-05-06 09:53:57,2404.2,509387
2021-05-06 09:53:59,2406.05,509512
2021-05-06 09:54:00,2406.55,509590
2021-05-06 09:54:00,2405.95,509589
2021-05-06 09:54:01,2406.75,509782
2021-05-06 09:54:03,2406.75,509964
2021-05-06 09:54:04,2406.75,509982
2021-05-06 09:54:05,2406.0,510092
2021-05-06 09:54:07,2406.75,510330
2021-05-06 09:54:08,2406.75,510433
2021-05-06 09:54:10,2406.75,510552
2021-05-06 09:54:11,2406.25,510592
2021-05-06 09:54:12,2405.9,510825
2021-05-06 09:54:14,2407.15,512003
2021-05-06 09:54:14,2407.2,512005
2021-05-06 09:54:16,2407.2,512126
2021-05-06 09:54:16,2406.15,512125
2021-05-06 09:54:17,2406.9,512141
2021-05-06 09:54:18,2406.9,512147
2021-05-06 09:54:19,2406.9,512176
2021-05-06 09:54:21,2407.2,512192
2021-05-06 09:54:21,2407.2,512192
2021-05-06 09:54:22,2408.0,512489
2021-05-06 09:54:23,2407.0,512492
2021-05-06 09:54:24,2408.0,512525
2021-05-06 09:54:26,2407.9,512575
2021-05-06 09:54:27,2407.9,512575
2021-05-06 09:54:28,2407.9,512575
2021-05-06 09:54:29,2407.8,512576
2021-05-06 09:54:30,2407.8,512745
2021-05-06 09:54:31,2407.05,512752
2021-05-06 09:54:32,2407.05,512760
2021-05-06 09:54:33,2407.8,512765
2021-05-06 09:54:34,2407.8,512766
2021-05-06 09:54:35,2407.8,512767
2021-05-06 09:54:37,2407.8,512783
2021-05-06 09:54:38,2407.8,512783
2021-05-06 09:54:40,2407.1,513228
2021-05-06 09:54:41,2407.1,513228
2021-05-06 09:54:43,2407.45,513472
2021-05-06 09:54:45,2407.5,513484
2021-05-06 09:54:46,2407.1,513486
2021-05-06 09:54:46,2407.1,513486
2021-05-06 09:54:47,2407.45,513487
2021-05-06 09:54:48,2406.9,513548
2021-05-06 09:54:49,2406.9,513548
2021-05-06 09:54:50,2407.0,513549
2021-05-06 09:54:52,2406.9,513565
2021-05-06 09:54:53,2407.0,513888
2021-05-06 09:54:54,2407.4,514334
2021-05-06 09:54:55,2407.4,514434
2021-05-06 09:54:56,2407.4,514446
2021-05-06 09:54:57,2407.4,514473
2021-05-06 09:55:00,2407.0,515103
2021-05-06 09:55:00,2407.0,515103
2021-05-06 09:55:01,2406.5,515311
2021-05-06 09:55:02,2405.4,515418
2021-05-06 09:55:03,2405.4,515418
2021-05-06 09:55:05,2405.95,515449
2021-05-06 09:55:06,2405.55,515474
2021-05-06 09:55:06,2405.55,515474
2021-05-06 09:55:07,2405.55,515474
2021-05-06 09:55:09,2406.55,515529
2021-05-06 09:55:10,2405.45,515629
2021-05-06 09:55:11,2406.6,515679
2021-05-06 09:55:12,2406.6,515679
2021-05-06 09:55:13,2406.6,515700
2021-05-06 09:55:14,2405.6,515790
2021-05-06 09:55:15,2406.6,515828
2021-05-06 09:55:16,2406.15,515933
2021-05-06 09:55:17,2407.0,515958
2021-05-06 09:55:18,2407.0,515958
2021-05-06 09:55:20,2407.0,515958
2021-05-06 09:55:21,2407.0,516058
2021-05-06 09:55:22,2406.2,516458
2021-05-06 09:55:23,2406.0,516559
2021-05-06 09:55:24,2407.0,516579
2021-05-06 09:55:24,2407.0,516579
2021-05-06 09:55:25,2407.0,516579
2021-05-06 09:55:26,2407.5,518127
2021-05-06 09:55:28,2407.0,518152
2021-05-06 09:55:30,2407.0,518175
2021-05-06 09:55:31,2407.0,518175
2021-05-06 09:55:32,2407.0,518175
2021-05-06 09:55:33,2407.0,518176
2021-05-06 09:55:33,2407.0,518176
2021-05-06 09:55:34,2407.7,518687
2021-05-06 09:55:35,2407.15,518690
2021-05-06 09:55:36,2407.7,518709
2021-05-06 09:55:37,2407.8,523845
2021-05-06 09:55:38,2407.0,524345
2021-05-06 09:55:39,2407.75,524355
2021-05-06 09:55:40,2407.95,524496
2021-05-06 09:55:41,2408.4,525117
2021-05-06 09:55:42,2408.4,525117
2021-05-06 09:55:43,2408.4,525117
2021-05-06 09:55:44,2408.05,525130
2021-05-06 09:55:45,2408.45,525131
2021-05-06 09:55:47,2408.5,525141
2021-05-06 09:55:48,2408.45,525171
2021-05-06 09:55:49,2408.5,525441
2021-05-06 09:55:50,2408.5,525441
2021-05-06 09:55:50,2408.5,525441
2021-05-06 09:55:51,2407.85,525522
2021-05-06 09:55:52,2407.85,525522
2021-05-06 09:55:53,2407.8,525575
2021-05-06 09:55:54,2407.8,525625
2021-05-06 09:55:55,2407.75,525626
2021-05-06 09:55:56,2407.8,525633
2021-05-06 09:55:57,2407.8,525643
2021-05-06 09:55:58,2407.75,526458
2021-05-06 09:55:59,2407.8,526468
2021-05-06 09:56:00,2407.8,526468
2021-05-06 09:56:01,2407.8,526478
2021-05-06 09:56:03,2407.8,526479
2021-05-06 09:56:04,2407.8,526549
2021-05-06 09:56:05,2407.8,526549
2021-05-06 09:56:07,2407.75,526561
2021-05-06 09:56:08,2407.35,526600
2021-05-06 09:56:09,2407.35,526600
2021-05-06 09:56:10,2407.25,526605
2021-05-06 09:56:11,2407.75,526643
2021-05-06 09:56:12,2407.75,526643
2021-05-06 09:56:13,2407.75,526643
2021-05-06 09:56:14,2407.75,526643
2021-05-06 09:56:15,2407.75,526643
2021-05-06 09:56:16,2407.0,526687
2021-05-06 09:56:17,2407.25,526697
2021-05-06 09:56:18,2407.25,526697
2021-05-06 09:56:19,2407.25,526722
2021-05-06 09:56:20,2407.05,526724
2021-05-06 09:56:21,2407.05,526724
2021-05-06 09:56:22,2407.25,526754
2021-05-06 09:56:23,2407.25,526756
2021-05-06 09:56:24,2407.0,526806
2021-05-06 09:56:26,2407.0,526806
2021-05-06 09:56:27,2407.25,526811
2021-05-06 09:56:28,2407.25,526813
2021-05-06 09:56:29,2407.0,526883
2021-05-06 09:56:29,2407.0,526883
2021-05-06 09:56:30,2407.25,526923
2021-05-06 09:56:31,2407.25,526923
2021-05-06 09:56:32,2407.25,526931
2021-05-06 09:56:33,2407.25,526931
2021-05-06 09:56:34,2407.25,526931
2021-05-06 09:56:35,2407.0,527270
2021-05-06 09:56:36,2406.15,527420
2021-05-06 09:56:37,2407.0,527430
2021-05-06 09:56:38,2406.9,527432
2021-05-06 09:56:40,2406.9,527433
2021-05-06 09:56:41,2407.0,527436
2021-05-06 09:56:42,2407.0,527451
2021-05-06 09:56:43,2406.9,527478
2021-05-06 09:56:43,2406.9,527503
2021-05-06 09:56:44,2406.9,527603
2021-05-06 09:56:45,2406.9,527604
2021-05-06 09:56:47,2406.9,527604
2021-05-06 09:56:48,2406.9,527636
2021-05-06 09:56:49,2406.9,527636
2021-05-06 09:56:50,2406.9,527636
2021-05-06 09:56:51,2406.3,527669
2021-05-06 09:56:51,2406.25,527668
2021-05-06 09:56:52,2406.9,527787
2021-05-06 09:56:53,2406.9,527787
2021-05-06 09:56:54,2406.9,527787
2021-05-06 09:56:55,2406.9,527812
2021-05-06 09:56:56,2406.85,527813
2021-05-06 09:56:57,2406.9,527838
2021-05-06 09:56:58,2406.85,527882
2021-05-06 09:56:59,2406.85,527882
2021-05-06 09:57:00,2407.0,527947
2021-05-06 09:57:01,2407.0,527947
2021-05-06 09:57:02,2407.0,527956
2021-05-06 09:57:03,2406.9,527957
2021-05-06 09:57:04,2407.4,528723
2021-05-06 09:57:07,2407.8,528823
2021-05-06 09:57:08,2407.8,528823
2021-05-06 09:57:09,2408.4,533889
2021-05-06 09:57:10,2409.0,534017
2021-05-06 09:57:11,2409.0,534042
2021-05-06 09:57:12,2409.0,534130
2021-05-06 09:57:13,2409.0,534130
2021-05-06 09:57:14,2408.8,534132
2021-05-06 09:57:17,2409.0,534167
2021-05-06 09:57:18,2408.75,534352
2021-05-06 09:57:19,2408.8,534442
2021-05-06 09:57:19,2408.8,534442
2021-05-06 09:57:20,2408.1,535003
2021-05-06 09:57:21,2408.7,535008
2021-05-06 09:57:22,2408.7,535008
2021-05-06 09:57:23,2408.7,535008
2021-05-06 09:57:24,2408.6,535013
2021-05-06 09:57:26,2408.6,535013
2021-05-06 09:57:27,2407.75,535062
2021-05-06 09:57:27,2407.8,535108
2021-05-06 09:57:28,2407.0,535109
2021-05-06 09:57:29,2407.0,535109
2021-05-06 09:57:31,2407.0,535109
2021-05-06 09:57:32,2407.0,535309
2021-05-06 09:57:33,2407.85,535329
2021-05-06 09:57:34,2407.85,535393
2021-05-06 09:57:35,2407.0,535403
2021-05-06 09:57:36,2407.0,535403
2021-05-06 09:57:36,2407.0,535403
2021-05-06 09:57:37,2407.8,535419
2021-05-06 09:57:39,2407.8,535421
2021-05-06 09:57:40,2407.8,535427
2021-05-06 09:57:41,2407.8,535427
2021-05-06 09:57:42,2407.05,535479
2021-05-06 09:57:43,2407.8,535480
2021-05-06 09:57:44,2407.2,535580
2021-05-06 09:57:44,2407.2,535580
2021-05-06 09:57:45,2407.8,535598
2021-05-06 09:57:46,2407.8,535678
2021-05-06 09:57:47,2407.8,535678
2021-05-06 09:57:49,2407.8,535678
2021-05-06 09:57:50,2407.8,535683
2021-05-06 09:57:51,2407.8,535704
2021-05-06 09:57:52,2407.8,535704
2021-05-06 09:57:53,2406.8,536035
2021-05-06 09:57:54,2406.8,536035
2021-05-06 09:57:55,2407.7,536047
2021-05-06 09:57:56,2407.7,536047
2021-05-06 09:57:57,2407.7,536059
2021-05-06 09:57:58,2407.7,536059
2021-05-06 09:58:00,2407.7,536059
2021-05-06 09:58:01,2406.5,536141
2021-05-06 09:58:02,2406.55,536305
2021-05-06 09:58:02,2406.55,536305
2021-05-06 09:58:03,2406.55,536305
2021-05-06 09:58:04,2406.55,536310
2021-05-06 09:58:05,2406.55,536315
2021-05-06 09:58:07,2406.3,536376
2021-05-06 09:58:08,2406.3,536376
2021-05-06 09:58:09,2406.3,536376
2021-05-06 09:58:10,2406.3,536376
2021-05-06 09:58:10,2406.3,536376
2021-05-06 09:58:11,2406.2,536437
2021-05-06 09:58:12,2406.0,536615
2021-05-06 09:58:13,2406.0,536630
2021-05-06 09:58:14,2406.0,536630
2021-05-06 09:58:16,2405.95,536692
2021-05-06 09:58:17,2405.95,536722
2021-05-06 09:58:18,2405.95,536798
2021-05-06 09:58:18,2405.95,536798
2021-05-06 09:58:19,2405.95,536799
2021-05-06 09:58:21,2405.95,536800
2021-05-06 09:58:22,2405.95,536800
2021-05-06 09:58:23,2405.95,536800
2021-05-06 09:58:24,2405.85,537010
2021-05-06 09:58:26,2405.9,537060
2021-05-06 09:58:27,2405.9,537060
2021-05-06 09:58:28,2405.9,537060
2021-05-06 09:58:29,2405.9,537060
2021-05-06 09:58:30,2405.1,537061
2021-05-06 09:58:31,2405.1,537061
2021-05-06 09:58:32,2406.0,537166
2021-05-06 09:58:32,2406.0,537166
2021-05-06 09:58:34,2406.0,537292
2021-05-06 09:58:34,2406.0,537292
2021-05-06 09:58:35,2406.0,537292
2021-05-06 09:58:36,2405.95,537330
2021-05-06 09:58:37,2406.2,537340
2021-05-06 09:58:38,2406.2,537370
2021-05-06 09:58:39,2406.6,537501
2021-05-06 09:58:40,2406.6,537530
2021-05-06 09:58:41,2406.0,537648
2021-05-06 09:58:42,2406.05,537656
2021-05-06 09:58:43,2406.05,537656
2021-05-06 09:58:45,2406.05,537656
2021-05-06 09:58:46,2406.05,537657
2021-05-06 09:58:47,2406.6,537663
2021-05-06 09:58:48,2406.05,537718
2021-05-06 09:58:49,2406.6,537719
2021-05-06 09:58:49,2406.05,537749
2021-05-06 09:58:50,2406.05,537749
2021-05-06 09:58:51,2406.0,537750
2021-05-06 09:58:52,2406.75,537770
2021-05-06 09:58:53,2406.05,537791
2021-05-06 09:58:54,2406.0,537796
2021-05-06 09:58:56,2406.05,537803
2021-05-06 09:58:57,2406.05,537803
2021-05-06 09:58:59,2406.75,537869
2021-05-06 09:58:59,2406.75,537869
2021-05-06 09:59:00,2406.45,537871
2021-05-06 09:59:01,2406.45,537871
2021-05-06 09:59:03,2406.05,537894
2021-05-06 09:59:04,2406.05,537894
2021-05-06 09:59:05,2406.45,537898
2021-05-06 09:59:06,2406.45,537973
2021-05-06 09:59:07,2406.1,538023
2021-05-06 09:59:09,2406.1,538023
2021-05-06 09:59:10,2406.1,538023
2021-05-06 09:59:11,2406.7,538053
2021-05-06 09:59:12,2406.7,538053
2021-05-06 09:59:13,2406.7,538053
2021-05-06 09:59:13,2406.7,538053
2021-05-06 09:59:14,2406.7,538053
2021-05-06 09:59:15,2406.7,538059
2021-05-06 09:59:16,2406.7,538059
2021-05-06 09:59:17,2406.25,538079
2021-05-06 09:59:19,2406.65,538090
2021-05-06 09:59:20,2406.65,538140
2021-05-06 09:59:21,2406.65,538149
2021-05-06 09:59:22,2406.65,538149
2021-05-06 09:59:23,2406.65,538149
2021-05-06 09:59:24,2406.65,538149
2021-05-06 09:59:25,2406.65,538149
2021-05-06 09:59:26,2406.65,538149
2021-05-06 09:59:28,2406.65,538204
2021-05-06 09:59:29,2406.65,538204
2021-05-06 09:59:30,2406.65,538205
2021-05-06 09:59:31,2406.25,538288
2021-05-06 09:59:32,2406.65,538331
2021-05-06 09:59:33,2406.7,538341
2021-05-06 09:59:34,2406.7,538341
2021-05-06 09:59:35,2406.2,538474
2021-05-06 09:59:36,2406.2,538474
2021-05-06 09:59:37,2406.25,538483
2021-05-06 09:59:38,2406.25,538493
2021-05-06 09:59:39,2406.25,538566
2021-05-06 09:59:40,2406.25,538593
2021-05-06 09:59:41,2406.25,538594
2021-05-06 09:59:42,2406.25,538594
2021-05-06 09:59:43,2406.25,538594
2021-05-06 09:59:44,2406.25,538594
2021-05-06 09:59:44,2406.25,538594
2021-05-06 09:59:45,2406.65,538595
2021-05-06 09:59:47,2405.2,539095
2021-05-06 09:59:46,2406.65,538595
2021-05-06 09:59:48,2405.3,539108
2021-05-06 09:59:50,2406.45,539168
2021-05-06 09:59:51,2406.5,539223
2021-05-06 09:59:52,2405.4,539243
2021-05-06 09:59:53,2405.4,539243
2021-05-06 09:59:54,2406.3,539263
2021-05-06 09:59:54,2406.3,539263
2021-05-06 09:59:55,2406.3,539293
2021-05-06 09:59:58,2406.55,539408
2021-05-06 09:59:59,2406.55,539408
2021-05-06 10:00:00,2406.7,539713
2021-05-06 10:00:01,2406.7,539812
2021-05-06 10:00:02,2406.4,539921
2021-05-06 10:00:03,2406.4,539921
2021-05-06 10:00:04,2406.35,540026
2021-05-06 10:00:04,2406.35,540026
2021-05-06 10:00:06,2406.2,540155
2021-05-06 10:00:07,2406.2,540155
2021-05-06 10:00:08,2406.2,540230
2021-05-06 10:00:09,2405.65,540250
2021-05-06 10:00:10,2406.2,540269
2021-05-06 10:00:11,2406.2,540269
2021-05-06 10:00:12,2405.0,540369
2021-05-06 10:00:13,2405.0,540369
2021-05-06 10:00:14,2405.0,540369
2021-05-06 10:00:14,2405.0,540369
2021-05-06 10:00:17,2406.15,540438
2021-05-06 10:00:18,2406.1,540458
2021-05-06 10:00:19,2406.1,540458
2021-05-06 10:00:20,2405.7,540483
2021-05-06 10:00:20,2405.7,540483
2021-05-06 10:00:21,2405.75,540503
2021-05-06 10:00:23,2406.2,540559
2021-05-06 10:00:24,2406.2,540596
2021-05-06 10:00:25,2406.2,540646
2021-05-06 10:00:26,2406.2,540646
2021-05-06 10:00:27,2406.15,540647
2021-05-06 10:00:28,2406.15,540647
2021-05-06 10:00:29,2406.6,540678
2021-05-06 10:00:29,2406.6,540678
2021-05-06 10:00:30,2406.0,540713
2021-05-06 10:00:32,2406.6,540745
2021-05-06 10:00:33,2407.65,542989
2021-05-06 10:00:34,2407.7,542991
2021-05-06 10:00:35,2407.9,543015
2021-05-06 10:00:36,2407.75,543073
2021-05-06 10:00:37,2408.8,543128
2021-05-06 10:00:38,2409.65,543448
2021-05-06 10:00:39,2410.05,543688
2021-05-06 10:00:41,2410.35,544009
2021-05-06 10:00:42,2410.4,544225
2021-05-06 10:00:43,2410.05,544236
2021-05-06 10:00:44,2410.05,544293
2021-05-06 10:00:45,2409.65,544611
2021-05-06 10:00:46,2409.65,544652
2021-05-06 10:00:46,2409.65,544672
2021-05-06 10:00:48,2409.65,544955
2021-05-06 10:00:50,2409.25,545008
2021-05-06 10:00:51,2409.7,545012
2021-05-06 10:00:52,2409.7,545012
2021-05-06 10:00:53,2409.7,545012
2021-05-06 10:00:54,2409.7,545013
2021-05-06 10:00:55,2409.2,545041
2021-05-06 10:00:56,2409.2,545048
2021-05-06 10:00:57,2409.7,545058
2021-05-06 10:00:58,2409.7,545059
2021-05-06 10:00:59,2409.7,545059
2021-05-06 10:00:59,2409.7,545059
2021-05-06 10:01:01,2410.35,545606
2021-05-06 10:01:02,2410.05,545607
2021-05-06 10:01:03,2410.4,545744
2021-05-06 10:01:04,2410.4,545744
2021-05-06 10:01:05,2410.4,545770
2021-05-06 10:01:06,2410.4,545770
2021-05-06 10:01:06,2410.4,545770
2021-05-06 10:01:07,2410.4,545770
2021-05-06 10:01:08,2410.35,545771
2021-05-06 10:01:10,2409.8,545874
2021-05-06 10:01:11,2410.4,545884
2021-05-06 10:01:12,2410.4,545884
2021-05-06 10:01:13,2409.85,545934
2021-05-06 10:01:14,2409.85,545934
2021-05-06 10:01:15,2409.85,545934
2021-05-06 10:01:16,2409.85,545934
2021-05-06 10:01:17,2410.4,546149
2021-05-06 10:01:17,2410.4,546149
2021-05-06 10:01:18,2410.4,546153
2021-05-06 10:01:19,2409.95,546253
2021-05-06 10:01:21,2410.4,546301
2021-05-06 10:01:22,2410.4,546313
2021-05-06 10:01:23,2410.4,546313
2021-05-06 10:01:23,2410.4,546318
2021-05-06 10:01:24,2410.3,546451
2021-05-06 10:01:25,2410.4,546464
2021-05-06 10:01:27,2410.25,546576
2021-05-06 10:01:28,2410.0,546710
2021-05-06 10:01:29,2410.0,546710
2021-05-06 10:01:31,2410.0,546842
2021-05-06 10:01:32,2410.0,546944
2021-05-06 10:01:33,2410.0,547069
2021-05-06 10:01:34,2410.0,547122
2021-05-06 10:01:35,2410.4,547132
2021-05-06 10:01:36,2410.4,547132
2021-05-06 10:01:37,2410.3,547142
2021-05-06 10:01:38,2410.3,547154
2021-05-06 10:01:39,2410.3,547154
2021-05-06 10:01:40,2410.0,547223
2021-05-06 10:01:41,2409.95,547233
2021-05-06 10:01:42,2410.3,547243
2021-05-06 10:01:43,2410.3,547253
2021-05-06 10:01:44,2410.3,547337
2021-05-06 10:01:45,2409.7,547558
2021-05-06 10:01:46,2408.55,548164
2021-05-06 10:01:47,2409.2,548174
2021-05-06 10:01:48,2409.55,548198
2021-05-06 10:01:49,2409.55,548198
2021-05-06 10:01:50,2409.55,548198
2021-05-06 10:01:51,2409.55,548198
2021-05-06 10:01:52,2409.2,548204
2021-05-06 10:01:53,2409.6,549204
2021-05-06 10:01:54,2409.6,549334
2021-05-06 10:01:55,2409.65,549366
2021-05-06 10:01:56,2409.2,549471
2021-05-06 10:01:57,2409.65,549680
2021-05-06 10:01:58,2409.65,549691
2021-05-06 10:01:59,2409.15,550060
2021-05-06 10:02:00,2409.0,550306
2021-05-06 10:02:01,2409.0,550315
2021-05-06 10:02:02,2409.0,550319
2021-05-06 10:02:03,2409.0,550319
2021-05-06 10:02:04,2409.0,550359
2021-05-06 10:02:05,2409.0,550366
2021-05-06 10:02:06,2409.0,550366
2021-05-06 10:02:07,2409.0,550409
2021-05-06 10:02:08,2409.0,550606
2021-05-06 10:02:09,2409.0,550614
2021-05-06 10:02:10,2409.0,550614
2021-05-06 10:02:11,2409.1,550974
2021-05-06 10:02:13,2409.1,550983
2021-05-06 10:02:14,2409.0,551137
2021-05-06 10:02:15,2409.35,551177
2021-05-06 10:02:16,2408.5,551197
2021-05-06 10:02:17,2409.0,551242
2021-05-06 10:02:18,2409.45,551445
2021-05-06 10:02:19,2409.45,551445
2021-05-06 10:02:20,2409.45,551455
2021-05-06 10:02:21,2409.45,551455
2021-05-06 10:02:22,2408.55,551464
2021-05-06 10:02:23,2408.55,551464
2021-05-06 10:02:24,2408.55,551464
2021-05-06 10:02:25,2408.55,551464
2021-05-06 10:02:26,2408.55,551464
2021-05-06 10:02:27,2408.4,552133
2021-05-06 10:02:28,2408.4,552133
2021-05-06 10:02:29,2408.3,552137
2021-05-06 10:02:30,2408.3,552142
2021-05-06 10:02:32,2408.25,552143
2021-05-06 10:02:33,2408.45,552205
2021-05-06 10:02:34,2408.45,552205
2021-05-06 10:02:35,2408.45,552205
2021-05-06 10:02:36,2408.45,552205
2021-05-06 10:02:37,2408.6,552220
2021-05-06 10:02:38,2408.6,552220
2021-05-06 10:02:39,2408.6,552227
2021-05-06 10:02:40,2408.6,552255
2021-05-06 10:02:41,2408.6,552255
2021-05-06 10:02:42,2408.55,552330
2021-05-06 10:02:43,2408.55,552330
2021-05-06 10:02:44,2408.55,552330
2021-05-06 10:02:45,2408.5,552337
2021-05-06 10:02:46,2408.0,552537
2021-05-06 10:02:47,2408.0,552537
2021-05-06 10:02:48,2408.0,552552
2021-05-06 10:02:49,2408.0,552553
2021-05-06 10:02:50,2408.0,552553
2021-05-06 10:02:51,2408.0,552707
2021-05-06 10:02:52,2408.5,552708
2021-05-06 10:02:53,2408.5,552708
2021-05-06 10:02:54,2408.5,552708
2021-05-06 10:02:55,2408.5,552708
2021-05-06 10:02:56,2408.5,552723
2021-05-06 10:02:57,2408.5,552733
2021-05-06 10:02:58,2408.5,552733
2021-05-06 10:02:59,2408.5,552733
2021-05-06 10:03:00,2408.9,552774
2021-05-06 10:03:01,2408.5,552785
2021-05-06 10:03:02,2408.5,552786
2021-05-06 10:03:03,2409.4,553312
2021-05-06 10:03:04,2409.4,553389
2021-05-06 10:03:05,2408.75,553637
2021-05-06 10:03:06,2409.7,553642
2021-05-06 10:03:07,2409.7,553747
2021-05-06 10:03:08,2410.0,554099
2021-05-06 10:03:09,2410.05,554100
2021-05-06 10:03:10,2410.1,554110
2021-05-06 10:03:11,2410.35,554211
2021-05-06 10:03:12,2410.0,554357
2021-05-06 10:03:13,2409.0,554518
2021-05-06 10:03:14,2409.85,554546
2021-05-06 10:03:15,2409.85,554546
2021-05-06 10:03:16,2409.85,554546
2021-05-06 10:03:17,2409.8,554613
2021-05-06 10:03:18,2409.8,554678
2021-05-06 10:03:19,2409.8,554683
2021-05-06 10:03:20,2409.8,554683
2021-05-06 10:03:21,2409.6,554833
2021-05-06 10:03:22,2409.6,554833
2021-05-06 10:03:23,2410.0,555186
2021-05-06 10:03:24,2410.15,555195
2021-05-06 10:03:25,2410.15,555201
2021-05-06 10:03:26,2409.6,555827
2021-05-06 10:03:27,2409.6,556222
2021-05-06 10:03:28,2409.45,556331
2021-05-06 10:03:29,2409.55,556344
2021-05-06 10:03:30,2409.85,556464
2021-05-06 10:03:31,2409.5,556499
2021-05-06 10:03:32,2409.5,556510
2021-05-06 10:03:33,2409.95,556826
2021-05-06 10:03:34,2408.95,556845
2021-05-06 10:03:35,2410.0,556850
2021-05-06 10:03:36,2409.45,556852
2021-05-06 10:03:37,2410.1,556853
2021-05-06 10:03:38,2410.15,556854
2021-05-06 10:03:39,2410.2,556855
2021-05-06 10:03:40,2409.95,557106
2021-05-06 10:03:42,2410.4,557162
2021-05-06 10:03:42,2410.4,557206
2021-05-06 10:03:43,2409.95,557308
2021-05-06 10:03:44,2410.4,557350
2021-05-06 10:03:45,2410.0,557444
2021-05-06 10:03:46,2409.95,557540
2021-05-06 10:03:48,2409.95,557540
2021-05-06 10:03:48,2409.95,557540
2021-05-06 10:03:49,2409.95,557540
2021-05-06 10:03:50,2409.95,557540
2021-05-06 10:03:51,2410.0,558022
2021-05-06 10:03:52,2410.0,558254
2021-05-06 10:03:53,2410.0,558286
2021-05-06 10:03:55,2410.0,558286
2021-05-06 10:03:56,2410.0,558286
2021-05-06 10:03:56,2410.0,558286
2021-05-06 10:03:57,2410.0,558311
2021-05-06 10:03:58,2410.0,558380
2021-05-06 10:03:59,2409.7,558607
2021-05-06 10:04:00,2409.4,558617
2021-05-06 10:04:01,2409.4,558827
2021-05-06 10:04:02,2409.95,558830
2021-05-06 10:04:03,2410.1,558978
2021-05-06 10:04:04,2410.5,559010
2021-05-06 10:04:05,2409.95,559281
2021-05-06 10:04:06,2410.5,559462
2021-05-06 10:04:07,2410.5,559531
2021-05-06 10:04:08,2410.05,559607
2021-05-06 10:04:09,2410.05,559607
2021-05-06 10:04:10,2410.6,559639
2021-05-06 10:04:11,2411.05,559919
2021-05-06 10:04:12,2411.1,559970
2021-05-06 10:04:13,2412.0,561157
2021-05-06 10:04:14,2411.0,561367
2021-05-06 10:04:17,2412.0,561968
2021-05-06 10:04:19,2412.0,562077
2021-05-06 10:04:20,2412.0,562243
2021-05-06 10:04:20,2412.0,562205
2021-05-06 10:04:22,2412.0,562403
2021-05-06 10:04:22,2412.0,562408
2021-05-06 10:04:24,2412.05,562490
2021-05-06 10:04:24,2412.15,562503
2021-05-06 10:04:25,2412.05,562532
2021-05-06 10:04:26,2412.1,562546
2021-05-06 10:04:27,2412.1,562771
2021-05-06 10:04:29,2410.2,563883
2021-05-06 10:04:30,2411.25,563987
2021-05-06 10:04:32,2411.55,564208
2021-05-06 10:04:32,2411.25,564127
2021-05-06 10:04:33,2411.7,564384
2021-05-06 10:04:34,2411.7,564433
2021-05-06 10:04:35,2411.7,564436
2021-05-06 10:04:37,2411.95,564536
2021-05-06 10:04:38,2412.0,564546
2021-05-06 10:04:39,2411.0,564548
2021-05-06 10:04:39,2411.0,564548
2021-05-06 10:04:40,2412.0,564598
2021-05-06 10:04:41,2412.0,564611
2021-05-06 10:04:42,2411.0,564646
2021-05-06 10:04:43,2412.0,564652
2021-05-06 10:04:45,2411.95,564653
2021-05-06 10:04:45,2411.95,564653
2021-05-06 10:04:47,2411.95,564653
2021-05-06 10:04:48,2412.0,564656
2021-05-06 10:04:48,2412.0,564656
2021-05-06 10:04:49,2411.95,564706
2021-05-06 10:04:52,2411.95,564874
2021-05-06 10:04:52,2411.95,564874
2021-05-06 10:04:53,2412.0,564889
2021-05-06 10:04:54,2411.95,564913
2021-05-06 10:04:55,2412.0,564924
2021-05-06 10:04:56,2412.0,564930
2021-05-06 10:04:57,2412.0,564939
2021-05-06 10:04:58,2412.0,564939
2021-05-06 10:04:59,2411.95,565090
2021-05-06 10:05:01,2411.95,565142
2021-05-06 10:05:02,2412.0,565207
2021-05-06 10:05:02,2412.0,565207
2021-05-06 10:05:04,2412.0,565213
2021-05-06 10:05:05,2412.0,565214
2021-05-06 10:05:06,2412.0,565214
2021-05-06 10:05:07,2412.0,565214
2021-05-06 10:05:08,2412.0,565224
2021-05-06 10:05:09,2412.0,565226
2021-05-06 10:05:10,2412.0,565226
2021-05-06 10:05:11,2412.0,565236
2021-05-06 10:05:12,2412.0,565236
2021-05-06 10:05:13,2412.0,565288
2021-05-06 10:05:14,2412.35,565753
2021-05-06 10:05:15,2412.15,565801
2021-05-06 10:05:16,2412.15,565878
2021-05-06 10:05:17,2412.9,566078
2021-05-06 10:05:19,2413.35,566225
2021-05-06 10:05:19,2413.4,566226
2021-05-06 10:05:20,2413.45,566228
2021-05-06 10:05:22,2413.35,566262
2021-05-06 10:05:22,2413.35,566284
2021-05-06 10:05:23,2413.35,566305
2021-05-06 10:05:25,2413.0,566873
2021-05-06 10:05:25,2413.35,566864
