timestamp,ltp,volume
2021-05-06 09:07:57,2818.0,4469
2021-05-06 09:15:00,2816.0,4682
2021-05-06 09:15:02,2808.55,5499
2021-05-06 09:15:03,2817.4,5904
2021-05-06 09:15:04,2815.95,6257
2021-05-06 09:15:05,2809.55,6523
2021-05-06 09:15:06,2810.2,6689
2021-05-06 09:15:07,2811.3,6781
2021-05-06 09:15:08,2809.75,7236
2021-05-06 09:15:09,2813.05,7444
2021-05-06 09:15:10,2813.05,7444
2021-05-06 09:15:11,2808.0,7981
2021-05-06 09:15:12,2811.25,9262
2021-05-06 09:15:13,2811.45,10308
2021-05-06 09:15:14,2813.6,10559
2021-05-06 09:15:15,2813.05,10746
2021-05-06 09:15:16,2810.55,11030
2021-05-06 09:15:17,2810.75,11517
2021-05-06 09:15:18,2811.45,11521
2021-05-06 09:15:19,2812.15,11678
2021-05-06 09:15:20,2814.2,11778
2021-05-06 09:15:21,2810.6,12691
2021-05-06 09:15:21,2810.6,12691
2021-05-06 09:15:22,2810.6,12692
2021-05-06 09:15:23,2810.0,12798
2021-05-06 09:15:24,2809.85,12890
2021-05-06 09:15:25,2809.0,13002
2021-05-06 09:15:26,2808.0,13245
2021-05-06 09:15:27,2808.15,13558
2021-05-06 09:15:28,2809.4,13817
2021-05-06 09:15:29,2806.75,13842
2021-05-06 09:15:30,2809.1,14033
2021-05-06 09:15:31,2809.05,14117
2021-05-06 09:15:32,2810.0,14296
2021-05-06 09:15:33,2809.95,14671
2021-05-06 09:15:34,2807.35,14741
2021-05-06 09:15:35,2809.0,15662
2021-05-06 09:15:36,2812.25,15772
2021-05-06 09:15:37,2811.6,15870
2021-05-06 09:15:39,2810.0,16605
2021-05-06 09:15:40,2810.0,16680
2021-05-06 09:15:41,2813.1,17955
2021-05-06 09:15:42,2810.6,18103
2021-05-06 09:15:43,2810.65,18400
2021-05-06 09:15:44,2809.25,18606
2021-05-06 09:15:45,2810.6,18749
2021-05-06 09:15:45,2812.5,18799
2021-05-06 09:15:46,2812.55,18912
2021-05-06 09:15:47,2812.55,18912
2021-05-06 09:15:48,2812.55,18912
2021-05-06 09:15:50,2811.75,19122
2021-05-06 09:15:51,2809.0,19162
2021-05-06 09:15:52,2810.0,19245
2021-05-06 09:15:53,2810.0,19387
2021-05-06 09:15:54,2808.35,19410
2021-05-06 09:15:55,2809.5,19432
2021-05-06 09:15:56,2808.0,19582
2021-05-06 09:15:57,2807.9,19790
2021-05-06 09:15:57,2807.9,19790
2021-05-06 09:15:58,2804.2,21527
2021-05-06 09:15:59,2807.85,21664
2021-05-06 09:16:00,2809.6,21696
2021-05-06 09:16:03,2809.6,21830
2021-05-06 09:16:04,2810.65,22015
2021-05-06 09:16:05,2810.65,22015
2021-05-06 09:16:06,2810.65,22015
2021-05-06 09:16:06,2810.65,22015
2021-05-06 09:16:07,2810.3,22082
2021-05-06 09:16:08,2808.0,22133
2021-05-06 09:16:10,2810.45,22316
2021-05-06 09:16:11,2810.4,22377
2021-05-06 09:16:12,2809.95,22387
2021-05-06 09:16:13,2809.95,22387
2021-05-06 09:16:14,2808.0,22419
2021-05-06 09:16:15,2810.0,22842
2021-05-06 09:16:15,2810.0,22842
2021-05-06 09:16:16,2810.0,22842
2021-05-06 09:16:17,2810.0,22871
2021-05-06 09:16:18,2810.65,22935
2021-05-06 09:16:19,2809.95,23129
2021-05-06 09:16:21,2811.0,23259
2021-05-06 09:16:22,2811.0,23319
2021-05-06 09:16:23,2814.8,24287
2021-05-06 09:16:24,2812.95,24417
2021-05-06 09:16:25,2813.0,24539
2021-05-06 09:16:26,2811.25,24571
2021-05-06 09:16:27,2813.0,26465
2021-05-06 09:16:27,2813.0,26445
2021-05-06 09:16:28,2811.4,26521
2021-05-06 09:16:30,2813.0,26542
2021-05-06 09:16:31,2810.45,26829
2021-05-06 09:16:32,2813.0,26869
2021-05-06 09:16:32,2813.0,26869
2021-05-06 09:16:33,2813.0,26994
2021-05-06 09:16:34,2813.0,27153
2021-05-06 09:16:35,2815.0,27357
2021-05-06 09:16:36,2816.35,27860
2021-05-06 09:16:38,2813.5,28497
2021-05-06 09:16:39,2813.5,28497
2021-05-06 09:16:40,2815.0,28522
2021-05-06 09:16:41,2813.0,28654
2021-05-06 09:16:41,2813.0,28654
2021-05-06 09:16:43,2813.0,28659
2021-05-06 09:16:44,2814.95,28664
2021-05-06 09:16:45,2814.95,28669
2021-05-06 09:16:46,2815.0,28700
2021-05-06 09:16:47,2813.4,28813
2021-05-06 09:16:47,2815.0,28793
2021-05-06 09:16:49,2815.0,28833
2021-05-06 09:16:50,2816.1,29292
2021-05-06 09:16:51,2816.1,29294
2021-05-06 09:16:52,2819.2,29394
2021-05-06 09:16:53,2819.6,29646
2021-05-06 09:16:53,2819.0,29670
2021-05-06 09:16:54,2817.45,29690
2021-05-06 09:16:56,2823.15,31213
2021-05-06 09:16:57,2824.6,31449
2021-05-06 09:16:58,2824.9,31672
2021-05-06 09:16:59,2824.65,32512
2021-05-06 09:16:59,2821.0,32388
2021-05-06 09:17:01,2821.15,32951
2021-05-06 09:17:02,2820.55,33219
2021-05-06 09:17:03,2822.65,33424
2021-05-06 09:17:04,2821.8,33786
2021-05-06 09:17:05,2821.9,33847
2021-05-06 09:17:06,2821.45,33880
2021-05-06 09:17:06,2822.35,33883
2021-05-06 09:17:08,2820.0,34427
2021-05-06 09:17:09,2820.0,34601
2021-05-06 09:17:10,2819.6,34825
2021-05-06 09:17:11,2819.6,34847
2021-05-06 09:17:11,2818.65,34848
2021-05-06 09:17:13,2821.5,35359
2021-05-06 09:17:14,2822.05,35547
2021-05-06 09:17:15,2820.4,35634
2021-05-06 09:17:16,2820.4,35682
2021-05-06 09:17:17,2819.5,35744
2021-05-06 09:17:18,2820.0,35760
2021-05-06 09:17:18,2819.05,35860
2021-05-06 09:17:20,2819.7,35923
2021-05-06 09:17:21,2819.7,35923
2021-05-06 09:17:22,2819.0,36496
2021-05-06 09:17:23,2820.4,36611
2021-05-06 09:17:24,2820.0,36725
2021-05-06 09:17:25,2820.0,36785
2021-05-06 09:17:26,2820.0,37231
2021-05-06 09:17:26,2820.25,37232
2021-05-06 09:17:27,2813.05,39199
2021-05-06 09:17:28,2813.1,39498
2021-05-06 09:17:30,2813.9,39603
2021-05-06 09:17:31,2813.25,39604
2021-05-06 09:17:32,2815.6,39680
2021-05-06 09:17:33,2813.1,39713
2021-05-06 09:17:33,2813.1,39713
2021-05-06 09:17:35,2813.45,39768
2021-05-06 09:17:36,2813.45,39975
2021-05-06 09:17:37,2814.8,40078
2021-05-06 09:17:38,2814.75,40089
2021-05-06 09:17:39,2814.8,40133
2021-05-06 09:17:39,2814.8,40133
2021-05-06 09:17:41,2814.8,40143
2021-05-06 09:17:42,2814.8,40160
2021-05-06 09:17:43,2816.45,41671
2021-05-06 09:17:44,2816.4,41677
2021-05-06 09:17:45,2816.3,41692
2021-05-06 09:17:45,2816.3,41692
2021-05-06 09:17:47,2819.9,42332
2021-05-06 09:17:48,2819.9,42332
2021-05-06 09:17:49,2819.95,42410
2021-05-06 09:17:50,2819.95,42468
2021-05-06 09:17:50,2819.95,42468
2021-05-06 09:17:51,2818.15,42470
2021-05-06 09:17:53,2819.5,42525
2021-05-06 09:17:54,2819.8,42546
2021-05-06 09:17:55,2818.0,43319
2021-05-06 09:17:56,2818.0,43326
2021-05-06 09:17:57,2818.2,43858
2021-05-06 09:17:58,2816.65,43910
2021-05-06 09:17:59,2817.4,43986
2021-05-06 09:17:59,2817.4,43986
2021-05-06 09:18:01,2819.0,44091
2021-05-06 09:18:02,2819.0,44254
2021-05-06 09:18:03,2819.95,44255
2021-05-06 09:18:04,2819.5,44377
2021-05-06 09:18:05,2818.7,44378
2021-05-06 09:18:06,2819.0,44682
2021-05-06 09:18:06,2819.05,44702
2021-05-06 09:18:08,2818.75,44742
2021-05-06 09:18:09,2819.0,44814
2021-05-06 09:18:10,2819.0,44884
2021-05-06 09:18:11,2818.45,44911
2021-05-06 09:18:12,2820.9,45218
2021-05-06 09:18:13,2819.85,45661
2021-05-06 09:18:14,2819.95,45693
2021-05-06 09:18:14,2819.95,45693
2021-05-06 09:18:15,2820.65,45793
2021-05-06 09:18:17,2819.15,45833
2021-05-06 09:18:18,2821.95,45929
2021-05-06 09:18:19,2820.2,46140
2021-05-06 09:18:20,2824.05,51753
2021-05-06 09:18:21,2823.15,52175
2021-05-06 09:18:22,2822.3,52674
2021-05-06 09:18:22,2822.3,52674
2021-05-06 09:18:24,2820.4,53535
2021-05-06 09:18:25,2819.7,54229
2021-05-06 09:18:26,2819.15,54480
2021-05-06 09:18:27,2819.2,54712
2021-05-06 09:18:27,2819.1,54728
2021-05-06 09:18:29,2819.95,55392
2021-05-06 09:18:30,2820.0,55411
2021-05-06 09:18:31,2821.85,55667
2021-05-06 09:18:32,2819.5,55830
2021-05-06 09:18:33,2819.7,55878
2021-05-06 09:18:34,2821.75,55896
2021-05-06 09:18:34,2821.7,55998
2021-05-06 09:18:35,2819.45,56140
2021-05-06 09:18:36,2821.35,56224
2021-05-06 09:18:38,2819.9,56262
2021-05-06 09:18:39,2821.4,56582
2021-05-06 09:18:40,2824.1,56743
2021-05-06 09:18:41,2822.2,56775
2021-05-06 09:18:42,2821.6,56795
2021-05-06 09:18:43,2822.2,56834
2021-05-06 09:18:43,2822.2,56834
2021-05-06 09:18:45,2822.0,56846
2021-05-06 09:18:46,2822.0,56856
2021-05-06 09:18:47,2823.7,56883
2021-05-06 09:18:48,2823.35,56927
2021-05-06 09:18:49,2823.0,56942
2021-05-06 09:18:50,2822.0,57020
2021-05-06 09:18:51,2822.0,57020
2021-05-06 09:18:52,2823.65,57150
2021-05-06 09:18:53,2823.65,57250
2021-05-06 09:18:54,2822.5,57466
2021-05-06 09:18:55,2823.85,57685
2021-05-06 09:18:56,2828.0,59698
2021-05-06 09:18:57,2828.0,59699
2021-05-06 09:18:58,2827.6,59852
2021-05-06 09:18:59,2825.2,60019
2021-05-06 09:19:00,2827.55,60030
2021-05-06 09:19:01,2826.25,60597
2021-05-06 09:19:03,2827.35,60839
2021-05-06 09:19:04,2825.15,61016
2021-05-06 09:19:05,2825.15,61016
2021-05-06 09:19:06,2825.15,61094
2021-05-06 09:19:07,2827.5,61122
2021-05-06 09:19:10,2826.25,61896
2021-05-06 09:19:11,2825.15,61946
2021-05-06 09:19:12,2827.6,62447
2021-05-06 09:19:13,2825.7,62645
2021-05-06 09:19:14,2827.95,62727
2021-05-06 09:19:15,2826.35,62890
2021-05-06 09:19:17,2828.0,64300
2021-05-06 09:19:16,2827.95,63000
2021-05-06 09:19:18,2825.9,64311
2021-05-06 09:19:19,2826.35,64380
2021-05-06 09:19:20,2827.45,64451
2021-05-06 09:19:21,2827.3,64456
2021-05-06 09:19:22,2826.1,64523
2021-05-06 09:19:23,2824.5,64545
2021-05-06 09:19:24,2825.2,64780
2021-05-06 09:19:25,2825.2,64780
2021-05-06 09:19:26,2824.55,64921
2021-05-06 09:19:27,2824.9,65069
2021-05-06 09:19:28,2824.75,65120
2021-05-06 09:19:29,2824.75,65165
2021-05-06 09:19:30,2824.75,65272
2021-05-06 09:19:31,2823.55,65307
2021-05-06 09:19:32,2823.55,65307
2021-05-06 09:19:33,2825.7,65441
2021-05-06 09:19:34,2823.15,65449
2021-05-06 09:19:35,2825.15,65801
2021-05-06 09:19:36,2823.75,65953
2021-05-06 09:19:37,2826.9,66098
2021-05-06 09:19:38,2824.75,66211
2021-05-06 09:19:39,2824.75,66211
2021-05-06 09:19:40,2824.75,66211
2021-05-06 09:19:41,2824.3,66274
2021-05-06 09:19:42,2825.45,66284
2021-05-06 09:19:43,2825.45,66295
2021-05-06 09:19:44,2825.7,66310
2021-05-06 09:19:45,2827.0,67001
2021-05-06 09:19:46,2828.0,67024
2021-05-06 09:19:47,2825.95,67100
2021-05-06 09:19:49,2827.55,67296
2021-05-06 09:19:50,2827.55,67296
2021-05-06 09:19:51,2825.0,68287
2021-05-06 09:19:52,2827.2,68500
2021-05-06 09:19:53,2826.75,68543
2021-05-06 09:19:54,2824.9,68737
2021-05-06 09:19:55,2824.9,68737
2021-05-06 09:19:56,2823.0,69486
2021-05-06 09:19:57,2824.4,69860
2021-05-06 09:19:58,2824.6,69954
2021-05-06 09:19:59,2824.95,70054
2021-05-06 09:20:01,2824.6,70179
2021-05-06 09:20:00,2824.6,70179
2021-05-06 09:20:02,2824.25,70230
2021-05-06 09:20:03,2822.8,70694
2021-05-06 09:20:04,2822.05,70875
2021-05-06 09:20:05,2822.05,70965
2021-05-06 09:20:06,2821.3,71076
2021-05-06 09:20:07,2822.0,71176
2021-05-06 09:20:08,2822.0,71176
2021-05-06 09:20:09,2824.1,71181
2021-05-06 09:20:10,2824.5,71259
2021-05-06 09:20:11,2823.0,71292
2021-05-06 09:20:12,2823.8,71671
2021-05-06 09:20:13,2823.8,71671
2021-05-06 09:20:14,2824.75,71821
2021-05-06 09:20:15,2822.9,71843
2021-05-06 09:20:16,2822.65,71863
2021-05-06 09:20:17,2824.2,72369
2021-05-06 09:20:18,2822.4,72371
2021-05-06 09:20:20,2822.4,72398
2021-05-06 09:20:21,2823.0,72638
2021-05-06 09:20:22,2824.0,72742
2021-05-06 09:20:23,2824.5,72943
2021-05-06 09:20:24,2824.5,72943
2021-05-06 09:20:25,2823.15,73295
2021-05-06 09:20:26,2823.15,73295
2021-05-06 09:20:27,2823.15,73295
2021-05-06 09:20:28,2822.0,73308
2021-05-06 09:20:29,2821.4,73370
2021-05-06 09:20:30,2821.5,73481
2021-05-06 09:20:31,2821.55,73565
2021-05-06 09:20:33,2821.55,73565
2021-05-06 09:20:34,2822.1,73787
2021-05-06 09:20:35,2822.0,73818
2021-05-06 09:20:36,2822.75,73955
2021-05-06 09:20:37,2823.0,74021
2021-05-06 09:20:38,2822.2,74051
2021-05-06 09:20:40,2824.5,74412
2021-05-06 09:20:41,2823.35,74626
2021-05-06 09:20:42,2825.0,74710
2021-05-06 09:20:43,2825.0,74710
2021-05-06 09:20:45,2825.6,75083
2021-05-06 09:20:46,2823.75,75089
2021-05-06 09:20:47,2825.1,75109
2021-05-06 09:20:48,2825.1,75109
2021-05-06 09:20:49,2823.35,75111
2021-05-06 09:20:50,2823.0,75165
2021-05-06 09:20:51,2822.95,75315
2021-05-06 09:20:52,2822.7,75329
2021-05-06 09:20:53,2821.25,75337
2021-05-06 09:20:54,2822.95,75483
2021-05-06 09:20:55,2822.95,75488
2021-05-06 09:20:56,2822.95,75488
2021-05-06 09:20:57,2822.95,75488
2021-05-06 09:20:58,2822.85,75518
2021-05-06 09:20:59,2822.9,75573
2021-05-06 09:21:00,2822.9,75578
2021-05-06 09:21:01,2822.9,75589
2021-05-06 09:21:02,2821.2,75604
2021-05-06 09:21:03,2821.2,75604
2021-05-06 09:21:04,2822.0,75665
2021-05-06 09:21:05,2821.1,75681
2021-05-06 09:21:06,2819.25,76842
2021-05-06 09:21:08,2819.45,76878
2021-05-06 09:21:08,2818.0,77067
2021-05-06 09:21:09,2818.0,77581
2021-05-06 09:21:10,2815.2,77610
2021-05-06 09:21:11,2815.35,77658
2021-05-06 09:21:13,2817.5,77668
2021-05-06 09:21:13,2817.25,78249
2021-05-06 09:21:14,2815.75,78255
2021-05-06 09:21:17,2817.3,78497
2021-05-06 09:21:19,2817.3,78706
2021-05-06 09:21:19,2817.3,78706
2021-05-06 09:21:20,2817.3,78706
2021-05-06 09:21:21,2819.7,78819
2021-05-06 09:21:22,2820.25,78824
2021-05-06 09:21:23,2820.45,78874
2021-05-06 09:21:24,2819.05,79185
2021-05-06 09:21:25,2819.0,79186
2021-05-06 09:21:26,2820.15,79229
2021-05-06 09:21:27,2818.15,79353
2021-05-06 09:21:28,2819.0,79405
2021-05-06 09:21:29,2819.0,79455
2021-05-06 09:21:30,2820.6,79461
2021-05-06 09:21:31,2820.45,79546
2021-05-06 09:21:32,2820.4,79561
2021-05-06 09:21:33,2819.0,79681
2021-05-06 09:21:34,2820.25,79718
2021-05-06 09:21:35,2820.25,79718
2021-05-06 09:21:36,2820.45,79724
2021-05-06 09:21:37,2821.25,80067
2021-05-06 09:21:38,2821.25,80067
2021-05-06 09:21:39,2820.85,80156
2021-05-06 09:21:40,2821.55,80271
2021-05-06 09:21:41,2821.55,80271
2021-05-06 09:21:42,2821.0,80786
2021-05-06 09:21:43,2820.0,80788
2021-05-06 09:21:44,2821.9,80811
2021-05-06 09:21:45,2820.45,80962
2021-05-06 09:21:46,2821.45,80972
2021-05-06 09:21:47,2822.4,81222
2021-05-06 09:21:48,2822.05,81242
2021-05-06 09:21:49,2820.45,81310
2021-05-06 09:21:50,2821.0,81472
2021-05-06 09:21:51,2820.45,81543
2021-05-06 09:21:52,2820.45,81651
2021-05-06 09:21:53,2820.95,81667
2021-05-06 09:21:54,2820.9,81692
2021-05-06 09:21:55,2821.0,81769
2021-05-06 09:21:56,2821.0,81772
2021-05-06 09:21:57,2821.0,81772
2021-05-06 09:21:58,2821.8,81794
2021-05-06 09:21:59,2820.45,81809
2021-05-06 09:22:00,2820.45,81809
2021-05-06 09:22:01,2821.65,81812
2021-05-06 09:22:02,2821.65,81837
2021-05-06 09:22:03,2821.65,81837
2021-05-06 09:22:04,2821.65,81864
2021-05-06 09:22:05,2820.35,81974
2021-05-06 09:22:06,2820.5,81982
2021-05-06 09:22:07,2821.65,82107
2021-05-06 09:22:08,2821.65,82107
2021-05-06 09:22:09,2821.95,82162
2021-05-06 09:22:10,2821.85,82227
2021-05-06 09:22:11,2820.1,82228
2021-05-06 09:22:12,2821.65,82308
2021-05-06 09:22:13,2821.6,82313
2021-05-06 09:22:14,2821.6,82313
2021-05-06 09:22:15,2818.5,82641
2021-05-06 09:22:16,2820.0,82662
2021-05-06 09:22:17,2818.6,82733
2021-05-06 09:22:18,2820.45,82739
2021-05-06 09:22:19,2820.45,82750
2021-05-06 09:22:20,2820.45,82750
2021-05-06 09:22:21,2820.75,82855
2021-05-06 09:22:22,2820.75,82861
2021-05-06 09:22:23,2820.6,82862
2021-05-06 09:22:24,2820.3,82863
2021-05-06 09:22:25,2820.0,83008
2021-05-06 09:22:26,2820.0,83008
2021-05-06 09:22:27,2820.25,83016
2021-05-06 09:22:28,2818.65,83065
2021-05-06 09:22:29,2818.65,83065
2021-05-06 09:22:30,2819.0,83075
2021-05-06 09:22:31,2820.0,83260
2021-05-06 09:22:32,2819.0,83285
2021-05-06 09:22:33,2820.0,83304
2021-05-06 09:22:34,2820.0,83304
2021-05-06 09:22:35,2820.0,83322
2021-05-06 09:22:36,2820.0,83322
2021-05-06 09:22:37,2818.7,83333
2021-05-06 09:22:38,2819.8,83335
2021-05-06 09:22:39,2819.05,83369
2021-05-06 09:22:40,2818.65,83469
2021-05-06 09:22:41,2820.35,84312
2021-05-06 09:22:42,2820.35,84318
2021-05-06 09:22:43,2820.0,84398
2021-05-06 09:22:44,2819.95,84408
2021-05-06 09:22:45,2821.7,84414
2021-05-06 09:22:46,2819.85,84429
2021-05-06 09:22:48,2821.55,84526
2021-05-06 09:22:49,2818.7,84550
2021-05-06 09:22:51,2820.95,84682
2021-05-06 09:22:52,2820.25,84691
2021-05-06 09:22:53,2820.25,84708
2021-05-06 09:22:54,2820.0,84709
2021-05-06 09:22:55,2820.0,84722
2021-05-06 09:22:56,2819.85,84747
2021-05-06 09:22:57,2818.75,84757
2021-05-06 09:22:58,2820.0,84855
2021-05-06 09:22:59,2820.0,84897
2021-05-06 09:23:00,2822.0,85033
2021-05-06 09:23:01,2821.2,85116
2021-05-06 09:23:02,2821.2,85141
2021-05-06 09:23:03,2820.6,85208
2021-05-06 09:23:04,2821.2,85243
2021-05-06 09:23:05,2820.5,85863
2021-05-06 09:23:06,2820.5,86003
2021-05-06 09:23:07,2819.9,86368
2021-05-06 09:23:08,2820.5,86524
2021-05-06 09:23:09,2820.5,86524
2021-05-06 09:23:10,2820.5,86558
2021-05-06 09:23:11,2820.5,86582
2021-05-06 09:23:12,2820.5,86582
2021-05-06 09:23:13,2819.95,86641
2021-05-06 09:23:14,2820.5,86750
2021-05-06 09:23:15,2819.55,86856
2021-05-06 09:23:16,2819.55,86856
2021-05-06 09:23:17,2819.55,86856
2021-05-06 09:23:18,2821.45,86893
2021-05-06 09:23:19,2821.4,86923
2021-05-06 09:23:20,2821.5,87011
2021-05-06 09:23:22,2820.1,87372
2021-05-06 09:23:23,2820.1,87372
2021-05-06 09:23:24,2820.1,87372
2021-05-06 09:23:25,2822.0,87418
2021-05-06 09:23:26,2820.5,87476
2021-05-06 09:23:26,2820.5,87476
2021-05-06 09:23:27,2821.95,87486
2021-05-06 09:23:29,2820.05,87640
2021-05-06 09:23:29,2821.95,87645
2021-05-06 09:23:30,2820.9,87789
2021-05-06 09:23:31,2822.0,87855
2021-05-06 09:23:33,2820.0,87955
2021-05-06 09:23:34,2821.95,87961
2021-05-06 09:23:35,2821.95,87961
2021-05-06 09:23:36,2823.0,88296
2021-05-06 09:23:36,2823.9,88337
2021-05-06 09:23:37,2824.75,88401
2021-05-06 09:23:38,2824.85,88446
2021-05-06 09:23:39,2824.85,88586
2021-05-06 09:23:40,2824.0,88587
2021-05-06 09:23:41,2824.8,88617
2021-05-06 09:23:42,2822.1,88719
2021-05-06 09:23:43,2822.1,88719
2021-05-06 09:23:44,2822.3,88813
2021-05-06 09:23:45,2822.0,88941
2021-05-06 09:23:46,2823.9,88946
2021-05-06 09:23:47,2823.9,88946
2021-05-06 09:23:48,2822.4,89076
2021-05-06 09:23:49,2823.5,89099
2021-05-06 09:23:50,2822.0,89148
2021-05-06 09:23:51,2822.0,89159
2021-05-06 09:23:52,2823.45,89161
2021-05-06 09:23:53,2822.4,89176
2021-05-06 09:23:54,2823.0,89427
2021-05-06 09:23:55,2823.0,89427
2021-05-06 09:23:57,2823.6,89481
2021-05-06 09:23:58,2823.0,89499
2021-05-06 09:23:59,2823.6,89570
2021-05-06 09:24:00,2822.05,89571
2021-05-06 09:24:01,2823.6,89650
2021-05-06 09:24:02,2823.6,89662
2021-05-06 09:24:03,2823.6,89674
2021-05-06 09:24:04,2823.0,89737
2021-05-06 09:24:05,2823.0,89737
2021-05-06 09:24:06,2823.0,89737
2021-05-06 09:24:07,2823.0,89747
2021-05-06 09:24:08,2824.0,90137
2021-05-06 09:24:09,2823.8,90156
2021-05-06 09:24:09,2822.3,90161
2021-05-06 09:24:11,2823.0,90308
2021-05-06 09:24:11,2824.0,90388
2021-05-06 09:24:12,2822.5,90460
2021-05-06 09:24:13,2822.5,90460
2021-05-06 09:24:14,2822.55,90700
2021-05-06 09:24:15,2823.95,90726
2021-05-06 09:24:16,2824.0,90873
2021-05-06 09:24:17,2823.6,90923
2021-05-06 09:24:18,2823.6,91012
2021-05-06 09:24:19,2822.4,91073
2021-05-06 09:24:20,2824.0,91095
2021-05-06 09:24:21,2823.5,91097
2021-05-06 09:24:22,2823.5,91099
2021-05-06 09:24:23,2823.0,91236
2021-05-06 09:24:24,2822.55,91243
2021-05-06 09:24:25,2824.0,91386
2021-05-06 09:24:26,2824.0,91450
2021-05-06 09:24:27,2823.5,91470
2021-05-06 09:24:28,2823.5,91470
2021-05-06 09:24:31,2823.0,91505
2021-05-06 09:24:31,2823.0,91506
2021-05-06 09:24:32,2824.95,91635
2021-05-06 09:24:33,2822.9,91637
2021-05-06 09:24:34,2825.0,92140
2021-05-06 09:24:36,2823.0,92302
2021-05-06 09:24:37,2823.0,92302
2021-05-06 09:24:38,2823.0,92575
2021-05-06 09:24:39,2823.0,92585
2021-05-06 09:24:40,2823.0,92585
2021-05-06 09:24:41,2822.0,92650
2021-05-06 09:24:42,2823.75,92776
2021-05-06 09:24:43,2823.85,92963
2021-05-06 09:24:44,2823.0,93008
2021-05-06 09:24:45,2823.95,93010
2021-05-06 09:24:46,2823.0,93015
2021-05-06 09:24:47,2823.95,93016
2021-05-06 09:24:48,2823.95,93028
2021-05-06 09:24:49,2823.6,93035
2021-05-06 09:24:50,2823.0,93090
2021-05-06 09:24:51,2823.0,93112
2021-05-06 09:24:52,2823.0,93165
2021-05-06 09:24:53,2823.0,93197
2021-05-06 09:24:54,2823.45,93305
2021-05-06 09:24:55,2823.45,93305
2021-05-06 09:24:56,2823.45,93305
2021-05-06 09:24:57,2823.0,93315
2021-05-06 09:24:58,2823.75,93316
2021-05-06 09:24:59,2823.45,93326
2021-05-06 09:25:00,2823.45,93358
2021-05-06 09:25:01,2823.45,93396
2021-05-06 09:25:02,2823.0,93441
2021-05-06 09:25:03,2823.0,93447
2021-05-06 09:25:04,2822.0,93459
2021-05-06 09:25:05,2822.0,93462
2021-05-06 09:25:06,2821.35,93747
2021-05-06 09:25:07,2818.75,94944
2021-05-06 09:25:08,2818.5,95039
2021-05-06 09:25:09,2819.35,95070
2021-05-06 09:25:10,2819.35,95080
2021-05-06 09:25:11,2819.35,95164
2021-05-06 09:25:12,2819.05,95174
2021-05-06 09:25:13,2819.05,95284
2021-05-06 09:25:14,2819.05,95328
2021-05-06 09:25:15,2819.05,95370
2021-05-06 09:25:16,2819.05,95430
2021-05-06 09:25:17,2819.45,95691
2021-05-06 09:25:18,2819.45,95691
2021-05-06 09:25:19,2818.8,95692
2021-05-06 09:25:20,2818.8,95692
2021-05-06 09:25:21,2819.45,95712
2021-05-06 09:25:23,2818.2,95714
2021-05-06 09:25:23,2818.2,95714
2021-05-06 09:25:24,2818.0,95816
2021-05-06 09:25:25,2818.0,95816
2021-05-06 09:25:26,2819.35,95896
2021-05-06 09:25:27,2819.35,95896
2021-05-06 09:25:28,2819.35,95958
2021-05-06 09:25:29,2818.0,96172
2021-05-06 09:25:30,2819.45,96290
2021-05-06 09:25:31,2820.0,96301
2021-05-06 09:25:32,2820.0,96301
2021-05-06 09:25:33,2819.45,96304
2021-05-06 09:25:34,2820.0,96342
2021-05-06 09:25:35,2820.0,96347
2021-05-06 09:25:36,2819.4,96801
2021-05-06 09:25:37,2819.35,96882
2021-05-06 09:25:39,2819.35,96917
2021-05-06 09:25:40,2819.35,97018
2021-05-06 09:25:41,2819.3,97175
2021-05-06 09:25:42,2819.3,97195
2021-05-06 09:25:43,2818.0,97225
2021-05-06 09:25:44,2818.0,97225
2021-05-06 09:25:45,2819.05,97368
2021-05-06 09:25:46,2818.0,97424
2021-05-06 09:25:47,2818.0,97424
2021-05-06 09:25:48,2818.0,97468
2021-05-06 09:25:48,2818.0,97468
2021-05-06 09:25:49,2818.0,97478
2021-05-06 09:25:51,2818.0,97484
2021-05-06 09:25:52,2818.0,97484
2021-05-06 09:25:53,2819.0,97541
2021-05-06 09:25:54,2819.0,97594
2021-05-06 09:25:55,2818.0,97625
2021-05-06 09:25:56,2818.0,97626
2021-05-06 09:25:56,2818.0,97643
2021-05-06 09:25:57,2818.0,97643
2021-05-06 09:25:58,2818.0,97643
2021-05-06 09:25:59,2819.0,97743
2021-05-06 09:26:01,2818.95,97828
2021-05-06 09:26:02,2818.0,97853
2021-05-06 09:26:03,2818.0,97856
2021-05-06 09:26:05,2818.5,97908
2021-05-06 09:26:06,2818.5,97919
2021-05-06 09:26:07,2818.0,97961
2021-05-06 09:26:08,2818.0,97978
2021-05-06 09:26:09,2818.5,98009
2021-05-06 09:26:10,2818.0,98039
2021-05-06 09:26:11,2818.0,98079
2021-05-06 09:26:12,2818.0,98082
2021-05-06 09:26:13,2817.0,98098
2021-05-06 09:26:14,2817.3,98148
2021-05-06 09:26:15,2818.7,98149
2021-05-06 09:26:16,2818.8,98154
2021-05-06 09:26:16,2817.1,98219
2021-05-06 09:26:19,2818.85,98288
2021-05-06 09:26:19,2818.8,98298
2021-05-06 09:26:20,2818.8,98298
2021-05-06 09:26:21,2818.0,98319
2021-05-06 09:26:22,2818.0,98326
2021-05-06 09:26:23,2817.1,98331
2021-05-06 09:26:24,2817.1,98334
2021-05-06 09:26:25,2817.1,98334
2021-05-06 09:26:26,2817.45,99017
2021-05-06 09:26:27,2817.65,99334
2021-05-06 09:26:28,2817.8,99336
2021-05-06 09:26:29,2817.8,99361
2021-05-06 09:26:30,2816.1,99376
2021-05-06 09:26:31,2816.1,99376
2021-05-06 09:26:32,2816.1,99376
2021-05-06 09:26:34,2817.5,99384
2021-05-06 09:26:35,2817.65,99388
2021-05-06 09:26:36,2817.65,99408
2021-05-06 09:26:37,2817.65,99429
2021-05-06 09:26:38,2816.3,99461
2021-05-06 09:26:39,2816.3,99461
2021-05-06 09:26:40,2816.45,99567
2021-05-06 09:26:41,2817.65,99568
2021-05-06 09:26:42,2817.65,99568
2021-05-06 09:26:43,2816.7,99596
2021-05-06 09:26:44,2816.7,99596
2021-05-06 09:26:45,2817.5,99604
2021-05-06 09:26:46,2817.5,99604
2021-05-06 09:26:47,2816.2,99804
2021-05-06 09:26:48,2816.25,99834
2021-05-06 09:26:49,2816.2,99835
2021-05-06 09:26:50,2816.2,99912
2021-05-06 09:26:51,2817.65,99963
2021-05-06 09:26:51,2817.9,100419
2021-05-06 09:26:53,2816.25,101934
2021-05-06 09:26:54,2816.25,101934
2021-05-06 09:26:54,2818.55,101990
2021-05-06 09:26:56,2817.5,102420
2021-05-06 09:26:56,2818.55,102522
2021-05-06 09:26:58,2818.5,102551
2021-05-06 09:26:58,2818.5,102551
2021-05-06 09:27:00,2818.5,102551
2021-05-06 09:27:01,2818.8,102562
2021-05-06 09:27:02,2817.15,102623
2021-05-06 09:27:02,2817.75,102925
2021-05-06 09:27:04,2817.85,102935
2021-05-06 09:27:04,2817.85,102935
2021-05-06 09:27:06,2816.15,102960
2021-05-06 09:27:06,2816.15,102962
2021-05-06 09:27:08,2817.65,103012
2021-05-06 09:27:09,2817.65,103103
2021-05-06 09:27:10,2817.65,103103
2021-05-06 09:27:11,2817.25,103321
2021-05-06 09:27:11,2816.1,103352
2021-05-06 09:27:13,2817.1,103749
2021-05-06 09:27:14,2815.5,104115
2021-05-06 09:27:15,2815.5,104115
2021-05-06 09:27:16,2815.45,104118
2021-05-06 09:27:17,2815.4,104365
2021-05-06 09:27:18,2815.4,104365
2021-05-06 09:27:19,2814.1,105824
2021-05-06 09:27:20,2816.65,106023
2021-05-06 09:27:20,2816.3,106028
2021-05-06 09:27:21,2816.3,106478
2021-05-06 09:27:22,2815.3,106806
2021-05-06 09:27:23,2815.3,106806
2021-05-06 09:27:24,2814.35,106867
2021-05-06 09:27:25,2814.4,106894
2021-05-06 09:27:26,2813.5,107606
2021-05-06 09:27:28,2814.4,107649
2021-05-06 09:27:29,2813.45,107926
2021-05-06 09:27:30,2814.4,108527
2021-05-06 09:27:31,2814.4,108527
2021-05-06 09:27:32,2815.8,108729
2021-05-06 09:27:33,2816.0,108927
2021-05-06 09:27:34,2814.5,108943
2021-05-06 09:27:35,2814.85,108956
2021-05-06 09:27:36,2814.35,108963
2021-05-06 09:27:37,2814.35,109070
2021-05-06 09:27:38,2814.85,109172
2021-05-06 09:27:39,2813.35,109281
2021-05-06 09:27:40,2813.6,109337
2021-05-06 09:27:42,2814.8,109425
2021-05-06 09:27:43,2813.55,109426
2021-05-06 09:27:44,2813.55,109426
2021-05-06 09:27:45,2814.5,109801
2021-05-06 09:27:47,2814.45,109899
2021-05-06 09:27:49,2814.4,109929
2021-05-06 09:27:51,2813.5,110067
2021-05-06 09:27:52,2813.75,110068
2021-05-06 09:27:53,2815.0,110098
2021-05-06 09:27:54,2815.0,110098
2021-05-06 09:27:55,2815.0,110098
2021-05-06 09:27:56,2815.8,110399
2021-05-06 09:27:57,2814.1,110449
2021-05-06 09:27:58,2814.1,110449
2021-05-06 09:27:59,2814.15,110450
2021-05-06 09:28:00,2814.15,110461
2021-05-06 09:28:01,2814.4,110466
2021-05-06 09:28:02,2814.4,110475
2021-05-06 09:28:03,2814.4,110495
2021-05-06 09:28:04,2815.0,110536
2021-05-06 09:28:05,2815.0,110536
2021-05-06 09:28:06,2815.0,110537
2021-05-06 09:28:07,2815.0,110537
2021-05-06 09:28:08,2815.0,110687
2021-05-06 09:28:09,2814.95,110693
2021-05-06 09:28:10,2814.4,110694
2021-05-06 09:28:11,2814.4,110702
2021-05-06 09:28:12,2814.4,110702
2021-05-06 09:28:13,2814.2,110706
2021-05-06 09:28:14,2814.0,110723
2021-05-06 09:28:15,2814.0,110723
2021-05-06 09:28:16,2814.05,110726
2021-05-06 09:28:17,2814.05,110726
2021-05-06 09:28:18,2814.05,111323
2021-05-06 09:28:19,2814.0,111599
2021-05-06 09:28:20,2811.85,115737
2021-05-06 09:28:21,2811.85,115737
2021-05-06 09:28:22,2812.0,115747
2021-05-06 09:28:23,2812.0,115752
2021-05-06 09:28:24,2812.0,115752
2021-05-06 09:28:24,2812.0,115777
2021-05-06 09:28:25,2811.95,115847
2021-05-06 09:28:27,2811.25,115873
2021-05-06 09:28:28,2810.0,116109
2021-05-06 09:28:29,2810.0,116132
2021-05-06 09:28:30,2811.6,116195
2021-05-06 09:28:31,2811.6,116212
2021-05-06 09:28:32,2810.0,116315
2021-05-06 09:28:33,2810.95,117442
2021-05-06 09:28:34,2810.0,117640
2021-05-06 09:28:35,2810.0,117640
2021-05-06 09:28:36,2811.9,117970
2021-05-06 09:28:37,2810.3,117971
2021-05-06 09:28:38,2810.35,118472
2021-05-06 09:28:39,2810.1,118480
2021-05-06 09:28:40,2810.1,118480
2021-05-06 09:28:41,2810.35,118493
2021-05-06 09:28:42,2810.05,118607
2021-05-06 09:28:43,2810.0,118631
2021-05-06 09:28:44,2811.6,118647
2021-05-06 09:28:45,2811.0,118651
2021-05-06 09:28:46,2811.0,118653
2021-05-06 09:28:47,2811.0,118653
2021-05-06 09:28:48,2811.0,118653
2021-05-06 09:28:49,2810.85,118828
2021-05-06 09:28:50,2810.0,118879
2021-05-06 09:28:51,2810.85,118886
2021-05-06 09:28:52,2810.85,118914
2021-05-06 09:28:53,2810.85,118956
2021-05-06 09:28:54,2811.1,119057
2021-05-06 09:28:54,2810.0,119058
2021-05-06 09:28:55,2811.0,119279
2021-05-06 09:28:57,2812.4,119352
2021-05-06 09:28:58,2811.9,119680
2021-05-06 09:28:59,2810.1,119681
2021-05-06 09:29:00,2810.85,119716
2021-05-06 09:29:01,2810.85,119716
2021-05-06 09:29:02,2810.85,119716
2021-05-06 09:29:03,2810.85,119716
2021-05-06 09:29:04,2811.0,119718
2021-05-06 09:29:06,2811.05,119807
2021-05-06 09:29:07,2813.2,119957
2021-05-06 09:29:08,2811.05,119967
2021-05-06 09:29:09,2811.0,120308
2021-05-06 09:29:10,2811.0,120308
2021-05-06 09:29:11,2811.4,120357
2021-05-06 09:29:12,2811.4,120357
2021-05-06 09:29:13,2811.0,120384
2021-05-06 09:29:14,2812.2,120536
2021-05-06 09:29:15,2810.3,120606
2021-05-06 09:29:16,2810.3,120606
2021-05-06 09:29:17,2810.3,120606
2021-05-06 09:29:18,2810.35,120610
2021-05-06 09:29:19,2811.4,120615
2021-05-06 09:29:20,2811.0,120703
2021-05-06 09:29:21,2811.0,120713
2021-05-06 09:29:22,2811.4,120716
2021-05-06 09:29:23,2811.4,120716
2021-05-06 09:29:25,2811.0,120718
2021-05-06 09:29:26,2810.5,120818
2021-05-06 09:29:27,2811.0,120851
2021-05-06 09:29:28,2811.0,120852
2021-05-06 09:29:28,2811.0,120852
2021-05-06 09:29:29,2811.0,120856
2021-05-06 09:29:31,2811.4,120950
2021-05-06 09:29:32,2812.0,120990
2021-05-06 09:29:33,2811.05,121057
2021-05-06 09:29:35,2811.05,121058
2021-05-06 09:29:36,2811.05,121058
2021-05-06 09:29:37,2811.4,121088
2021-05-06 09:29:38,2812.0,121098
2021-05-06 09:29:39,2811.4,121100
2021-05-06 09:29:40,2812.0,121176
2021-05-06 09:29:41,2812.8,121192
2021-05-06 09:29:42,2812.0,121200
2021-05-06 09:29:43,2812.75,121202
2021-05-06 09:29:44,2812.75,121202
2021-05-06 09:29:46,2813.0,121305
2021-05-06 09:29:48,2812.95,121409
2021-05-06 09:29:49,2812.55,121762
2021-05-06 09:29:50,2812.55,121762
2021-05-06 09:29:51,2812.55,121762
2021-05-06 09:29:52,2814.0,121780
2021-05-06 09:29:53,2813.5,121973
2021-05-06 09:29:54,2813.5,121973
2021-05-06 09:29:55,2813.15,121975
2021-05-06 09:29:56,2813.15,121975
2021-05-06 09:29:57,2813.15,121975
2021-05-06 09:29:58,2814.75,122065
2021-05-06 09:29:59,2814.75,122065
2021-05-06 09:30:00,2814.75,122067
2021-05-06 09:30:01,2814.75,122067
2021-05-06 09:30:02,2814.75,122078
2021-05-06 09:30:03,2815.2,122497
2021-05-06 09:30:05,2815.0,122554
2021-05-06 09:30:06,2815.0,122814
2021-05-06 09:30:07,2815.85,122819
2021-05-06 09:30:09,2817.0,123220
2021-05-06 09:30:10,2815.9,123233
2021-05-06 09:30:11,2817.2,123241
2021-05-06 09:30:12,2819.0,123520
2021-05-06 09:30:13,2818.0,123571
2021-05-06 09:30:14,2818.8,123572
2021-05-06 09:30:15,2818.0,123698
2021-05-06 09:30:16,2819.8,124039
2021-05-06 09:30:17,2819.8,124039
2021-05-06 09:30:18,2818.0,124164
2021-05-06 09:30:19,2816.55,124179
2021-05-06 09:30:20,2818.5,124288
2021-05-06 09:30:21,2817.0,124298
2021-05-06 09:30:22,2818.0,124363
2021-05-06 09:30:23,2818.0,124363
2021-05-06 09:30:24,2818.0,124363
2021-05-06 09:30:25,2818.15,124374
2021-05-06 09:30:26,2818.15,124374
2021-05-06 09:30:27,2818.15,124374
2021-05-06 09:30:28,2818.2,124397
2021-05-06 09:30:29,2817.05,124412
2021-05-06 09:30:30,2817.05,124412
2021-05-06 09:30:31,2817.1,124442
2021-05-06 09:30:32,2818.2,124448
2021-05-06 09:30:33,2817.0,124511
2021-05-06 09:30:34,2818.6,124518
2021-05-06 09:30:36,2818.6,124518
2021-05-06 09:30:37,2817.0,124668
2021-05-06 09:30:38,2817.0,124803
2021-05-06 09:30:39,2817.9,124816
2021-05-06 09:30:40,2818.4,124862
2021-05-06 09:30:41,2818.4,124862
2021-05-06 09:30:42,2817.05,124867
2021-05-06 09:30:43,2817.0,124872
2021-05-06 09:30:44,2817.6,125079
2021-05-06 09:30:45,2817.0,125136
2021-05-06 09:30:46,2818.0,125257
2021-05-06 09:30:47,2817.0,125292
2021-05-06 09:30:48,2818.2,125302
2021-05-06 09:30:49,2817.1,125304
2021-05-06 09:30:50,2818.2,125312
2021-05-06 09:30:51,2817.1,125315
2021-05-06 09:30:52,2817.0,125318
2021-05-06 09:30:53,2818.35,125345
2021-05-06 09:30:54,2818.35,125345
2021-05-06 09:30:55,2818.35,125345
2021-05-06 09:30:56,2818.5,125352
2021-05-06 09:30:57,2818.5,125352
2021-05-06 09:30:58,2818.0,125353
2021-05-06 09:30:59,2818.25,125417
2021-05-06 09:31:00,2817.1,125423
2021-05-06 09:31:01,2817.1,125423
2021-05-06 09:31:02,2817.1,125443
2021-05-06 09:31:03,2817.05,125447
2021-05-06 09:31:04,2817.0,125502
2021-05-06 09:31:05,2817.9,125507
2021-05-06 09:31:06,2817.0,125528
2021-05-06 09:31:07,2817.9,125529
2021-05-06 09:31:08,2816.6,125720
2021-05-06 09:31:09,2817.5,125725
2021-05-06 09:31:10,2817.55,125726
2021-05-06 09:31:11,2816.4,125734
2021-05-06 09:31:12,2816.4,125734
2021-05-06 09:31:13,2816.0,125740
2021-05-06 09:31:14,2817.25,125948
2021-05-06 09:31:15,2817.0,125998
2021-05-06 09:31:16,2817.0,125998
2021-05-06 09:31:17,2817.45,126000
2021-05-06 09:31:19,2816.95,126106
2021-05-06 09:31:20,2815.5,126158
2021-05-06 09:31:21,2816.0,126210
2021-05-06 09:31:22,2816.95,126270
2021-05-06 09:31:23,2816.95,126270
2021-05-06 09:31:24,2816.1,126296
2021-05-06 09:31:26,2813.15,126455
2021-05-06 09:31:25,2815.0,126325
2021-05-06 09:31:27,2813.15,126455
2021-05-06 09:31:28,2813.15,126455
2021-05-06 09:31:29,2813.15,126455
2021-05-06 09:31:30,2814.0,126483
2021-05-06 09:31:31,2814.0,126483
2021-05-06 09:31:32,2814.6,126634
2021-05-06 09:31:33,2814.0,126901
2021-05-06 09:31:34,2814.0,126901
2021-05-06 09:31:35,2812.75,126951
2021-05-06 09:31:36,2813.0,127005
2021-05-06 09:31:38,2813.0,127081
2021-05-06 09:31:39,2812.5,127198
2021-05-06 09:31:40,2812.5,127231
2021-05-06 09:31:41,2813.0,127266
2021-05-06 09:31:43,2813.0,127266
2021-05-06 09:31:45,2812.0,127588
2021-05-06 09:31:45,2812.0,127995
2021-05-06 09:31:46,2814.05,130056
2021-05-06 09:31:47,2813.6,130206
2021-05-06 09:31:48,2814.0,130306
2021-05-06 09:31:50,2814.0,130306
2021-05-06 09:31:51,2814.0,130306
2021-05-06 09:31:53,2814.0,130306
2021-05-06 09:31:53,2814.0,130306
2021-05-06 09:31:55,2815.95,130807
2021-05-06 09:31:56,2818.05,130853
2021-05-06 09:31:57,2816.4,130857
2021-05-06 09:31:58,2818.05,130897
2021-05-06 09:32:00,2818.05,130897
2021-05-06 09:32:01,2818.05,130897
2021-05-06 09:32:02,2818.05,130897
2021-05-06 09:32:03,2818.0,130898
2021-05-06 09:32:03,2818.05,130897
2021-05-06 09:32:04,2818.0,130898
2021-05-06 09:32:05,2818.0,130898
2021-05-06 09:32:06,2817.3,130938
2021-05-06 09:32:07,2817.1,131312
2021-05-06 09:32:08,2817.1,131312
2021-05-06 09:32:09,2817.05,131316
2021-05-06 09:32:11,2817.0,131327
2021-05-06 09:32:12,2819.25,131665
2021-05-06 09:32:12,2818.45,131956
2021-05-06 09:32:14,2819.2,131989
2021-05-06 09:32:15,2819.2,131989
2021-05-06 09:32:16,2819.2,131989
2021-05-06 09:32:17,2819.0,132163
2021-05-06 09:32:18,2819.0,132204
2021-05-06 09:32:19,2818.7,132212
2021-05-06 09:32:20,2819.0,132218
2021-05-06 09:32:21,2819.0,132218
2021-05-06 09:32:21,2819.0,132228
2021-05-06 09:32:22,2819.35,132339
2021-05-06 09:32:23,2819.0,132354
2021-05-06 09:32:25,2819.0,132376
2021-05-06 09:32:26,2819.0,132376
2021-05-06 09:32:27,2818.0,132380
2021-05-06 09:32:28,2818.0,132380
2021-05-06 09:32:29,2819.25,132389
2021-05-06 09:32:30,2820.85,132721
2021-05-06 09:32:31,2819.75,132775
2021-05-06 09:32:32,2819.75,132880
2021-05-06 09:32:33,2820.3,132998
2021-05-06 09:32:34,2820.3,132998
2021-05-06 09:32:35,2820.3,132998
2021-05-06 09:32:36,2820.3,132998
2021-05-06 09:32:37,2820.0,133009
2021-05-06 09:32:39,2819.0,133014
2021-05-06 09:32:39,2819.0,133014
2021-05-06 09:32:40,2819.0,133014
2021-05-06 09:32:41,2820.0,133028
2021-05-06 09:32:42,2820.0,133028
2021-05-06 09:32:43,2818.25,133072
2021-05-06 09:32:44,2820.0,133183
2021-05-06 09:32:45,2821.4,133186
2021-05-06 09:32:46,2821.4,133186
2021-05-06 09:32:47,2820.0,133198
2021-05-06 09:32:48,2821.2,133344
2021-05-06 09:32:49,2821.8,133666
2021-05-06 09:32:50,2821.75,133698
2021-05-06 09:32:51,2821.75,133698
2021-05-06 09:32:52,2821.75,133698
2021-05-06 09:32:53,2821.75,133698
2021-05-06 09:32:54,2821.75,133698
2021-05-06 09:32:57,2820.0,133759
2021-05-06 09:32:58,2820.0,133772
2021-05-06 09:32:59,2821.4,133776
2021-05-06 09:33:00,2821.4,133781
2021-05-06 09:33:01,2821.4,133781
2021-05-06 09:33:02,2823.7,134287
2021-05-06 09:33:03,2822.05,134297
2021-05-06 09:33:03,2822.05,134306
2021-05-06 09:33:05,2823.5,134456
2021-05-06 09:33:06,2823.0,134594
2021-05-06 09:33:07,2821.5,134704
2021-05-06 09:33:08,2821.4,134755
2021-05-06 09:33:09,2823.6,134855
2021-05-06 09:33:09,2823.6,134855
2021-05-06 09:33:10,2821.8,134857
2021-05-06 09:33:11,2821.85,134861
2021-05-06 09:33:12,2821.8,135052
2021-05-06 09:33:13,2821.8,135052
2021-05-06 09:33:14,2823.0,135278
2021-05-06 09:33:15,2823.0,135487
2021-05-06 09:33:16,2823.0,135487
2021-05-06 09:33:18,2823.35,135535
2021-05-06 09:33:18,2823.4,135539
2021-05-06 09:33:19,2821.6,135544
2021-05-06 09:33:20,2821.65,135558
2021-05-06 09:33:21,2823.4,135568
2021-05-06 09:33:22,2822.05,135569
2021-05-06 09:33:24,2822.0,135602
2021-05-06 09:33:25,2823.0,135603
2021-05-06 09:33:26,2821.1,135856
2021-05-06 09:33:27,2820.9,135958
2021-05-06 09:33:28,2821.35,135968
2021-05-06 09:33:29,2822.7,136097
2021-05-06 09:33:30,2822.7,136097
2021-05-06 09:33:32,2823.15,136187
2021-05-06 09:33:32,2823.15,136187
2021-05-06 09:33:33,2823.0,136194
2021-05-06 09:33:34,2820.9,136209
2021-05-06 09:33:35,2821.35,136210
2021-05-06 09:33:36,2821.35,136210
2021-05-06 09:33:37,2821.35,136210
2021-05-06 09:33:38,2820.3,136620
2021-05-06 09:33:39,2822.05,136737
2021-05-06 09:33:41,2821.5,136738
2021-05-06 09:33:42,2821.5,136738
2021-05-06 09:33:43,2821.5,136738
2021-05-06 09:33:44,2821.5,136738
2021-05-06 09:33:45,2821.5,136738
2021-05-06 09:33:45,2821.5,136738
2021-05-06 09:33:46,2822.05,136789
2021-05-06 09:33:47,2822.05,136790
2021-05-06 09:33:49,2823.0,136913
2021-05-06 09:33:51,2822.0,136994
2021-05-06 09:33:52,2822.0,137046
2021-05-06 09:33:52,2822.0,137046
2021-05-06 09:33:53,2823.0,137055
2021-05-06 09:33:54,2822.0,137219
2021-05-06 09:33:56,2822.9,137273
2021-05-06 09:33:57,2822.9,137278
2021-05-06 09:33:58,2822.9,137278
2021-05-06 09:33:59,2821.95,137279
2021-05-06 09:34:00,2821.95,137279
2021-05-06 09:34:02,2822.95,137789
2021-05-06 09:34:03,2821.55,137838
2021-05-06 09:34:04,2823.0,137888
2021-05-06 09:34:05,2821.5,137921
2021-05-06 09:34:06,2821.5,137921
2021-05-06 09:34:08,2821.5,137921
2021-05-06 09:34:09,2821.5,137932
2021-05-06 09:34:10,2820.5,137989
2021-05-06 09:34:10,2820.5,137989
2021-05-06 09:34:11,2822.55,137993
2021-05-06 09:34:12,2820.6,138003
2021-05-06 09:34:14,2820.6,138003
2021-05-06 09:34:15,2822.3,138011
2021-05-06 09:34:16,2822.3,138011
2021-05-06 09:34:17,2821.35,138014
2021-05-06 09:34:18,2821.0,138274
2021-05-06 09:34:18,2821.0,138274
2021-05-06 09:34:19,2822.1,138313
2021-05-06 09:34:20,2822.15,138333
2021-05-06 09:34:21,2820.2,138431
2021-05-06 09:34:22,2820.2,138436
2021-05-06 09:34:23,2821.0,138457
2021-05-06 09:34:26,2821.0,138584
2021-05-06 09:34:27,2821.0,138585
2021-05-06 09:34:28,2820.0,138612
2021-05-06 09:34:29,2820.0,138612
2021-05-06 09:34:30,2820.0,138613
2021-05-06 09:34:30,2821.0,138633
2021-05-06 09:34:31,2821.0,138633
2021-05-06 09:34:32,2820.0,138639
2021-05-06 09:34:34,2820.0,138682
2021-05-06 09:34:35,2821.0,138724
2021-05-06 09:34:36,2820.0,138732
2021-05-06 09:34:37,2821.0,138953
2021-05-06 09:34:39,2822.3,139326
2021-05-06 09:34:40,2822.3,139326
2021-05-06 09:34:41,2822.3,139326
2021-05-06 09:34:43,2822.3,139326
2021-05-06 09:34:43,2822.3,139399
2021-05-06 09:34:45,2821.0,139421
2021-05-06 09:34:46,2822.6,139446
2021-05-06 09:34:47,2822.8,139494
2021-05-06 09:34:48,2821.2,139501
2021-05-06 09:34:50,2821.2,139501
2021-05-06 09:34:51,2821.15,139616
2021-05-06 09:34:52,2821.2,139617
2021-05-06 09:34:53,2822.0,139636
2021-05-06 09:34:53,2822.0,139636
2021-05-06 09:34:54,2821.2,139700
2021-05-06 09:34:55,2822.2,139703
2021-05-06 09:34:57,2821.0,139729
2021-05-06 09:34:58,2821.0,139729
2021-05-06 09:34:59,2821.0,139732
2021-05-06 09:34:59,2822.0,139744
2021-05-06 09:35:00,2821.0,139863
2021-05-06 09:35:04,2820.0,140073
2021-05-06 09:35:05,2819.2,140074
2021-05-06 09:35:06,2819.9,140221
2021-05-06 09:35:07,2820.0,140223
2021-05-06 09:35:07,2818.85,140248
2021-05-06 09:35:08,2819.9,140365
2021-05-06 09:35:09,2821.6,140443
2021-05-06 09:35:10,2819.75,140451
2021-05-06 09:35:11,2819.75,140451
2021-05-06 09:35:13,2819.25,140461
2021-05-06 09:35:14,2819.15,140594
2021-05-06 09:35:15,2820.0,140614
2021-05-06 09:35:16,2820.0,140817
2021-05-06 09:35:17,2820.95,140818
2021-05-06 09:35:18,2820.95,140818
2021-05-06 09:35:19,2821.5,140919
2021-05-06 09:35:20,2821.5,140919
2021-05-06 09:35:21,2820.2,140954
2021-05-06 09:35:22,2820.2,140954
2021-05-06 09:35:23,2821.7,140969
2021-05-06 09:35:24,2821.7,140969
2021-05-06 09:35:25,2821.5,140974
2021-05-06 09:35:25,2821.7,140969
2021-05-06 09:35:26,2821.0,140979
2021-05-06 09:35:28,2821.9,141001
2021-05-06 09:35:28,2821.9,141001
2021-05-06 09:35:30,2821.9,141001
2021-05-06 09:35:31,2821.0,141003
2021-05-06 09:35:31,2821.0,141004
2021-05-06 09:35:32,2821.0,141004
2021-05-06 09:35:33,2821.0,141005
2021-05-06 09:35:35,2821.0,141005
2021-05-06 09:35:36,2821.9,141163
2021-05-06 09:35:37,2821.7,141194
2021-05-06 09:35:38,2819.75,141255
2021-05-06 09:35:39,2819.75,141255
2021-05-06 09:35:40,2819.9,141331
2021-05-06 09:35:40,2819.9,141331
2021-05-06 09:35:41,2819.9,141331
2021-05-06 09:35:42,2819.9,141331
2021-05-06 09:35:43,2819.9,141331
2021-05-06 09:35:45,2819.9,141331
2021-05-06 09:35:46,2821.0,141362
2021-05-06 09:35:47,2821.0,141362
2021-05-06 09:35:48,2821.0,141442
2021-05-06 09:35:48,2821.0,141442
2021-05-06 09:35:49,2821.0,141462
2021-05-06 09:35:50,2821.0,141462
2021-05-06 09:35:51,2821.35,141553
2021-05-06 09:35:52,2821.35,141553
2021-05-06 09:35:54,2820.95,141563
2021-05-06 09:35:55,2820.95,141563
2021-05-06 09:35:56,2820.95,141563
2021-05-06 09:35:56,2820.95,141563
2021-05-06 09:35:57,2820.95,141564
2021-05-06 09:35:59,2820.0,141593
2021-05-06 09:36:00,2820.0,141593
2021-05-06 09:36:01,2820.95,141873
2021-05-06 09:36:02,2820.95,141873
2021-05-06 09:36:03,2820.65,142154
2021-05-06 09:36:04,2820.0,142180
2021-05-06 09:36:04,2819.0,142191
2021-05-06 09:36:05,2819.0,142191
2021-05-06 09:36:07,2819.3,142204
2021-05-06 09:36:08,2819.5,142205
2021-05-06 09:36:09,2819.5,142205
2021-05-06 09:36:09,2819.5,142205
2021-05-06 09:36:10,2820.0,142230
2021-05-06 09:36:12,2820.0,142259
2021-05-06 09:36:13,2820.0,142259
2021-05-06 09:36:14,2820.0,142259
2021-05-06 09:36:15,2819.7,142289
2021-05-06 09:36:17,2819.7,142289
2021-05-06 09:36:18,2819.65,142294
2021-05-06 09:36:19,2819.65,142294
2021-05-06 09:36:21,2820.0,142318
2021-05-06 09:36:22,2819.7,142323
2021-05-06 09:36:23,2820.05,142334
2021-05-06 09:36:24,2820.15,142348
2021-05-06 09:36:25,2820.15,142348
2021-05-06 09:36:26,2820.15,142348
2021-05-06 09:36:27,2820.15,142348
2021-05-06 09:36:28,2820.15,142348
2021-05-06 09:36:29,2820.15,142348
2021-05-06 09:36:30,2820.15,142348
2021-05-06 09:36:31,2819.3,142426
2021-05-06 09:36:32,2821.2,142492
2021-05-06 09:36:33,2821.2,142492
2021-05-06 09:36:34,2821.0,142510
2021-05-06 09:36:35,2821.5,142530
2021-05-06 09:36:36,2820.0,142624
2021-05-06 09:36:37,2820.0,142624
2021-05-06 09:36:39,2821.25,142627
2021-05-06 09:36:40,2820.0,142628
2021-05-06 09:36:41,2820.0,142628
2021-05-06 09:36:42,2820.0,142669
2021-05-06 09:36:43,2820.0,142673
2021-05-06 09:36:44,2820.05,142734
2021-05-06 09:36:45,2820.05,142734
2021-05-06 09:36:46,2820.05,142739
2021-05-06 09:36:47,2820.05,142745
2021-05-06 09:36:48,2821.65,142867
2021-05-06 09:36:49,2820.75,142879
2021-05-06 09:36:50,2820.45,143408
2021-05-06 09:36:51,2820.0,143423
2021-05-06 09:36:52,2820.0,143423
2021-05-06 09:36:53,2820.0,143423
2021-05-06 09:36:54,2821.65,143473
2021-05-06 09:36:55,2821.6,143500
2021-05-06 09:36:56,2821.2,143505
2021-05-06 09:36:57,2820.2,143915
2021-05-06 09:36:58,2820.45,143917
2021-05-06 09:36:59,2821.0,144919
2021-05-06 09:37:00,2820.15,144964
2021-05-06 09:37:01,2820.05,144974
2021-05-06 09:37:02,2822.3,145176
2021-05-06 09:37:03,2822.75,145276
2021-05-06 09:37:04,2821.25,145284
2021-05-06 09:37:05,2822.75,145438
2021-05-06 09:37:06,2820.65,145450
2021-05-06 09:37:07,2820.65,145450
2021-05-06 09:37:08,2822.3,145457
2021-05-06 09:37:08,2822.3,145457
2021-05-06 09:37:09,2822.3,145457
2021-05-06 09:37:10,2820.05,145563
2021-05-06 09:37:11,2820.05,145563
2021-05-06 09:37:12,2820.05,145563
2021-05-06 09:37:13,2820.05,145564
2021-05-06 09:37:14,2821.7,145584
2021-05-06 09:37:15,2821.7,145584
2021-05-06 09:37:16,2821.7,145584
2021-05-06 09:37:17,2821.7,145584
2021-05-06 09:37:18,2822.0,145684
2021-05-06 09:37:19,2821.7,145712
2021-05-06 09:37:20,2822.4,145889
2021-05-06 09:37:21,2820.05,145894
2021-05-06 09:37:22,2820.05,145894
2021-05-06 09:37:23,2822.75,146019
2021-05-06 09:37:24,2822.75,146019
2021-05-06 09:37:26,2822.75,146019
2021-05-06 09:37:27,2822.75,146019
2021-05-06 09:37:28,2823.0,146983
2021-05-06 09:37:29,2821.45,147006
2021-05-06 09:37:30,2821.45,147006
2021-05-06 09:37:31,2820.05,147206
2021-05-06 09:37:32,2820.0,147286
2021-05-06 09:37:33,2820.0,147286
2021-05-06 09:37:35,2819.5,148374
2021-05-06 09:37:36,2820.1,148387
2021-05-06 09:37:37,2819.95,148392
2021-05-06 09:37:38,2819.85,148439
2021-05-06 09:37:39,2819.85,148439
2021-05-06 09:37:40,2819.85,148439
2021-05-06 09:37:41,2820.25,148444
2021-05-06 09:37:42,2820.25,148444
2021-05-06 09:37:43,2820.25,148444
2021-05-06 09:37:44,2820.25,148444
2021-05-06 09:37:45,2819.45,148496
2021-05-06 09:37:46,2820.65,151349
2021-05-06 09:37:47,2820.65,151349
2021-05-06 09:37:48,2821.8,151617
2021-05-06 09:37:49,2820.0,151637
2021-05-06 09:37:50,2820.0,151637
2021-05-06 09:37:51,2820.0,151679
2021-05-06 09:37:52,2820.0,151679
2021-05-06 09:37:53,2819.75,151755
2021-05-06 09:37:54,2819.0,151775
2021-05-06 09:37:55,2820.5,151776
2021-05-06 09:37:56,2821.75,151806
2021-05-06 09:37:57,2820.0,151956
2021-05-06 09:37:58,2820.75,152118
2021-05-06 09:37:59,2819.75,152129
2021-05-06 09:38:00,2819.75,152129
2021-05-06 09:38:01,2819.75,152129
2021-05-06 09:38:03,2819.0,152139
2021-05-06 09:38:04,2819.0,152139
2021-05-06 09:38:05,2820.0,152149
2021-05-06 09:38:08,2818.0,152633
2021-05-06 09:38:09,2818.0,152633
2021-05-06 09:38:10,2818.0,152633
2021-05-06 09:38:11,2818.0,152633
2021-05-06 09:38:13,2818.0,152654
2021-05-06 09:38:14,2818.0,152654
2021-05-06 09:38:16,2817.75,152904
2021-05-06 09:38:17,2817.6,152909
2021-05-06 09:38:18,2818.65,153016
2021-05-06 09:38:19,2817.8,153316
2021-05-06 09:38:20,2818.2,153324
2021-05-06 09:38:21,2820.0,153330
2021-05-06 09:38:22,2820.0,153330
2021-05-06 09:38:23,2820.0,153330
2021-05-06 09:38:24,2819.75,153364
2021-05-06 09:38:25,2819.75,153364
2021-05-06 09:38:26,2819.75,153364
2021-05-06 09:38:28,2819.85,153370
2021-05-06 09:38:29,2819.85,153370
2021-05-06 09:38:30,2819.7,153572
2021-05-06 09:38:31,2820.35,154024
2021-05-06 09:38:32,2820.35,154024
2021-05-06 09:38:33,2820.0,154028
2021-05-06 09:38:34,2819.4,154048
2021-05-06 09:38:35,2820.0,154062
2021-05-06 09:38:36,2820.0,154096
2021-05-06 09:38:37,2820.5,154101
2021-05-06 09:38:38,2820.5,154101
2021-05-06 09:38:39,2820.6,154132
2021-05-06 09:38:40,2822.0,154223
2021-05-06 09:38:41,2821.0,154228
2021-05-06 09:38:42,2819.9,154245
2021-05-06 09:38:43,2820.7,154256
2021-05-06 09:38:44,2820.7,154256
2021-05-06 09:38:44,2820.7,154256
2021-05-06 09:38:45,2820.7,154256
2021-05-06 09:38:46,2820.65,154260
2021-05-06 09:38:47,2820.65,154260
2021-05-06 09:38:49,2820.65,154260
2021-05-06 09:38:50,2820.2,154261
2021-05-06 09:38:51,2820.75,154410
2021-05-06 09:38:52,2820.9,154429
2021-05-06 09:38:53,2821.0,154479
2021-05-06 09:38:54,2822.0,154505
2021-05-06 09:38:56,2821.3,154604
2021-05-06 09:38:57,2821.3,154604
2021-05-06 09:38:58,2821.3,154604
2021-05-06 09:38:59,2817.3,164695
2021-05-06 09:39:00,2818.0,169360
2021-05-06 09:39:00,2818.0,169360
2021-05-06 09:39:01,2818.0,169660
2021-05-06 09:39:02,2818.0,169661
2021-05-06 09:39:03,2818.0,169663
2021-05-06 09:39:04,2818.0,169668
2021-05-06 09:39:05,2818.0,169668
2021-05-06 09:39:07,2818.0,169668
2021-05-06 09:39:07,2818.0,169668
2021-05-06 09:39:08,2818.0,169668
2021-05-06 09:39:10,2818.0,169675
2021-05-06 09:39:11,2818.0,170088
2021-05-06 09:39:12,2818.0,170088
2021-05-06 09:39:13,2818.0,170088
2021-05-06 09:39:14,2818.0,170088
2021-05-06 09:39:15,2819.65,170745
2021-05-06 09:39:16,2820.55,170747
2021-05-06 09:39:17,2820.55,170747
2021-05-06 09:39:18,2820.55,170747
2021-05-06 09:39:19,2818.6,170748
2021-05-06 09:39:20,2818.6,170748
2021-05-06 09:39:21,2819.15,170794
2021-05-06 09:39:22,2819.25,170800
2021-05-06 09:39:23,2818.2,209885
2021-05-06 09:39:24,2818.2,209885
2021-05-06 09:39:25,2820.95,210214
2021-05-06 09:39:26,2822.0,210589
2021-05-06 09:39:27,2826.0,213935
2021-05-06 09:39:28,2827.95,216662
2021-05-06 09:39:29,2827.95,217234
2021-05-06 09:39:30,2826.95,217624
2021-05-06 09:39:31,2830.7,222641
2021-05-06 09:39:32,2830.0,222963
2021-05-06 09:39:33,2831.5,223011
2021-05-06 09:39:33,2831.5,223030
2021-05-06 09:39:34,2829.9,223214
2021-05-06 09:39:36,2832.0,223284
2021-05-06 09:39:37,2830.25,223521
2021-05-06 09:39:38,2831.95,223523
2021-05-06 09:39:39,2830.85,224124
2021-05-06 09:39:40,2830.3,224184
2021-05-06 09:39:41,2830.3,224184
2021-05-06 09:39:42,2831.65,224648
2021-05-06 09:39:43,2830.2,224748
2021-05-06 09:39:44,2829.0,224910
2021-05-06 09:39:45,2829.9,225077
2021-05-06 09:39:46,2831.0,225645
2021-05-06 09:39:47,2830.75,225710
2021-05-06 09:39:47,2830.75,225710
2021-05-06 09:39:48,2830.45,225747
2021-05-06 09:39:49,2830.45,225772
2021-05-06 09:39:50,2829.35,225842
2021-05-06 09:39:52,2830.1,225847
2021-05-06 09:39:53,2829.55,226098
2021-05-06 09:39:55,2830.75,226154
2021-05-06 09:39:56,2829.4,226433
2021-05-06 09:39:57,2829.4,226433
2021-05-06 09:39:58,2830.0,226450
2021-05-06 09:39:59,2830.25,226488
2021-05-06 09:40:00,2832.0,226574
2021-05-06 09:40:01,2832.65,226709
2021-05-06 09:40:02,2831.15,226759
2021-05-06 09:40:03,2832.85,226848
2021-05-06 09:40:04,2831.75,226858
2021-05-06 09:40:05,2834.0,227532
2021-05-06 09:40:05,2834.0,227532
2021-05-06 09:40:07,2834.0,227697
2021-05-06 09:40:08,2834.9,227790
2021-05-06 09:40:09,2834.1,228194
2021-05-06 09:40:10,2835.0,228204
2021-05-06 09:40:11,2834.0,228205
2021-05-06 09:40:12,2834.0,228256
2021-05-06 09:40:13,2832.05,228567
2021-05-06 09:40:14,2833.6,228620
2021-05-06 09:40:15,2831.15,228830
2021-05-06 09:40:16,2833.8,228857
2021-05-06 09:40:17,2833.0,228957
2021-05-06 09:40:18,2832.9,228958
2021-05-06 09:40:19,2833.25,229207
2021-05-06 09:40:20,2831.0,229259
2021-05-06 09:40:21,2831.15,229277
2021-05-06 09:40:22,2831.35,229577
2021-05-06 09:40:23,2831.4,229879
2021-05-06 09:40:24,2831.45,229969
2021-05-06 09:40:25,2833.5,230312
2021-05-06 09:40:26,2831.9,230379
2021-05-06 09:40:27,2831.4,230439
2021-05-06 09:40:28,2831.3,230447
2021-05-06 09:40:29,2829.5,231563
2021-05-06 09:40:30,2830.0,231581
2021-05-06 09:40:31,2829.1,231597
2021-05-06 09:40:33,2830.95,231813
2021-05-06 09:40:34,2829.2,232060
2021-05-06 09:40:35,2831.25,232212
2021-05-06 09:40:36,2830.0,232301
2021-05-06 09:40:37,2830.0,232301
2021-05-06 09:40:38,2829.2,232302
2021-05-06 09:40:39,2829.2,232368
2021-05-06 09:40:40,2829.2,232368
2021-05-06 09:40:41,2831.0,232454
2021-05-06 09:40:42,2829.9,232458
2021-05-06 09:40:43,2831.0,232559
2021-05-06 09:40:44,2830.5,232591
2021-05-06 09:40:45,2829.95,232601
2021-05-06 09:40:46,2831.0,232620
2021-05-06 09:40:47,2830.0,232705
2021-05-06 09:40:48,2830.0,232705
2021-05-06 09:40:49,2830.6,233292
2021-05-06 09:40:50,2830.55,233532
2021-05-06 09:40:51,2830.35,233786
2021-05-06 09:40:52,2830.45,233886
2021-05-06 09:40:53,2828.9,235214
2021-05-06 09:40:55,2830.85,235295
2021-05-06 09:40:56,2828.35,235385
2021-05-06 09:40:57,2830.95,235520
2021-05-06 09:40:58,2829.35,235570
2021-05-06 09:40:59,2829.6,235631
2021-05-06 09:41:00,2831.0,235732
2021-05-06 09:41:01,2830.5,236546
2021-05-06 09:41:02,2830.0,236560
2021-05-06 09:41:03,2829.0,236633
2021-05-06 09:41:04,2828.7,236723
2021-05-06 09:41:05,2829.35,236743
2021-05-06 09:41:06,2829.35,236743
2021-05-06 09:41:07,2831.0,236948
2021-05-06 09:41:08,2831.0,236954
2021-05-06 09:41:09,2829.95,236955
2021-05-06 09:41:10,2829.95,236955
2021-05-06 09:41:11,2829.75,236991
2021-05-06 09:41:12,2830.0,237021
2021-05-06 09:41:13,2831.1,237050
2021-05-06 09:41:14,2831.9,237147
2021-05-06 09:41:15,2831.85,237298
2021-05-06 09:41:16,2830.05,237299
2021-05-06 09:41:17,2831.9,237327
2021-05-06 09:41:18,2831.9,237327
2021-05-06 09:41:19,2831.9,237327
2021-05-06 09:41:20,2830.3,238003
2021-05-06 09:41:21,2830.3,238003
2021-05-06 09:41:22,2830.3,238003
2021-05-06 09:41:23,2831.0,238021
2021-05-06 09:41:24,2830.0,238052
2021-05-06 09:41:25,2830.0,238081
2021-05-06 09:41:26,2830.0,238083
2021-05-06 09:41:27,2830.0,238091
2021-05-06 09:41:28,2830.0,238266
2021-05-06 09:41:29,2831.0,238276
2021-05-06 09:41:30,2830.0,238384
2021-05-06 09:41:31,2830.0,238384
2021-05-06 09:41:32,2830.0,238384
2021-05-06 09:41:33,2830.8,238396
2021-05-06 09:41:34,2830.0,238413
2021-05-06 09:41:35,2830.0,238413
2021-05-06 09:41:36,2829.6,238519
2021-05-06 09:41:37,2830.0,238549
2021-05-06 09:41:38,2830.5,238807
2021-05-06 09:41:39,2829.35,238820
2021-05-06 09:41:40,2829.35,238820
2021-05-06 09:41:41,2829.95,238847
2021-05-06 09:41:42,2829.0,239063
2021-05-06 09:41:44,2830.0,239125
2021-05-06 09:41:43,2829.35,239075
2021-05-06 09:41:45,2830.0,239125
2021-05-06 09:41:46,2830.0,239235
2021-05-06 09:41:47,2829.0,239275
2021-05-06 09:41:48,2829.0,239285
2021-05-06 09:41:49,2830.0,239385
2021-05-06 09:41:51,2829.0,239410
2021-05-06 09:41:50,2829.0,239399
2021-05-06 09:41:52,2829.0,239410
2021-05-06 09:41:53,2829.0,239428
2021-05-06 09:41:54,2829.0,239428
2021-05-06 09:41:56,2829.0,239436
2021-05-06 09:41:55,2830.0,239434
2021-05-06 09:41:57,2830.0,239441
2021-05-06 09:41:58,2830.0,239471
2021-05-06 09:41:59,2830.0,239584
2021-05-06 09:42:00,2830.0,239689
2021-05-06 09:42:01,2830.0,239737
2021-05-06 09:42:03,2830.0,239823
2021-05-06 09:42:04,2830.0,239833
2021-05-06 09:42:05,2830.8,239844
2021-05-06 09:42:06,2830.8,239844
2021-05-06 09:42:07,2830.8,239844
2021-05-06 09:42:09,2829.4,239854
2021-05-06 09:42:08,2829.4,239854
2021-05-06 09:42:10,2830.0,239864
2021-05-06 09:42:11,2830.0,239864
2021-05-06 09:42:12,2830.0,239864
2021-05-06 09:42:13,2830.0,239866
2021-05-06 09:42:14,2829.4,239928
2021-05-06 09:42:15,2829.4,239928
2021-05-06 09:42:16,2829.15,239929
2021-05-06 09:42:17,2829.0,240073
2021-05-06 09:42:18,2830.0,240173
2021-05-06 09:42:19,2829.0,240175
2021-05-06 09:42:20,2829.0,240375
2021-05-06 09:42:21,2829.0,240375
2021-05-06 09:42:22,2829.0,240375
2021-05-06 09:42:23,2829.0,240375
2021-05-06 09:42:24,2829.9,241005
2021-05-06 09:42:25,2829.9,241005
2021-05-06 09:42:26,2830.0,241119
2021-05-06 09:42:27,2830.05,241134
2021-05-06 09:42:28,2830.05,241134
2021-05-06 09:42:30,2830.0,241139
2021-05-06 09:42:30,2830.0,241139
2021-05-06 09:42:31,2830.0,241160
2021-05-06 09:42:32,2830.0,241167
2021-05-06 09:42:33,2830.0,241182
2021-05-06 09:42:34,2830.0,241182
2021-05-06 09:42:35,2830.0,241283
2021-05-06 09:42:36,2830.0,241287
2021-05-06 09:42:38,2830.0,241287
2021-05-06 09:42:39,2830.8,241339
2021-05-06 09:42:39,2830.8,241339
2021-05-06 09:42:40,2830.8,241407
2021-05-06 09:42:41,2829.0,241408
2021-05-06 09:42:42,2829.0,241408
2021-05-06 09:42:44,2829.0,241408
2021-05-06 09:42:45,2830.0,241418
2021-05-06 09:42:45,2830.0,241418
2021-05-06 09:42:46,2830.0,241433
2021-05-06 09:42:47,2830.0,241433
2021-05-06 09:42:48,2830.0,241434
2021-05-06 09:42:49,2830.0,241434
2021-05-06 09:42:50,2830.7,241559
2021-05-06 09:42:52,2830.7,241559
2021-05-06 09:42:52,2830.7,241559
2021-05-06 09:42:53,2830.0,241577
2021-05-06 09:42:54,2829.35,241581
2021-05-06 09:42:55,2830.15,241606
2021-05-06 09:42:57,2830.15,241606
2021-05-06 09:42:57,2830.15,241606
2021-05-06 09:42:58,2830.0,241624
2021-05-06 09:42:59,2830.2,241805
2021-05-06 09:43:01,2830.2,241805
2021-05-06 09:43:01,2830.0,241806
2021-05-06 09:43:03,2830.0,241809
2021-05-06 09:43:03,2830.0,241809
2021-05-06 09:43:04,2830.0,241809
2021-05-06 09:43:05,2830.0,241904
2021-05-06 09:43:06,2830.0,241909
2021-05-06 09:43:07,2830.0,241909
2021-05-06 09:43:08,2829.0,241920
2021-05-06 09:43:09,2829.0,241920
2021-05-06 09:43:10,2829.5,242001
2021-05-06 09:43:12,2829.0,242007
2021-05-06 09:43:12,2830.0,242091
2021-05-06 09:43:13,2830.0,242171
2021-05-06 09:43:14,2829.0,242286
2021-05-06 09:43:15,2829.0,242286
2021-05-06 09:43:16,2829.05,242287
2021-05-06 09:43:17,2829.05,242287
2021-05-06 09:43:18,2829.5,242308
2021-05-06 09:43:19,2829.5,242308
2021-05-06 09:43:20,2830.0,242313
2021-05-06 09:43:22,2830.0,242313
2021-05-06 09:43:22,2830.0,242313
2021-05-06 09:43:23,2829.5,242343
2021-05-06 09:43:24,2830.1,242592
2021-05-06 09:43:25,2830.1,242592
2021-05-06 09:43:26,2830.1,242592
2021-05-06 09:43:28,2830.1,242592
2021-05-06 09:43:28,2830.1,242592
2021-05-06 09:43:29,2830.25,242612
2021-05-06 09:43:30,2830.25,242622
2021-05-06 09:43:31,2830.5,242776
2021-05-06 09:43:32,2829.7,242778
2021-05-06 09:43:34,2829.3,242830
2021-05-06 09:43:35,2830.5,242880
2021-05-06 09:43:37,2830.5,242880
2021-05-06 09:43:37,2830.5,242880
2021-05-06 09:43:38,2830.5,242880
2021-05-06 09:43:39,2829.5,242885
2021-05-06 09:43:40,2829.5,242885
2021-05-06 09:43:41,2829.5,242885
2021-05-06 09:43:43,2829.3,242894
2021-05-06 09:43:44,2829.3,242894
2021-05-06 09:43:45,2830.5,242915
2021-05-06 09:43:45,2830.5,242895
2021-05-06 09:43:46,2830.0,242940
2021-05-06 09:43:47,2829.3,242979
2021-05-06 09:43:48,2830.4,243000
2021-05-06 09:43:49,2829.5,243028
2021-05-06 09:43:51,2831.0,243712
2021-05-06 09:43:51,2831.0,243712
2021-05-06 09:43:52,2831.0,243731
2021-05-06 09:43:53,2830.4,243781
2021-05-06 09:43:54,2830.0,243782
2021-05-06 09:43:55,2830.0,243822
2021-05-06 09:43:56,2830.0,243822
2021-05-06 09:43:57,2830.0,243897
2021-05-06 09:43:58,2829.7,243902
2021-05-06 09:44:00,2830.0,244337
2021-05-06 09:44:00,2830.0,244337
2021-05-06 09:44:01,2830.55,244342
2021-05-06 09:44:02,2830.35,244493
2021-05-06 09:44:03,2830.35,244493
2021-05-06 09:44:04,2830.3,244585
2021-05-06 09:44:06,2833.0,245632
2021-05-06 09:44:07,2834.55,246038
2021-05-06 09:44:08,2833.05,246538
2021-05-06 09:44:09,2834.1,246548
2021-05-06 09:44:10,2834.25,246549
2021-05-06 09:44:11,2834.05,246559
2021-05-06 09:44:12,2829.0,262029
2021-05-06 09:44:14,2830.65,262044
2021-05-06 09:44:15,2830.65,262044
2021-05-06 09:44:15,2830.65,262044
2021-05-06 09:44:16,2832.45,262066
2021-05-06 09:44:17,2832.25,262078
2021-05-06 09:44:18,2832.9,264756
2021-05-06 09:44:19,2834.2,264859
2021-05-06 09:44:20,2834.95,264905
2021-05-06 09:44:21,2834.9,265612
2021-05-06 09:44:23,2835.55,267239
2021-05-06 09:44:24,2834.95,267357
2021-05-06 09:44:26,2834.65,267385
2021-05-06 09:44:27,2836.25,268378
2021-05-06 09:44:27,2836.25,268378
2021-05-06 09:44:28,2838.4,268503
2021-05-06 09:44:29,2836.85,268983
2021-05-06 09:44:30,2838.95,269336
2021-05-06 09:44:32,2839.2,269866
2021-05-06 09:44:33,2838.35,270746
2021-05-06 09:44:33,2840.0,270761
2021-05-06 09:44:34,2838.0,271381
2021-05-06 09:44:35,2837.4,271415
2021-05-06 09:44:36,2836.85,271665
2021-05-06 09:44:37,2838.0,272105
2021-05-06 09:44:38,2840.0,272485
2021-05-06 09:44:39,2838.2,272688
2021-05-06 09:44:40,2840.0,272967
2021-05-06 09:44:41,2838.1,273108
2021-05-06 09:44:42,2837.45,273322
2021-05-06 09:44:44,2837.75,273539
2021-05-06 09:44:45,2840.0,274525
2021-05-06 09:44:46,2838.65,274542
2021-05-06 09:44:47,2840.0,274662
2021-05-06 09:44:47,2840.0,274662
2021-05-06 09:44:48,2842.55,277471
2021-05-06 09:44:49,2842.8,277703
2021-05-06 09:44:50,2839.5,277933
2021-05-06 09:44:51,2842.0,278117
2021-05-06 09:44:52,2842.0,278151
2021-05-06 09:44:53,2836.0,292685
2021-05-06 09:44:54,2837.1,292699
2021-05-06 09:44:56,2837.15,292851
2021-05-06 09:44:57,2835.9,292907
2021-05-06 09:44:57,2837.1,292910
2021-05-06 09:44:58,2835.9,292967
2021-05-06 09:44:59,2841.8,294000
2021-05-06 09:45:00,2842.85,294117
2021-05-06 09:45:01,2841.05,294120
2021-05-06 09:45:02,2841.8,294164
2021-05-06 09:45:03,2840.7,294269
2021-05-06 09:45:04,2841.55,295169
2021-05-06 09:45:05,2839.5,302647
2021-05-06 09:45:06,2840.0,302914
2021-05-06 09:45:07,2840.0,303534
2021-05-06 09:45:08,2839.7,303608
2021-05-06 09:45:09,2839.05,304016
2021-05-06 09:45:10,2840.0,304021
2021-05-06 09:45:11,2839.25,304024
2021-05-06 09:45:13,2840.0,304058
2021-05-06 09:45:14,2839.35,304980
2021-05-06 09:45:14,2838.9,305245
2021-05-06 09:45:15,2843.0,312525
2021-05-06 09:45:16,2839.0,314877
2021-05-06 09:45:17,2839.95,315094
2021-05-06 09:45:18,2841.0,315095
2021-05-06 09:45:19,2844.3,316162
2021-05-06 09:45:20,2840.6,316381
2021-05-06 09:45:21,2841.65,316382
2021-05-06 09:45:22,2841.35,316661
2021-05-06 09:45:23,2841.8,316676
2021-05-06 09:45:24,2843.05,316692
2021-05-06 09:45:25,2843.4,316788
2021-05-06 09:45:26,2841.45,316870
2021-05-06 09:45:27,2841.25,316971
2021-05-06 09:45:28,2841.0,317039
2021-05-06 09:45:29,2840.75,317344
2021-05-06 09:45:30,2842.75,317389
2021-05-06 09:45:31,2841.8,318279
2021-05-06 09:45:33,2843.0,318297
2021-05-06 09:45:34,2842.4,318412
2021-05-06 09:45:34,2842.2,318417
2021-05-06 09:45:35,2843.4,318434
2021-05-06 09:45:36,2841.75,318571
2021-05-06 09:45:37,2842.05,318799
2021-05-06 09:45:38,2841.4,318867
2021-05-06 09:45:39,2839.8,322865
2021-05-06 09:45:40,2839.0,323192
2021-05-06 09:45:41,2840.0,323247
2021-05-06 09:45:42,2839.5,323992
2021-05-06 09:45:43,2839.5,324092
2021-05-06 09:45:44,2838.45,324132
2021-05-06 09:45:45,2839.45,324213
2021-05-06 09:45:46,2839.45,324213
2021-05-06 09:45:47,2839.5,324218
2021-05-06 09:45:48,2839.35,324229
2021-05-06 09:45:49,2838.05,324327
2021-05-06 09:45:50,2839.6,324352
2021-05-06 09:45:51,2838.05,324358
2021-05-06 09:45:52,2839.7,324360
2021-05-06 09:45:53,2839.7,324360
2021-05-06 09:45:54,2838.0,324420
2021-05-06 09:45:55,2838.0,324438
2021-05-06 09:45:57,2839.0,324440
2021-05-06 09:45:58,2838.0,324461
2021-05-06 09:45:58,2839.0,324471
2021-05-06 09:45:59,2837.9,324502
2021-05-06 09:46:00,2837.75,324522
2021-05-06 09:46:01,2838.9,324527
2021-05-06 09:46:02,2838.9,324534
2021-05-06 09:46:03,2837.6,324634
2021-05-06 09:46:04,2837.6,324658
2021-05-06 09:46:05,2837.3,324696
2021-05-06 09:46:06,2839.0,324926
2021-05-06 09:46:07,2837.0,324951
2021-05-06 09:46:08,2837.0,324959
2021-05-06 09:46:09,2836.9,324964
2021-05-06 09:46:10,2837.6,325705
2021-05-06 09:46:11,2839.0,325735
2021-05-06 09:46:12,2838.9,325737
2021-05-06 09:46:13,2836.85,325826
2021-05-06 09:46:14,2838.0,325834
2021-05-06 09:46:15,2838.75,326391
2021-05-06 09:46:16,2838.75,326391
2021-05-06 09:46:17,2839.0,326842
2021-05-06 09:46:18,2839.0,326842
2021-05-06 09:46:19,2839.0,326842
2021-05-06 09:46:20,2839.0,326842
2021-05-06 09:46:22,2837.65,326856
2021-05-06 09:46:23,2838.65,326926
2021-05-06 09:46:24,2838.65,326945
2021-05-06 09:46:25,2836.8,327091
2021-05-06 09:46:26,2837.1,327104
2021-05-06 09:46:27,2837.1,327104
2021-05-06 09:46:28,2840.0,327949
2021-05-06 09:46:29,2840.0,328454
2021-05-06 09:46:30,2840.2,328455
2021-05-06 09:46:30,2840.2,328455
2021-05-06 09:46:31,2839.9,328469
2021-05-06 09:46:32,2839.8,328474
2021-05-06 09:46:33,2840.0,328477
2021-05-06 09:46:34,2840.0,328490
2021-05-06 09:46:35,2840.0,328490
2021-05-06 09:46:36,2840.45,328571
2021-05-06 09:46:37,2840.8,328677
2021-05-06 09:46:39,2841.75,328798
2021-05-06 09:46:40,2843.0,329560
2021-05-06 09:46:40,2843.0,329860
2021-05-06 09:46:41,2842.2,329862
2021-05-06 09:46:43,2843.0,330080
2021-05-06 09:46:43,2843.4,330100
2021-05-06 09:46:44,2842.05,330153
2021-05-06 09:46:45,2842.05,330173
2021-05-06 09:46:47,2842.4,330379
2021-05-06 09:46:47,2842.35,330831
2021-05-06 09:46:49,2842.25,331114
2021-05-06 09:46:50,2842.25,331114
2021-05-06 09:46:51,2841.3,333676
2021-05-06 09:46:52,2841.85,333706
2021-05-06 09:46:53,2842.0,333756
2021-05-06 09:46:54,2842.0,333810
2021-05-06 09:46:55,2840.55,333870
2021-05-06 09:46:56,2840.65,333880
2021-05-06 09:46:57,2841.2,334187
2021-05-06 09:46:58,2840.4,334201
2021-05-06 09:46:59,2842.2,334204
2021-05-06 09:47:00,2842.2,334248
2021-05-06 09:47:01,2841.85,334255
2021-05-06 09:47:02,2841.0,334296
2021-05-06 09:47:02,2841.85,334297
2021-05-06 09:47:04,2841.85,334307
2021-05-06 09:47:04,2841.0,334363
2021-05-06 09:47:06,2841.85,334397
2021-05-06 09:47:08,2840.9,334423
2021-05-06 09:47:09,2840.95,334432
2021-05-06 09:47:10,2840.4,334467
2021-05-06 09:47:11,2840.25,334482
2021-05-06 09:47:12,2840.2,334501
2021-05-06 09:47:13,2839.35,335201
2021-05-06 09:47:14,2841.0,335693
2021-05-06 09:47:15,2839.5,335775
2021-05-06 09:47:15,2839.2,335795
2021-05-06 09:47:16,2838.7,335992
2021-05-06 09:47:17,2838.7,335992
2021-05-06 09:47:18,2839.8,335995
2021-05-06 09:47:19,2840.55,336102
2021-05-06 09:47:20,2839.15,336182
2021-05-06 09:47:21,2839.15,336182
2021-05-06 09:47:23,2839.0,336199
2021-05-06 09:47:23,2840.5,336200
2021-05-06 09:47:24,2839.0,336201
2021-05-06 09:47:25,2839.95,336216
2021-05-06 09:47:26,2839.95,336216
2021-05-06 09:47:27,2839.0,336290
2021-05-06 09:47:28,2839.0,336290
2021-05-06 09:47:29,2839.15,336291
2021-05-06 09:47:30,2838.7,336366
2021-05-06 09:47:31,2839.95,336367
2021-05-06 09:47:32,2838.55,336368
2021-05-06 09:47:33,2839.95,336388
2021-05-06 09:47:34,2838.65,336393
2021-05-06 09:47:35,2839.5,336422
2021-05-06 09:47:37,2839.5,336430
2021-05-06 09:47:38,2839.5,336430
2021-05-06 09:47:39,2839.5,336430
2021-05-06 09:47:39,2841.85,336801
2021-05-06 09:47:41,2841.85,336804
2021-05-06 09:47:41,2840.1,336805
2021-05-06 09:47:43,2841.85,336810
2021-05-06 09:47:44,2840.65,336869
2021-05-06 09:47:45,2839.9,337106
2021-05-06 09:47:46,2841.75,337244
2021-05-06 09:47:47,2841.75,337244
2021-05-06 09:47:48,2840.4,337292
2021-05-06 09:47:49,2840.4,337292
2021-05-06 09:47:50,2840.45,337447
2021-05-06 09:47:51,2840.45,337449
2021-05-06 09:47:52,2840.4,337469
2021-05-06 09:47:53,2842.2,337526
2021-05-06 09:47:54,2842.2,337526
2021-05-06 09:47:55,2839.75,338029
2021-05-06 09:47:56,2841.55,338035
2021-05-06 09:47:57,2841.7,338135
2021-05-06 09:47:57,2841.7,338135
2021-05-06 09:47:58,2841.7,338135
2021-05-06 09:47:59,2840.0,338136
2021-05-06 09:48:00,2840.3,338288
2021-05-06 09:48:01,2840.3,338298
2021-05-06 09:48:02,2841.9,338387
2021-05-06 09:48:03,2840.25,338512
2021-05-06 09:48:04,2841.55,338529
2021-05-06 09:48:05,2841.55,338531
2021-05-06 09:48:06,2841.9,338608
2021-05-06 09:48:07,2841.9,338610
2021-05-06 09:48:08,2841.9,338637
2021-05-06 09:48:09,2841.9,338637
2021-05-06 09:48:10,2841.55,338647
2021-05-06 09:48:11,2840.5,338772
2021-05-06 09:48:12,2842.0,338872
2021-05-06 09:48:13,2840.7,338886
2021-05-06 09:48:14,2842.0,339179
2021-05-06 09:48:15,2842.0,339208
2021-05-06 09:48:16,2842.0,339208
2021-05-06 09:48:18,2840.65,339254
2021-05-06 09:48:18,2840.7,339264
2021-05-06 09:48:19,2843.35,339894
2021-05-06 09:48:20,2843.35,339894
2021-05-06 09:48:22,2843.05,339931
2021-05-06 09:48:23,2842.45,339985
2021-05-06 09:48:24,2842.45,340270
2021-05-06 09:48:24,2842.45,340270
2021-05-06 09:48:25,2842.45,340270
2021-05-06 09:48:26,2843.45,340713
2021-05-06 09:48:28,2843.0,340716
2021-05-06 09:48:29,2842.25,340834
2021-05-06 09:48:30,2843.4,340837
2021-05-06 09:48:31,2843.0,341314
2021-05-06 09:48:32,2843.0,341314
2021-05-06 09:48:33,2842.2,341381
2021-05-06 09:48:34,2842.2,341381
2021-05-06 09:48:35,2842.85,341391
2021-05-06 09:48:36,2842.85,341440
2021-05-06 09:48:37,2842.0,341759
2021-05-06 09:48:39,2842.95,342065
2021-05-06 09:48:40,2842.0,342166
2021-05-06 09:48:41,2842.0,342168
2021-05-06 09:48:42,2843.35,342652
2021-05-06 09:48:44,2842.7,343069
2021-05-06 09:48:46,2843.05,343119
2021-05-06 09:48:47,2842.7,343200
2021-05-06 09:48:48,2841.4,343592
2021-05-06 09:48:49,2841.4,343601
2021-05-06 09:48:51,2842.0,343711
2021-05-06 09:48:52,2842.0,343711
2021-05-06 09:48:53,2842.0,343711
2021-05-06 09:48:54,2842.0,343712
2021-05-06 09:48:55,2842.0,343713
2021-05-06 09:48:56,2842.0,343715
2021-05-06 09:48:57,2842.4,343725
2021-05-06 09:48:58,2842.4,343735
2021-05-06 09:48:59,2842.0,343741
2021-05-06 09:49:00,2842.4,344002
2021-05-06 09:49:01,2843.0,344020
2021-05-06 09:49:02,2841.9,344027
2021-05-06 09:49:03,2841.9,344027
2021-05-06 09:49:04,2842.0,344037
2021-05-06 09:49:05,2842.2,344094
2021-05-06 09:49:06,2842.3,344385
2021-05-06 09:49:07,2842.05,344415
2021-05-06 09:49:08,2845.0,345838
2021-05-06 09:49:09,2845.0,346676
2021-05-06 09:49:10,2843.45,346677
2021-05-06 09:49:11,2843.45,346677
2021-05-06 09:49:12,2845.0,347027
2021-05-06 09:49:13,2843.2,347102
2021-05-06 09:49:14,2845.0,347160
2021-05-06 09:49:15,2845.0,347167
2021-05-06 09:49:16,2843.45,347217
2021-05-06 09:49:17,2845.0,347317
2021-05-06 09:49:18,2844.0,347354
2021-05-06 09:49:19,2844.0,347451
2021-05-06 09:49:20,2844.0,347457
2021-05-06 09:49:22,2843.05,347458
2021-05-06 09:49:23,2845.0,347465
2021-05-06 09:49:24,2845.0,347465
2021-05-06 09:49:25,2843.0,347500
2021-05-06 09:49:26,2843.0,347500
2021-05-06 09:49:27,2843.0,347500
2021-05-06 09:49:28,2844.6,347518
2021-05-06 09:49:29,2845.0,348473
2021-05-06 09:49:30,2844.6,348781
2021-05-06 09:49:31,2844.6,348922
2021-05-06 09:49:32,2845.0,349072
2021-05-06 09:49:33,2845.2,349171
2021-05-06 09:49:34,2844.15,349196
2021-05-06 09:49:35,2844.75,349872
2021-05-06 09:49:36,2844.6,349977
2021-05-06 09:49:37,2845.2,349993
2021-05-06 09:49:38,2844.4,350004
2021-05-06 09:49:38,2844.2,350306
2021-05-06 09:49:39,2846.3,350543
2021-05-06 09:49:40,2846.4,350633
2021-05-06 09:49:42,2846.25,350668
2021-05-06 09:49:43,2845.0,350728
2021-05-06 09:49:44,2845.0,350740
2021-05-06 09:49:45,2845.25,350849
2021-05-06 09:49:46,2846.65,350951
2021-05-06 09:49:47,2845.65,351519
2021-05-06 09:49:48,2845.35,351624
2021-05-06 09:49:49,2845.0,351836
2021-05-06 09:49:50,2845.0,351854
2021-05-06 09:49:51,2845.0,351954
2021-05-06 09:49:52,2846.25,352044
2021-05-06 09:49:53,2845.65,352079
2021-05-06 09:49:54,2846.0,352182
2021-05-06 09:49:55,2845.05,352209
2021-05-06 09:49:56,2845.05,352209
2021-05-06 09:49:57,2845.05,352221
2021-05-06 09:49:58,2846.0,352222
2021-05-06 09:49:59,2844.85,352623
2021-05-06 09:50:00,2844.6,352624
2021-05-06 09:50:01,2846.85,353054
2021-05-06 09:50:02,2848.0,353084
2021-05-06 09:50:03,2846.35,353550
2021-05-06 09:50:04,2846.6,353554
2021-05-06 09:50:05,2846.95,353976
2021-05-06 09:50:06,2847.9,354016
2021-05-06 09:50:07,2847.2,354042
2021-05-06 09:50:08,2846.95,354065
2021-05-06 09:50:09,2848.0,354090
2021-05-06 09:50:10,2847.7,354593
2021-05-06 09:50:11,2848.5,354619
2021-05-06 09:50:12,2848.5,355321
2021-05-06 09:50:13,2849.0,356208
2021-05-06 09:50:14,2849.7,357123
2021-05-06 09:50:15,2848.0,357188
2021-05-06 09:50:16,2849.8,357251
2021-05-06 09:50:16,2849.8,357251
2021-05-06 09:50:17,2849.75,361824
2021-05-06 09:50:18,2849.6,362120
2021-05-06 09:50:19,2848.2,362136
2021-05-06 09:50:20,2850.0,363042
2021-05-06 09:50:21,2850.0,363102
2021-05-06 09:50:22,2850.0,364447
2021-05-06 09:50:24,2850.0,365115
2021-05-06 09:50:25,2850.0,365250
2021-05-06 09:50:26,2849.7,366281
2021-05-06 09:50:27,2851.45,366532
2021-05-06 09:50:28,2849.75,367322
2021-05-06 09:50:29,2850.3,367352
2021-05-06 09:50:30,2851.75,367367
2021-05-06 09:50:31,2852.9,367606
2021-05-06 09:50:32,2852.0,367643
2021-05-06 09:50:32,2853.7,367633
2021-05-06 09:50:33,2853.0,367797
2021-05-06 09:50:35,2854.0,367956
2021-05-06 09:50:36,2851.85,367966
2021-05-06 09:50:37,2851.85,367966
2021-05-06 09:50:38,2853.0,368014
2021-05-06 09:50:39,2853.0,368024
2021-05-06 09:50:40,2851.2,368059
2021-05-06 09:50:40,2854.0,368777
2021-05-06 09:50:41,2852.9,368810
2021-05-06 09:50:42,2852.7,369699
2021-05-06 09:50:43,2852.15,369718
2021-05-06 09:50:45,2852.2,369723
2021-05-06 09:50:46,2852.0,369810
2021-05-06 09:50:47,2851.6,370196
2021-05-06 09:50:48,2854.0,370280
2021-05-06 09:50:49,2851.9,370365
2021-05-06 09:50:50,2853.8,370446
2021-05-06 09:50:51,2852.0,370466
2021-05-06 09:50:53,2852.0,370532
2021-05-06 09:50:54,2852.05,370594
2021-05-06 09:50:55,2852.0,370701
2021-05-06 09:50:56,2851.0,371020
2021-05-06 09:50:57,2851.85,371294
2021-05-06 09:50:58,2852.0,371684
2021-05-06 09:50:59,2852.0,371715
2021-05-06 09:51:00,2851.0,371923
2021-05-06 09:51:01,2852.15,372253
2021-05-06 09:51:02,2850.05,372841
2021-05-06 09:51:03,2851.0,372890
2021-05-06 09:51:04,2850.05,372891
2021-05-06 09:51:05,2850.0,372934
2021-05-06 09:51:06,2850.0,372958
2021-05-06 09:51:07,2851.0,373005
2021-05-06 09:51:08,2851.0,373014
2021-05-06 09:51:09,2850.0,373024
2021-05-06 09:51:10,2850.0,373024
2021-05-06 09:51:11,2851.75,373089
2021-05-06 09:51:12,2851.75,373143
2021-05-06 09:51:13,2851.0,373195
2021-05-06 09:51:14,2850.0,373325
2021-05-06 09:51:15,2850.0,373575
2021-05-06 09:51:16,2850.0,373626
2021-05-06 09:51:17,2850.0,373626
2021-05-06 09:51:18,2850.0,373638
2021-05-06 09:51:19,2849.8,373895
2021-05-06 09:51:20,2849.8,373895
2021-05-06 09:51:21,2849.5,373925
2021-05-06 09:51:22,2850.0,374034
2021-05-06 09:51:23,2849.2,374114
2021-05-06 09:51:24,2849.0,374242
2021-05-06 09:51:25,2851.0,375065
2021-05-06 09:51:26,2850.6,375155
2021-05-06 09:51:27,2850.0,375233
2021-05-06 09:51:28,2850.05,375296
2021-05-06 09:51:29,2849.4,375312
2021-05-06 09:51:31,2850.85,375350
2021-05-06 09:51:32,2850.2,375389
2021-05-06 09:51:33,2851.65,375489
2021-05-06 09:51:34,2849.2,375586
2021-05-06 09:51:35,2851.35,375646
2021-05-06 09:51:36,2850.0,375672
2021-05-06 09:51:37,2850.85,375959
2021-05-06 09:51:38,2850.85,375959
2021-05-06 09:51:39,2850.8,375981
2021-05-06 09:51:40,2852.0,375986
2021-05-06 09:51:41,2852.0,375986
2021-05-06 09:51:42,2852.0,376003
2021-05-06 09:51:43,2851.0,376027
2021-05-06 09:51:44,2851.0,376037
2021-05-06 09:51:45,2851.0,376041
2021-05-06 09:51:46,2851.0,376043
2021-05-06 09:51:47,2849.55,376353
2021-05-06 09:51:48,2851.0,376366
2021-05-06 09:51:49,2851.7,376466
2021-05-06 09:51:50,2854.0,377183
2021-05-06 09:51:51,2854.0,377183
2021-05-06 09:51:52,2854.0,377183
2021-05-06 09:51:53,2854.0,377223
2021-05-06 09:51:54,2852.65,377360
2021-05-06 09:51:55,2850.95,377460
2021-05-06 09:51:56,2851.05,377461
2021-05-06 09:51:57,2852.75,377843
2021-05-06 09:51:58,2852.65,377947
2021-05-06 09:51:59,2853.0,377961
2021-05-06 09:52:00,2851.75,377996
2021-05-06 09:52:01,2849.7,378837
2021-05-06 09:52:03,2850.55,378859
2021-05-06 09:52:02,2850.5,378838
2021-05-06 09:52:04,2852.0,378929
2021-05-06 09:52:05,2850.75,378991
2021-05-06 09:52:06,2852.0,379125
2021-05-06 09:52:07,2850.75,379150
2021-05-06 09:52:08,2850.75,379150
2021-05-06 09:52:09,2850.6,379170
2021-05-06 09:52:10,2852.2,379231
2021-05-06 09:52:11,2850.5,379262
2021-05-06 09:52:12,2851.95,379367
2021-05-06 09:52:13,2851.8,379370
2021-05-06 09:52:14,2850.5,379654
2021-05-06 09:52:15,2850.5,379686
2021-05-06 09:52:16,2850.5,379802
2021-05-06 09:52:17,2850.5,379846
2021-05-06 09:52:18,2846.6,382015
2021-05-06 09:52:19,2847.3,382375
2021-05-06 09:52:20,2847.3,382375
2021-05-06 09:52:21,2847.3,382375
2021-05-06 09:52:22,2846.4,382505
2021-05-06 09:52:23,2845.8,382523
2021-05-06 09:52:24,2846.95,382652
2021-05-06 09:52:25,2847.0,382672
2021-05-06 09:52:26,2845.5,382702
2021-05-06 09:52:27,2845.2,382720
2021-05-06 09:52:28,2845.2,382730
2021-05-06 09:52:29,2847.25,382751
2021-05-06 09:52:30,2845.15,382809
2021-05-06 09:52:31,2845.0,382990
2021-05-06 09:52:32,2845.75,382991
2021-05-06 09:52:33,2846.95,382993
2021-05-06 09:52:34,2845.3,383043
2021-05-06 09:52:35,2845.3,383078
2021-05-06 09:52:36,2844.75,383501
2021-05-06 09:52:37,2843.45,383553
2021-05-06 09:52:38,2845.25,383578
2021-05-06 09:52:39,2845.35,383789
2021-05-06 09:52:40,2847.15,383879
2021-05-06 09:52:41,2845.3,383929
2021-05-06 09:52:42,2846.35,383951
2021-05-06 09:52:43,2846.05,383976
2021-05-06 09:52:44,2846.95,383986
2021-05-06 09:52:45,2847.65,383998
2021-05-06 09:52:46,2846.95,384023
2021-05-06 09:52:47,2848.0,384083
2021-05-06 09:52:48,2847.0,384090
2021-05-06 09:52:49,2847.0,384090
2021-05-06 09:52:50,2847.0,384090
2021-05-06 09:52:51,2847.0,384092
2021-05-06 09:52:52,2846.95,384210
2021-05-06 09:52:53,2846.05,384235
2021-05-06 09:52:54,2846.05,384770
2021-05-06 09:52:55,2845.6,384823
2021-05-06 09:52:56,2845.25,384928
2021-05-06 09:52:57,2847.85,385163
2021-05-06 09:52:58,2847.85,385163
2021-05-06 09:52:59,2846.9,385185
2021-05-06 09:53:00,2846.9,385200
2021-05-06 09:53:01,2846.9,385346
2021-05-06 09:53:02,2846.05,385411
2021-05-06 09:53:03,2845.65,385416
2021-05-06 09:53:04,2846.9,385429
2021-05-06 09:53:05,2846.95,385469
2021-05-06 09:53:07,2847.0,385490
2021-05-06 09:53:07,2847.0,385490
2021-05-06 09:53:08,2846.9,385778
2021-05-06 09:53:09,2846.9,385778
2021-05-06 09:53:11,2846.55,385850
2021-05-06 09:53:12,2845.0,385900
2021-05-06 09:53:13,2847.0,386315
2021-05-06 09:53:14,2848.0,386325
2021-05-06 09:53:15,2846.9,386347
2021-05-06 09:53:16,2846.95,386377
2021-05-06 09:53:17,2846.9,386388
2021-05-06 09:53:18,2848.35,386617
2021-05-06 09:53:19,2848.1,386692
2021-05-06 09:53:20,2847.6,386775
2021-05-06 09:53:22,2845.8,386938
2021-05-06 09:53:23,2846.75,386965
2021-05-06 09:53:24,2845.7,387071
2021-05-06 09:53:25,2846.55,387072
2021-05-06 09:53:26,2846.9,387073
2021-05-06 09:53:27,2847.0,387100
2021-05-06 09:53:27,2847.0,387100
2021-05-06 09:53:28,2846.4,387106
2021-05-06 09:53:29,2846.95,387109
2021-05-06 09:53:30,2846.95,387109
2021-05-06 09:53:31,2847.6,387137
2021-05-06 09:53:33,2847.95,387189
2021-05-06 09:53:33,2847.95,387189
2021-05-06 09:53:34,2846.95,387211
2021-05-06 09:53:35,2846.95,387211
2021-05-06 09:53:36,2848.1,387221
2021-05-06 09:53:37,2848.1,387221
2021-05-06 09:53:38,2847.0,387459
2021-05-06 09:53:40,2846.95,387579
2021-05-06 09:53:40,2846.95,387579
2021-05-06 09:53:41,2847.0,387684
2021-05-06 09:53:43,2847.0,387714
2021-05-06 09:53:43,2847.0,387714
2021-05-06 09:53:44,2845.0,388029
2021-05-06 09:53:45,2840.6,406579
2021-05-06 09:53:46,2841.1,407136
2021-05-06 09:53:47,2841.1,407136
2021-05-06 09:53:48,2842.45,407137
2021-05-06 09:53:49,2841.1,407199
2021-05-06 09:53:50,2840.7,407420
2021-05-06 09:53:51,2840.15,407470
2021-05-06 09:53:53,2840.1,407581
2021-05-06 09:53:53,2840.1,407581
2021-05-06 09:53:54,2840.7,407636
2021-05-06 09:53:55,2840.7,407636
2021-05-06 09:53:56,2840.7,407643
2021-05-06 09:53:58,2841.9,407892
2021-05-06 09:53:58,2840.05,407882
2021-05-06 09:53:59,2840.25,407893
2021-05-06 09:54:00,2840.75,408025
2021-05-06 09:54:01,2842.9,408096
2021-05-06 09:54:03,2840.65,408226
2021-05-06 09:54:04,2842.5,408327
2021-05-06 09:54:05,2843.1,408343
2021-05-06 09:54:06,2843.75,408350
2021-05-06 09:54:07,2843.75,408350
2021-05-06 09:54:08,2843.75,408350
2021-05-06 09:54:09,2842.5,408415
2021-05-06 09:54:10,2844.2,408431
2021-05-06 09:54:12,2844.2,408431
2021-05-06 09:54:12,2842.7,408481
2021-05-06 09:54:14,2844.6,408510
2021-05-06 09:54:15,2843.7,408783
2021-05-06 09:54:16,2843.7,408783
2021-05-06 09:54:16,2843.7,408783
2021-05-06 09:54:17,2842.0,408831
2021-05-06 09:54:18,2844.0,408846
2021-05-06 09:54:19,2844.2,408855
2021-05-06 09:54:21,2844.2,408855
2021-05-06 09:54:22,2844.2,408855
2021-05-06 09:54:23,2844.05,410580
2021-05-06 09:54:24,2844.9,410590
2021-05-06 09:54:25,2843.75,410616
2021-05-06 09:54:26,2843.75,410619
2021-05-06 09:54:28,2843.2,410771
2021-05-06 09:54:27,2844.2,410700
2021-05-06 09:54:29,2845.0,410837
2021-05-06 09:54:30,2845.9,411141
2021-05-06 09:54:31,2844.6,411152
2021-05-06 09:54:32,2845.0,411177
2021-05-06 09:54:33,2846.35,411297
2021-05-06 09:54:34,2846.1,411298
2021-05-06 09:54:35,2845.0,411385
2021-05-06 09:54:37,2845.0,411410
2021-05-06 09:54:38,2846.0,411566
2021-05-06 09:54:40,2845.9,411746
2021-05-06 09:54:41,2846.0,411811
2021-05-06 09:54:42,2845.0,411822
2021-05-06 09:54:43,2845.0,411824
2021-05-06 09:54:45,2845.0,411871
2021-05-06 09:54:46,2845.0,411872
2021-05-06 09:54:46,2845.0,411872
2021-05-06 09:54:47,2845.0,411887
2021-05-06 09:54:48,2845.0,411942
2021-05-06 09:54:49,2845.0,411942
2021-05-06 09:54:50,2845.45,411946
2021-05-06 09:54:52,2845.0,411996
2021-05-06 09:54:53,2845.0,412059
2021-05-06 09:54:54,2845.9,412221
2021-05-06 09:54:55,2845.95,412261
2021-05-06 09:54:56,2845.0,412263
2021-05-06 09:54:57,2845.7,412410
2021-05-06 09:55:00,2845.0,412430
2021-05-06 09:55:00,2844.0,412897
2021-05-06 09:55:01,2844.3,412933
2021-05-06 09:55:02,2844.0,413054
2021-05-06 09:55:03,2844.55,413058
2021-05-06 09:55:05,2844.55,413059
2021-05-06 09:55:06,2844.55,413059
2021-05-06 09:55:06,2844.55,413059
2021-05-06 09:55:07,2844.0,413060
2021-05-06 09:55:09,2843.7,413093
2021-05-06 09:55:10,2843.9,413123
2021-05-06 09:55:11,2844.0,413124
2021-05-06 09:55:12,2844.0,413124
2021-05-06 09:55:13,2842.25,413136
2021-05-06 09:55:14,2842.25,413136
2021-05-06 09:55:15,2842.25,413136
2021-05-06 09:55:16,2843.0,413139
2021-05-06 09:55:17,2843.0,413139
2021-05-06 09:55:18,2843.8,413159
2021-05-06 09:55:20,2843.8,413163
2021-05-06 09:55:21,2843.8,413173
2021-05-06 09:55:21,2843.8,413173
2021-05-06 09:55:23,2843.7,413176
2021-05-06 09:55:24,2843.7,413176
2021-05-06 09:55:24,2843.7,413176
2021-05-06 09:55:25,2843.55,413237
2021-05-06 09:55:26,2843.8,413248
2021-05-06 09:55:28,2843.8,413253
2021-05-06 09:55:30,2844.1,413405
2021-05-06 09:55:31,2844.1,413405
2021-05-06 09:55:32,2843.8,413409
2021-05-06 09:55:33,2843.8,413421
2021-05-06 09:55:33,2843.8,413421
2021-05-06 09:55:34,2843.8,413421
2021-05-06 09:55:35,2844.15,413436
2021-05-06 09:55:36,2844.0,413437
2021-05-06 09:55:37,2842.5,413450
2021-05-06 09:55:38,2842.5,413465
2021-05-06 09:55:39,2842.5,413465
2021-05-06 09:55:40,2842.5,413465
2021-05-06 09:55:41,2843.9,413477
2021-05-06 09:55:42,2843.9,413922
2021-05-06 09:55:44,2843.0,413928
2021-05-06 09:55:44,2843.0,413928
2021-05-06 09:55:46,2843.0,413939
2021-05-06 09:55:47,2843.0,413939
2021-05-06 09:55:48,2843.0,413939
2021-05-06 09:55:49,2841.0,414354
2021-05-06 09:55:50,2842.1,414355
2021-05-06 09:55:51,2842.1,414355
2021-05-06 09:55:52,2842.1,414355
2021-05-06 09:55:53,2841.1,414365
2021-05-06 09:55:54,2841.1,414365
2021-05-06 09:55:55,2841.1,414365
2021-05-06 09:55:56,2840.55,414411
2021-05-06 09:55:57,2840.5,414511
2021-05-06 09:55:58,2841.0,414518
2021-05-06 09:55:59,2841.0,414518
2021-05-06 09:56:00,2841.3,414563
2021-05-06 09:56:01,2840.5,414569
2021-05-06 09:56:03,2840.0,415091
2021-05-06 09:56:04,2838.65,415678
2021-05-06 09:56:05,2838.7,415686
2021-05-06 09:56:07,2838.65,415752
2021-05-06 09:56:08,2838.65,415865
2021-05-06 09:56:09,2838.65,415922
2021-05-06 09:56:10,2839.0,416047
2021-05-06 09:56:11,2837.0,416441
2021-05-06 09:56:12,2838.2,416541
2021-05-06 09:56:13,2838.45,416568
2021-05-06 09:56:14,2838.45,416568
2021-05-06 09:56:15,2839.95,417111
2021-05-06 09:56:15,2839.95,417111
2021-05-06 09:56:16,2838.1,417183
2021-05-06 09:56:17,2838.1,417183
2021-05-06 09:56:18,2838.1,417183
2021-05-06 09:56:19,2838.35,417251
2021-05-06 09:56:20,2838.35,417251
2021-05-06 09:56:21,2837.65,417261
2021-05-06 09:56:22,2837.65,417286
2021-05-06 09:56:24,2837.65,417286
2021-05-06 09:56:25,2838.65,417336
2021-05-06 09:56:26,2839.2,417408
2021-05-06 09:56:26,2839.2,417398
2021-05-06 09:56:27,2838.9,417990
2021-05-06 09:56:28,2837.45,417991
2021-05-06 09:56:29,2837.1,418029
2021-05-06 09:56:30,2837.75,418444
2021-05-06 09:56:31,2839.35,418552
2021-05-06 09:56:32,2839.35,418552
2021-05-06 09:56:34,2839.35,418552
2021-05-06 09:56:34,2839.6,418557
2021-05-06 09:56:36,2839.6,418562
2021-05-06 09:56:37,2839.6,418562
2021-05-06 09:56:38,2839.6,418562
2021-05-06 09:56:39,2838.0,418582
2021-05-06 09:56:40,2839.1,418592
2021-05-06 09:56:40,2839.1,418592
2021-05-06 09:56:41,2838.0,418617
2021-05-06 09:56:42,2837.65,418717
2021-05-06 09:56:43,2837.65,418787
2021-05-06 09:56:44,2837.65,418787
2021-05-06 09:56:46,2838.05,418790
2021-05-06 09:56:47,2838.05,418826
2021-05-06 09:56:47,2838.05,418826
2021-05-06 09:56:49,2837.65,418829
2021-05-06 09:56:49,2837.65,418829
2021-05-06 09:56:50,2837.65,418829
2021-05-06 09:56:51,2838.05,418865
2021-05-06 09:56:52,2838.2,418915
2021-05-06 09:56:53,2838.2,418915
2021-05-06 09:56:54,2839.0,418940
2021-05-06 09:56:55,2839.95,419453
2021-05-06 09:56:56,2841.0,419504
2021-05-06 09:56:57,2841.0,419526
2021-05-06 09:56:58,2841.0,419526
2021-05-06 09:56:59,2841.0,419537
2021-05-06 09:57:00,2841.0,419537
2021-05-06 09:57:01,2841.0,419540
2021-05-06 09:57:02,2841.0,419540
2021-05-06 09:57:04,2841.0,419542
2021-05-06 09:57:05,2841.0,419542
2021-05-06 09:57:06,2839.95,419662
2021-05-06 09:57:07,2840.0,419687
2021-05-06 09:57:07,2840.0,419687
2021-05-06 09:57:08,2840.0,419687
2021-05-06 09:57:09,2841.0,419775
2021-05-06 09:57:12,2840.75,419785
2021-05-06 09:57:13,2843.0,420001
2021-05-06 09:57:14,2841.8,420016
2021-05-06 09:57:15,2842.75,420019
2021-05-06 09:57:16,2840.15,420029
2021-05-06 09:57:17,2840.0,420404
2021-05-06 09:57:18,2842.3,420654
2021-05-06 09:57:18,2842.3,420654
2021-05-06 09:57:19,2842.3,420654
2021-05-06 09:57:21,2841.0,420655
2021-05-06 09:57:22,2842.2,420656
2021-05-06 09:57:23,2841.0,420670
2021-05-06 09:57:24,2842.2,420671
2021-05-06 09:57:25,2842.2,420671
2021-05-06 09:57:26,2840.05,420812
2021-05-06 09:57:27,2840.05,420812
2021-05-06 09:57:28,2840.05,420812
2021-05-06 09:57:29,2841.0,420813
2021-05-06 09:57:30,2840.0,420817
2021-05-06 09:57:31,2840.95,420848
2021-05-06 09:57:32,2840.95,420848
2021-05-06 09:57:33,2840.95,420848
2021-05-06 09:57:34,2841.0,420898
2021-05-06 09:57:34,2841.0,420898
2021-05-06 09:57:35,2841.0,420898
2021-05-06 09:57:38,2841.0,420898
2021-05-06 09:57:39,2840.05,420923
2021-05-06 09:57:40,2840.05,420923
2021-05-06 09:57:41,2840.05,420923
2021-05-06 09:57:42,2840.05,420923
2021-05-06 09:57:42,2840.05,420923
2021-05-06 09:57:43,2840.05,420923
2021-05-06 09:57:44,2840.05,420923
2021-05-06 09:57:45,2841.0,420927
2021-05-06 09:57:47,2841.0,420927
2021-05-06 09:57:48,2841.0,420942
2021-05-06 09:57:49,2840.05,420947
2021-05-06 09:57:50,2840.1,421048
2021-05-06 09:57:51,2840.1,421048
2021-05-06 09:57:52,2841.2,421143
2021-05-06 09:57:52,2841.2,421143
2021-05-06 09:57:53,2840.95,421146
2021-05-06 09:57:54,2840.95,421171
2021-05-06 09:57:56,2840.95,421184
2021-05-06 09:57:58,2840.95,421184
2021-05-06 09:57:59,2840.0,421189
2021-05-06 09:58:00,2840.7,421243
2021-05-06 09:58:01,2840.0,421663
2021-05-06 09:58:01,2840.0,421663
2021-05-06 09:58:02,2840.0,421663
2021-05-06 09:58:04,2839.15,421748
2021-05-06 09:58:05,2839.15,421748
2021-05-06 09:58:06,2839.0,421798
2021-05-06 09:58:07,2839.45,421799
2021-05-06 09:58:08,2839.45,421799
2021-05-06 09:58:09,2838.3,421809
2021-05-06 09:58:10,2839.5,421819
2021-05-06 09:58:11,2839.5,421819
2021-05-06 09:58:12,2839.5,421819
2021-05-06 09:58:14,2839.25,421824
2021-05-06 09:58:15,2839.25,421835
2021-05-06 09:58:16,2839.25,421835
2021-05-06 09:58:17,2842.0,423756
2021-05-06 09:58:17,2842.0,423756
2021-05-06 09:58:18,2840.45,423759
2021-05-06 09:58:21,2840.0,423774
2021-05-06 09:58:22,2840.0,423774
2021-05-06 09:58:22,2840.0,423804
2021-05-06 09:58:24,2840.0,423811
2021-05-06 09:58:25,2841.6,423861
2021-05-06 09:58:26,2840.0,423863
2021-05-06 09:58:27,2840.0,423863
2021-05-06 09:58:28,2841.95,424173
2021-05-06 09:58:29,2841.95,424173
2021-05-06 09:58:29,2841.95,424173
2021-05-06 09:58:30,2841.95,424173
2021-05-06 09:58:31,2840.0,424182
2021-05-06 09:58:32,2840.0,424182
2021-05-06 09:58:33,2841.6,424286
2021-05-06 09:58:34,2840.05,424297
2021-05-06 09:58:35,2841.6,424298
2021-05-06 09:58:36,2841.6,424298
2021-05-06 09:58:37,2841.6,424298
2021-05-06 09:58:39,2840.0,424304
2021-05-06 09:58:38,2840.0,424304
2021-05-06 09:58:41,2840.0,424365
2021-05-06 09:58:42,2840.0,424365
2021-05-06 09:58:44,2840.2,424385
2021-05-06 09:58:43,2840.2,424385
2021-05-06 09:58:45,2840.0,424386
2021-05-06 09:58:47,2840.2,424387
2021-05-06 09:58:48,2840.0,424393
2021-05-06 09:58:48,2840.2,424392
2021-05-06 09:58:49,2840.0,424423
2021-05-06 09:58:50,2840.0,424446
2021-05-06 09:58:51,2840.2,424447
2021-05-06 09:58:53,2840.0,424448
2021-05-06 09:58:54,2840.2,424450
2021-05-06 09:58:55,2840.0,424451
2021-05-06 09:58:57,2840.0,424456
2021-05-06 09:58:57,2840.0,424456
2021-05-06 09:58:58,2840.0,424472
2021-05-06 09:58:59,2840.0,424477
2021-05-06 09:59:00,2839.15,424499
2021-05-06 09:59:01,2840.2,424519
2021-05-06 09:59:02,2839.2,424520
2021-05-06 09:59:03,2839.2,424520
2021-05-06 09:59:05,2839.2,424520
2021-05-06 09:59:06,2840.2,424522
2021-05-06 09:59:07,2840.2,424525
2021-05-06 09:59:08,2840.2,424525
2021-05-06 09:59:09,2840.0,424535
2021-05-06 09:59:10,2840.0,424535
2021-05-06 09:59:11,2840.6,424585
2021-05-06 09:59:12,2840.6,424585
2021-05-06 09:59:12,2840.6,424585
2021-05-06 09:59:13,2840.6,424624
2021-05-06 09:59:14,2840.6,424624
2021-05-06 09:59:15,2840.6,424624
2021-05-06 09:59:16,2840.6,424624
2021-05-06 09:59:18,2840.6,424625
2021-05-06 09:59:19,2840.6,424625
2021-05-06 09:59:20,2840.6,424625
2021-05-06 09:59:21,2840.6,424625
2021-05-06 09:59:22,2840.6,424625
2021-05-06 09:59:23,2840.6,424625
2021-05-06 09:59:24,2840.6,424625
2021-05-06 09:59:25,2840.6,424625
2021-05-06 09:59:26,2840.0,424626
2021-05-06 09:59:27,2840.0,424626
2021-05-06 09:59:28,2840.0,424642
2021-05-06 09:59:29,2840.55,424647
2021-05-06 09:59:31,2840.55,424647
2021-05-06 09:59:33,2840.55,424673
2021-05-06 09:59:34,2840.55,424674
2021-05-06 09:59:35,2840.55,424674
2021-05-06 09:59:36,2840.55,424674
2021-05-06 09:59:37,2839.4,424850
2021-05-06 09:59:38,2839.15,424865
2021-05-06 09:59:39,2839.15,424865
2021-05-06 09:59:40,2839.15,424865
2021-05-06 09:59:41,2839.15,424865
2021-05-06 09:59:42,2839.15,424865
2021-05-06 09:59:43,2839.15,424865
2021-05-06 09:59:43,2839.15,424865
2021-05-06 09:59:45,2839.15,424865
2021-05-06 09:59:46,2839.0,425031
2021-05-06 09:59:48,2839.0,425031
2021-05-06 09:59:49,2839.0,425031
2021-05-06 09:59:50,2839.0,425031
2021-05-06 09:59:51,2837.3,425733
2021-05-06 09:59:52,2837.0,425740
2021-05-06 09:59:53,2837.0,425740
2021-05-06 09:59:53,2837.95,425760
2021-05-06 09:59:55,2837.95,425760
2021-05-06 09:59:56,2837.0,426005
2021-05-06 09:59:57,2837.0,426005
2021-05-06 09:59:58,2835.25,426352
2021-05-06 09:59:59,2835.25,426352
2021-05-06 10:00:00,2835.1,426359
2021-05-06 10:00:01,2835.25,426361
2021-05-06 10:00:02,2835.25,426365
2021-05-06 10:00:03,2836.7,426388
2021-05-06 10:00:03,2836.7,426388
2021-05-06 10:00:05,2835.35,426420
2021-05-06 10:00:06,2835.35,426453
2021-05-06 10:00:07,2836.7,426454
2021-05-06 10:00:09,2835.6,426479
2021-05-06 10:00:10,2836.7,426480
2021-05-06 10:00:11,2836.7,426480
2021-05-06 10:00:12,2836.0,426580
2021-05-06 10:00:13,2836.0,426580
2021-05-06 10:00:13,2836.0,426580
2021-05-06 10:00:15,2836.0,426735
2021-05-06 10:00:16,2835.95,426750
2021-05-06 10:00:17,2836.0,426859
2021-05-06 10:00:18,2835.35,426929
2021-05-06 10:00:19,2835.35,427130
2021-05-06 10:00:19,2835.35,427130
2021-05-06 10:00:21,2835.6,427175
2021-05-06 10:00:22,2837.0,427203
2021-05-06 10:00:23,2837.0,427206
2021-05-06 10:00:24,2836.55,427216
2021-05-06 10:00:25,2836.55,427216
2021-05-06 10:00:26,2838.0,427272
2021-05-06 10:00:27,2837.0,427297
2021-05-06 10:00:28,2837.4,427354
2021-05-06 10:00:28,2837.4,427354
2021-05-06 10:00:30,2838.8,427356
2021-05-06 10:00:31,2838.8,427356
2021-05-06 10:00:32,2838.0,427421
2021-05-06 10:00:33,2839.15,427638
2021-05-06 10:00:34,2838.6,427639
2021-05-06 10:00:35,2838.6,427639
2021-05-06 10:00:36,2839.0,427648
2021-05-06 10:00:37,2840.0,428138
2021-05-06 10:00:37,2840.0,428138
2021-05-06 10:00:39,2840.0,428138
2021-05-06 10:00:40,2841.0,428152
2021-05-06 10:00:41,2841.0,428152
2021-05-06 10:00:42,2840.1,428184
2021-05-06 10:00:43,2840.1,428184
2021-05-06 10:00:44,2842.0,428759
2021-05-06 10:00:45,2842.7,428800
2021-05-06 10:00:45,2842.7,428800
2021-05-06 10:00:47,2843.45,429750
2021-05-06 10:00:48,2843.45,429750
2021-05-06 10:00:49,2843.45,429750
2021-05-06 10:00:51,2842.85,429840
2021-05-06 10:00:51,2842.85,429840
2021-05-06 10:00:53,2842.75,430767
2021-05-06 10:00:54,2842.75,430767
2021-05-06 10:00:55,2842.75,430767
2021-05-06 10:00:56,2842.75,430770
2021-05-06 10:00:57,2842.25,430820
2021-05-06 10:00:58,2842.25,430820
2021-05-06 10:00:58,2843.15,430920
2021-05-06 10:01:00,2843.2,430955
2021-05-06 10:01:01,2842.75,430965
2021-05-06 10:01:02,2843.1,430981
2021-05-06 10:01:03,2844.1,431295
2021-05-06 10:01:04,2844.0,431550
2021-05-06 10:01:05,2844.0,431550
2021-05-06 10:01:05,2844.0,431550
2021-05-06 10:01:07,2842.0,431625
2021-05-06 10:01:08,2842.0,431625
2021-05-06 10:01:09,2842.0,431636
2021-05-06 10:01:10,2843.15,431658
2021-05-06 10:01:11,2843.15,431658
2021-05-06 10:01:12,2843.15,431658
2021-05-06 10:01:13,2843.15,431658
2021-05-06 10:01:14,2843.15,431658
2021-05-06 10:01:15,2843.15,431658
2021-05-06 10:01:16,2842.0,431688
2021-05-06 10:01:16,2842.0,431690
2021-05-06 10:01:18,2842.05,431691
2021-05-06 10:01:19,2842.05,431691
2021-05-06 10:01:20,2842.0,431793
2021-05-06 10:01:21,2844.0,431998
2021-05-06 10:01:22,2842.35,432001
2021-05-06 10:01:23,2842.25,432002
2021-05-06 10:01:23,2842.25,432002
2021-05-06 10:01:25,2844.0,432047
2021-05-06 10:01:26,2843.95,432083
2021-05-06 10:01:26,2843.95,432083
2021-05-06 10:01:28,2842.65,432084
2021-05-06 10:01:29,2842.65,432084
2021-05-06 10:01:30,2842.6,432186
2021-05-06 10:01:31,2842.6,432226
2021-05-06 10:01:32,2842.55,432263
2021-05-06 10:01:33,2843.95,432269
2021-05-06 10:01:34,2843.95,432269
2021-05-06 10:01:35,2842.5,432304
2021-05-06 10:01:36,2842.5,432304
2021-05-06 10:01:37,2842.5,432304
2021-05-06 10:01:38,2842.5,432304
2021-05-06 10:01:39,2842.6,432509
2021-05-06 10:01:40,2842.6,432509
2021-05-06 10:01:41,2844.0,432511
2021-05-06 10:01:42,2844.0,432511
2021-05-06 10:01:43,2844.0,432519
2021-05-06 10:01:44,2843.0,432520
2021-05-06 10:01:45,2843.0,432522
2021-05-06 10:01:46,2843.0,432522
2021-05-06 10:01:47,2843.0,432525
2021-05-06 10:01:48,2844.0,432526
2021-05-06 10:01:49,2843.8,432586
2021-05-06 10:01:50,2843.2,432590
2021-05-06 10:01:51,2843.95,432597
2021-05-06 10:01:52,2843.0,432622
2021-05-06 10:01:53,2843.0,432632
2021-05-06 10:01:54,2843.1,432635
2021-05-06 10:01:55,2843.1,432635
2021-05-06 10:01:56,2843.1,432635
2021-05-06 10:01:57,2843.1,432635
2021-05-06 10:01:58,2843.9,432675
2021-05-06 10:01:59,2843.9,432678
2021-05-06 10:02:00,2843.1,432703
2021-05-06 10:02:01,2843.1,432703
2021-05-06 10:02:02,2843.1,432753
2021-05-06 10:02:03,2843.1,432753
2021-05-06 10:02:04,2843.9,432757
2021-05-06 10:02:06,2843.9,432757
2021-05-06 10:02:07,2843.9,432767
2021-05-06 10:02:08,2843.9,432767
2021-05-06 10:02:09,2843.9,432767
2021-05-06 10:02:10,2843.2,432769
2021-05-06 10:02:11,2843.9,432772
2021-05-06 10:02:12,2843.95,432930
2021-05-06 10:02:13,2843.95,432930
2021-05-06 10:02:14,2843.95,432930
2021-05-06 10:02:15,2840.0,434062
2021-05-06 10:02:16,2840.75,434112
2021-05-06 10:02:17,2840.85,434117
2021-05-06 10:02:18,2842.6,434122
2021-05-06 10:02:19,2840.45,434162
2021-05-06 10:02:21,2842.6,434182
2021-05-06 10:02:20,2842.6,434182
2021-05-06 10:02:22,2842.6,434187
2021-05-06 10:02:23,2842.6,434187
2021-05-06 10:02:24,2842.2,434193
2021-05-06 10:02:25,2842.2,434202
2021-05-06 10:02:26,2840.0,435079
2021-05-06 10:02:27,2840.0,435079
2021-05-06 10:02:28,2839.95,435086
2021-05-06 10:02:29,2839.8,435091
2021-05-06 10:02:30,2838.75,435096
2021-05-06 10:02:31,2839.75,435101
2021-05-06 10:02:32,2839.75,435101
2021-05-06 10:02:33,2839.75,435101
2021-05-06 10:02:34,2839.95,435103
2021-05-06 10:02:35,2839.95,435105
2021-05-06 10:02:36,2839.95,435105
2021-05-06 10:02:37,2838.75,435116
2021-05-06 10:02:38,2839.95,435117
2021-05-06 10:02:39,2839.95,435117
2021-05-06 10:02:40,2837.5,435618
2021-05-06 10:02:41,2837.45,435619
2021-05-06 10:02:42,2837.45,435619
2021-05-06 10:02:43,2839.95,435624
2021-05-06 10:02:44,2839.95,435625
2021-05-06 10:02:45,2839.95,435636
2021-05-06 10:02:46,2840.0,435921
2021-05-06 10:02:47,2839.2,436141
2021-05-06 10:02:48,2839.05,436153
2021-05-06 10:02:49,2839.05,436153
2021-05-06 10:02:50,2840.7,436193
2021-05-06 10:02:51,2840.9,436352
2021-05-06 10:02:52,2840.9,436352
2021-05-06 10:02:54,2840.9,436352
2021-05-06 10:02:53,2840.9,436352
2021-05-06 10:02:55,2840.9,436352
2021-05-06 10:02:56,2841.45,436502
2021-05-06 10:02:57,2841.45,436502
2021-05-06 10:02:58,2841.6,436557
2021-05-06 10:02:59,2841.6,436557
2021-05-06 10:03:00,2841.6,436692
2021-05-06 10:03:01,2841.6,436692
2021-05-06 10:03:02,2841.6,436692
2021-05-06 10:03:03,2841.6,436692
2021-05-06 10:03:04,2841.6,436692
2021-05-06 10:03:05,2841.6,436692
2021-05-06 10:03:06,2841.8,436835
2021-05-06 10:03:07,2841.6,436860
2021-05-06 10:03:08,2842.95,436862
2021-05-06 10:03:09,2842.95,436862
2021-05-06 10:03:10,2840.0,454456
2021-05-06 10:03:11,2840.0,454457
2021-05-06 10:03:12,2839.8,454462
2021-05-06 10:03:13,2839.8,454462
2021-05-06 10:03:14,2839.85,454492
2021-05-06 10:03:15,2839.85,454492
2021-05-06 10:03:16,2839.05,454543
2021-05-06 10:03:17,2839.35,454544
2021-05-06 10:03:18,2839.35,454544
2021-05-06 10:03:19,2841.0,454554
2021-05-06 10:03:20,2841.0,454554
2021-05-06 10:03:21,2841.0,454554
2021-05-06 10:03:22,2841.0,454554
2021-05-06 10:03:23,2841.0,454557
2021-05-06 10:03:24,2841.0,454558
2021-05-06 10:03:25,2840.05,454583
2021-05-06 10:03:26,2840.05,454583
2021-05-06 10:03:27,2840.1,454635
2021-05-06 10:03:28,2840.1,454655
2021-05-06 10:03:29,2840.1,454656
2021-05-06 10:03:30,2840.1,454656
2021-05-06 10:03:31,2840.1,454656
2021-05-06 10:03:32,2840.0,454731
2021-05-06 10:03:33,2840.0,454737
2021-05-06 10:03:34,2841.0,454738
2021-05-06 10:03:35,2840.0,454838
2021-05-06 10:03:36,2840.0,454848
2021-05-06 10:03:37,2840.0,454848
2021-05-06 10:03:38,2841.0,454873
2021-05-06 10:03:39,2841.0,454873
2021-05-06 10:03:40,2841.0,454873
2021-05-06 10:03:41,2839.85,455086
2021-05-06 10:03:42,2840.05,455093
2021-05-06 10:03:43,2839.05,455134
2021-05-06 10:03:44,2840.05,455136
2021-05-06 10:03:45,2840.05,455136
2021-05-06 10:03:46,2840.05,455137
2021-05-06 10:03:47,2840.0,455218
2021-05-06 10:03:49,2840.0,455218
2021-05-06 10:03:49,2840.0,455218
2021-05-06 10:03:51,2840.0,455218
2021-05-06 10:03:52,2840.0,455218
2021-05-06 10:03:52,2840.0,455218
2021-05-06 10:03:53,2840.0,455218
2021-05-06 10:03:54,2840.0,455220
2021-05-06 10:03:55,2839.85,455221
2021-05-06 10:03:56,2839.85,455221
2021-05-06 10:03:57,2839.85,455221
2021-05-06 10:03:58,2840.0,455222
2021-05-06 10:03:59,2840.0,455242
2021-05-06 10:04:00,2839.85,455246
2021-05-06 10:04:01,2839.85,455246
2021-05-06 10:04:02,2839.85,455246
2021-05-06 10:04:03,2840.0,455248
2021-05-06 10:04:04,2840.0,455248
2021-05-06 10:04:05,2840.05,455450
2021-05-06 10:04:06,2840.0,455502
2021-05-06 10:04:07,2840.0,455502
2021-05-06 10:04:08,2840.95,455503
2021-05-06 10:04:09,2840.95,455503
2021-05-06 10:04:10,2840.0,455504
2021-05-06 10:04:11,2840.0,455504
2021-05-06 10:04:12,2840.0,455504
2021-05-06 10:04:13,2840.0,455504
2021-05-06 10:04:14,2840.0,455554
2021-05-06 10:04:15,2840.0,455579
2021-05-06 10:04:17,2840.0,455579
2021-05-06 10:04:17,2840.0,455579
2021-05-06 10:04:18,2841.0,455682
2021-05-06 10:04:19,2841.0,455682
2021-05-06 10:04:20,2841.0,455683
2021-05-06 10:04:21,2841.0,455683
2021-05-06 10:04:22,2841.0,455713
2021-05-06 10:04:24,2840.0,455978
2021-05-06 10:04:25,2840.95,456018
2021-05-06 10:04:26,2840.3,456025
2021-05-06 10:04:27,2840.3,456025
2021-05-06 10:04:28,2840.0,456045
2021-05-06 10:04:29,2840.0,456049
2021-05-06 10:04:30,2840.0,456049
2021-05-06 10:04:31,2840.0,456274
2021-05-06 10:04:32,2840.0,456274
2021-05-06 10:04:33,2840.0,456274
2021-05-06 10:04:34,2840.0,456274
2021-05-06 10:04:35,2840.0,456274
2021-05-06 10:04:37,2840.0,456299
2021-05-06 10:04:37,2840.5,456327
2021-05-06 10:04:38,2840.5,456327
2021-05-06 10:04:40,2840.5,456327
2021-05-06 10:04:40,2840.5,456337
2021-05-06 10:04:41,2840.5,456337
2021-05-06 10:04:42,2840.0,456348
2021-05-06 10:04:43,2840.0,456348
2021-05-06 10:04:44,2840.0,456348
2021-05-06 10:04:45,2840.0,456424
2021-05-06 10:04:46,2839.0,456724
2021-05-06 10:04:48,2839.0,456724
2021-05-06 10:04:49,2839.0,456724
2021-05-06 10:04:50,2839.0,456724
2021-05-06 10:04:51,2840.0,456725
2021-05-06 10:04:51,2840.0,456725
2021-05-06 10:04:52,2840.0,456725
2021-05-06 10:04:53,2840.0,456728
2021-05-06 10:04:55,2840.0,456734
2021-05-06 10:04:56,2840.0,456734
2021-05-06 10:04:58,2839.0,456780
2021-05-06 10:04:58,2839.0,456780
2021-05-06 10:04:59,2839.05,456790
2021-05-06 10:05:00,2840.0,456826
2021-05-06 10:05:01,2840.0,456826
2021-05-06 10:05:02,2840.0,456826
2021-05-06 10:05:03,2840.0,456826
2021-05-06 10:05:04,2840.0,456826
2021-05-06 10:05:05,2840.0,456826
2021-05-06 10:05:07,2840.0,456826
2021-05-06 10:05:07,2840.0,456827
2021-05-06 10:05:09,2839.05,456829
2021-05-06 10:05:10,2840.0,457253
2021-05-06 10:05:09,2840.0,457048
2021-05-06 10:05:11,2840.0,457253
2021-05-06 10:05:13,2839.85,457259
2021-05-06 10:05:13,2839.85,457259
2021-05-06 10:05:15,2841.0,457858
2021-05-06 10:05:16,2841.0,457858
2021-05-06 10:05:17,2841.0,457858
2021-05-06 10:05:18,2841.0,457863
2021-05-06 10:05:19,2840.0,458178
2021-05-06 10:05:20,2840.35,458207
2021-05-06 10:05:21,2839.0,458223
2021-05-06 10:05:23,2839.0,458263
2021-05-06 10:05:24,2840.4,458370
2021-05-06 10:05:25,2840.4,458371
2021-05-06 10:05:25,2840.4,458372
2021-05-06 10:05:26,2840.4,458372
2021-05-06 10:05:28,2840.6,458472
2021-05-06 10:05:29,2840.65,458485
2021-05-06 10:05:30,2840.4,458490
2021-05-06 10:05:31,2840.4,458490
2021-05-06 10:05:32,2840.4,458490
2021-05-06 10:05:33,2840.4,458490
2021-05-06 10:05:35,2840.35,458541
2021-05-06 10:05:36,2840.5,458566
