timestamp,ltp,volume
2021-05-06 09:07:57,937.45,9350
2021-05-06 09:15:00,937.4,9354
2021-05-06 09:15:01,936.0,11566
2021-05-06 09:15:03,935.45,18573
2021-05-06 09:15:04,936.0,19370
2021-05-06 09:15:05,936.0,19825
2021-05-06 09:15:06,935.95,20531
2021-05-06 09:15:07,935.55,22874
2021-05-06 09:15:08,936.0,23231
2021-05-06 09:15:09,935.55,23564
2021-05-06 09:15:10,935.45,23857
2021-05-06 09:15:11,935.45,26849
2021-05-06 09:15:12,935.45,28923
2021-05-06 09:15:13,935.45,29442
2021-05-06 09:15:14,936.05,38243
2021-05-06 09:15:15,936.0,38429
2021-05-06 09:15:16,936.85,40380
2021-05-06 09:15:17,936.95,41061
2021-05-06 09:15:18,937.6,42489
2021-05-06 09:15:19,937.6,42843
2021-05-06 09:15:20,938.15,47444
2021-05-06 09:15:21,937.1,48990
2021-05-06 09:15:22,937.7,56002
2021-05-06 09:15:23,936.9,58490
2021-05-06 09:15:24,936.9,60444
2021-05-06 09:15:25,934.5,66167
2021-05-06 09:15:26,934.4,71847
2021-05-06 09:15:27,935.1,73729
2021-05-06 09:15:28,934.1,74977
2021-05-06 09:15:29,934.15,76493
2021-05-06 09:15:30,934.45,77024
2021-05-06 09:15:31,935.15,78019
2021-05-06 09:15:32,935.15,78835
2021-05-06 09:15:33,935.15,79593
2021-05-06 09:15:34,935.15,79875
2021-05-06 09:15:35,935.15,80221
2021-05-06 09:15:36,935.65,81080
2021-05-06 09:15:36,935.65,81080
2021-05-06 09:15:37,935.05,82133
2021-05-06 09:15:38,935.05,84369
2021-05-06 09:15:39,935.05,85413
2021-05-06 09:15:41,935.0,87099
2021-05-06 09:15:42,935.1,88203
2021-05-06 09:15:43,934.95,89374
2021-05-06 09:15:44,934.55,92532
2021-05-06 09:15:45,934.75,93222
2021-05-06 09:15:46,934.75,94188
2021-05-06 09:15:47,935.0,94940
2021-05-06 09:15:47,934.55,94959
2021-05-06 09:15:48,934.1,95898
2021-05-06 09:15:49,934.05,96856
2021-05-06 09:15:51,933.7,103269
2021-05-06 09:15:52,934.35,103568
2021-05-06 09:15:53,934.4,104036
2021-05-06 09:15:54,934.45,105118
2021-05-06 09:15:55,934.4,105523
2021-05-06 09:15:56,934.65,105824
2021-05-06 09:15:57,934.5,105851
2021-05-06 09:15:58,934.5,106065
2021-05-06 09:15:59,934.5,106176
2021-05-06 09:15:59,934.45,106456
2021-05-06 09:16:00,934.5,106666
2021-05-06 09:16:01,934.5,109723
2021-05-06 09:16:03,934.9,110295
2021-05-06 09:16:04,934.5,110613
2021-05-06 09:16:05,934.85,110898
2021-05-06 09:16:06,934.6,111122
2021-05-06 09:16:07,934.65,111375
2021-05-06 09:16:08,934.45,111874
2021-05-06 09:16:08,934.65,112001
2021-05-06 09:16:09,934.15,113928
2021-05-06 09:16:10,933.6,117568
2021-05-06 09:16:11,933.7,117972
2021-05-06 09:16:13,933.65,118199
2021-05-06 09:16:14,933.35,119019
2021-05-06 09:16:15,932.8,123005
2021-05-06 09:16:16,932.55,123604
2021-05-06 09:16:16,933.05,123504
2021-05-06 09:16:17,932.15,124448
2021-05-06 09:16:18,932.95,126936
2021-05-06 09:16:19,933.4,127420
2021-05-06 09:16:20,933.3,127840
2021-05-06 09:16:22,933.3,128051
2021-05-06 09:16:23,932.85,129251
2021-05-06 09:16:24,933.0,129775
2021-05-06 09:16:25,932.5,130351
2021-05-06 09:16:26,932.5,130521
2021-05-06 09:16:27,933.3,132828
2021-05-06 09:16:27,932.8,132833
2021-05-06 09:16:28,932.8,133341
2021-05-06 09:16:30,932.9,133448
2021-05-06 09:16:31,932.8,133678
2021-05-06 09:16:32,932.8,133836
2021-05-06 09:16:32,932.8,133836
2021-05-06 09:16:33,932.85,134732
2021-05-06 09:16:34,932.85,135793
2021-05-06 09:16:35,933.1,135877
2021-05-06 09:16:36,932.8,136313
2021-05-06 09:16:38,932.2,139172
2021-05-06 09:16:39,932.25,140059
2021-05-06 09:16:40,932.55,140247
2021-05-06 09:16:41,932.7,141573
2021-05-06 09:16:41,932.25,141574
2021-05-06 09:16:43,931.65,144456
2021-05-06 09:16:44,932.0,144856
2021-05-06 09:16:45,932.0,144942
2021-05-06 09:16:46,932.25,145058
2021-05-06 09:16:47,932.25,145368
2021-05-06 09:16:47,932.0,145373
2021-05-06 09:16:49,932.25,145543
2021-05-06 09:16:50,933.0,147478
2021-05-06 09:16:51,934.0,149860
2021-05-06 09:16:52,934.0,149872
2021-05-06 09:16:53,933.95,149913
2021-05-06 09:16:53,933.6,149977
2021-05-06 09:16:54,934.0,150222
2021-05-06 09:16:56,933.9,150392
2021-05-06 09:16:57,933.9,151932
2021-05-06 09:16:58,933.9,152092
2021-05-06 09:16:59,933.35,152247
2021-05-06 09:17:00,933.8,152617
2021-05-06 09:17:00,933.8,152617
2021-05-06 09:17:02,933.6,152662
2021-05-06 09:17:03,933.75,153608
2021-05-06 09:17:04,933.6,153987
2021-05-06 09:17:05,933.75,154011
2021-05-06 09:17:06,933.7,154725
2021-05-06 09:17:07,933.75,154967
2021-05-06 09:17:07,933.7,154977
2021-05-06 09:17:09,933.85,155103
2021-05-06 09:17:10,933.7,155398
2021-05-06 09:17:11,933.0,156535
2021-05-06 09:17:12,933.35,156954
2021-05-06 09:17:12,933.35,156954
2021-05-06 09:17:14,933.0,158219
2021-05-06 09:17:15,932.9,158429
2021-05-06 09:17:16,932.75,158645
2021-05-06 09:17:17,932.8,158910
2021-05-06 09:17:18,932.75,159795
2021-05-06 09:17:19,932.5,160019
2021-05-06 09:17:19,932.2,160029
2021-05-06 09:17:20,932.1,163255
2021-05-06 09:17:21,932.1,163255
2021-05-06 09:17:23,931.9,165762
2021-05-06 09:17:24,931.5,167046
2021-05-06 09:17:25,931.9,167096
2021-05-06 09:17:26,931.8,167687
2021-05-06 09:17:27,931.95,167836
2021-05-06 09:17:28,931.65,168616
2021-05-06 09:17:28,931.5,168626
2021-05-06 09:17:30,931.5,169346
2021-05-06 09:17:31,931.55,169558
2021-05-06 09:17:32,932.5,171458
2021-05-06 09:17:33,931.9,173367
2021-05-06 09:17:33,931.9,173367
2021-05-06 09:17:35,931.5,173577
2021-05-06 09:17:36,931.4,174543
2021-05-06 09:17:37,931.8,175158
2021-05-06 09:17:38,931.7,175458
2021-05-06 09:17:39,931.4,177685
2021-05-06 09:17:39,930.85,178801
2021-05-06 09:17:41,930.85,179193
2021-05-06 09:17:42,930.55,180377
2021-05-06 09:17:43,930.85,181614
2021-05-06 09:17:44,930.2,181914
2021-05-06 09:17:45,930.5,182000
2021-05-06 09:17:45,930.5,182000
2021-05-06 09:17:47,931.0,182553
2021-05-06 09:17:48,931.0,182988
2021-05-06 09:17:49,930.95,183481
2021-05-06 09:17:50,930.95,183634
2021-05-06 09:17:50,930.25,184534
2021-05-06 09:17:51,930.7,184779
2021-05-06 09:17:53,930.85,185151
2021-05-06 09:17:54,930.7,185735
2021-05-06 09:17:55,930.35,186250
2021-05-06 09:17:56,930.15,186382
2021-05-06 09:17:57,930.2,186754
2021-05-06 09:17:58,930.55,186926
2021-05-06 09:17:59,931.0,187637
2021-05-06 09:17:59,930.5,187793
2021-05-06 09:18:01,930.85,188350
2021-05-06 09:18:02,931.05,193567
2021-05-06 09:18:03,931.05,193673
2021-05-06 09:18:04,930.75,193685
2021-05-06 09:18:05,930.9,194082
2021-05-06 09:18:06,929.35,216229
2021-05-06 09:18:06,929.8,216269
2021-05-06 09:18:08,929.3,217294
2021-05-06 09:18:09,929.3,217417
2021-05-06 09:18:10,929.35,218115
2021-05-06 09:18:11,929.3,218456
2021-05-06 09:18:12,929.85,219671
2021-05-06 09:18:13,929.35,220197
2021-05-06 09:18:14,929.95,220674
2021-05-06 09:18:14,929.65,220724
2021-05-06 09:18:15,929.85,224317
2021-05-06 09:18:17,930.4,224529
2021-05-06 09:18:18,930.65,224993
2021-05-06 09:18:19,930.1,225265
2021-05-06 09:18:20,930.4,225710
2021-05-06 09:18:21,931.0,227382
2021-05-06 09:18:22,930.6,227918
2021-05-06 09:18:22,931.0,227913
2021-05-06 09:18:24,930.6,228279
2021-05-06 09:18:25,930.0,230673
2021-05-06 09:18:26,929.95,231309
2021-05-06 09:18:27,929.4,231552
2021-05-06 09:18:27,929.7,231914
2021-05-06 09:18:29,929.45,232235
2021-05-06 09:18:30,929.9,232484
2021-05-06 09:18:31,929.5,232695
2021-05-06 09:18:32,929.1,240404
2021-05-06 09:18:33,929.05,241079
2021-05-06 09:18:34,928.95,241761
2021-05-06 09:18:34,928.95,241741
2021-05-06 09:18:35,928.3,244078
2021-05-06 09:18:36,928.35,244108
2021-05-06 09:18:38,928.35,250157
2021-05-06 09:18:39,927.9,250367
2021-05-06 09:18:40,928.35,251226
2021-05-06 09:18:41,928.1,251519
2021-05-06 09:18:42,929.0,257316
2021-05-06 09:18:43,928.55,258477
2021-05-06 09:18:43,928.45,259474
2021-05-06 09:18:45,927.75,259737
2021-05-06 09:18:46,928.4,262542
2021-05-06 09:18:47,928.0,263018
2021-05-06 09:18:48,927.9,263434
2021-05-06 09:18:49,928.15,263926
2021-05-06 09:18:50,927.55,266482
2021-05-06 09:18:51,927.55,266485
2021-05-06 09:18:52,927.55,266736
2021-05-06 09:18:53,928.1,267195
2021-05-06 09:18:54,927.5,268008
2021-05-06 09:18:55,927.4,268495
2021-05-06 09:18:56,927.75,269041
2021-05-06 09:18:57,928.0,277108
2021-05-06 09:18:58,928.3,278175
2021-05-06 09:18:59,928.45,281197
2021-05-06 09:19:00,928.75,282589
2021-05-06 09:19:01,928.9,283061
2021-05-06 09:19:02,928.5,283071
2021-05-06 09:19:03,928.15,283221
2021-05-06 09:19:04,928.7,283481
2021-05-06 09:19:05,928.7,283481
2021-05-06 09:19:06,928.1,285342
2021-05-06 09:19:07,928.15,286193
2021-05-06 09:19:11,928.45,286461
2021-05-06 09:19:10,928.45,286456
2021-05-06 09:19:12,928.15,286662
2021-05-06 09:19:13,928.4,286891
2021-05-06 09:19:14,928.3,287191
2021-05-06 09:19:15,927.8,288843
2021-05-06 09:19:17,927.8,290824
2021-05-06 09:19:16,927.8,290824
2021-05-06 09:19:18,927.5,291097
2021-05-06 09:19:19,927.5,291203
2021-05-06 09:19:20,927.6,292853
2021-05-06 09:19:21,927.65,293842
2021-05-06 09:19:22,927.55,295212
2021-05-06 09:19:23,927.0,295360
2021-05-06 09:19:24,927.0,297144
2021-05-06 09:19:25,927.4,297147
2021-05-06 09:19:26,927.0,297273
2021-05-06 09:19:27,927.35,298313
2021-05-06 09:19:28,927.65,299196
2021-05-06 09:19:29,927.7,299462
2021-05-06 09:19:30,927.7,300900
2021-05-06 09:19:31,927.6,301156
2021-05-06 09:19:32,927.8,301706
2021-05-06 09:19:33,927.15,303202
2021-05-06 09:19:34,927.5,303544
2021-05-06 09:19:35,927.6,303991
2021-05-06 09:19:36,927.2,304397
2021-05-06 09:19:37,927.6,305619
2021-05-06 09:19:38,927.6,305703
2021-05-06 09:19:39,928.3,307672
2021-05-06 09:19:40,927.55,313717
2021-05-06 09:19:41,927.85,313787
2021-05-06 09:19:42,927.95,313918
2021-05-06 09:19:43,927.65,314075
2021-05-06 09:19:44,928.15,314352
2021-05-06 09:19:45,927.45,318969
2021-05-06 09:19:46,927.2,318970
2021-05-06 09:19:47,927.45,319076
2021-05-06 09:19:48,927.45,319141
2021-05-06 09:19:49,927.45,319147
2021-05-06 09:19:51,928.1,322229
2021-05-06 09:19:52,927.6,323435
2021-05-06 09:19:53,928.1,324596
2021-05-06 09:19:54,928.1,324966
2021-05-06 09:19:56,927.7,325266
2021-05-06 09:19:55,927.7,325266
2021-05-06 09:19:57,927.55,325414
2021-05-06 09:19:58,927.5,326052
2021-05-06 09:19:59,927.45,326755
2021-05-06 09:20:01,926.8,336189
2021-05-06 09:20:02,926.8,336189
2021-05-06 09:20:03,927.05,336413
2021-05-06 09:20:04,927.2,336670
2021-05-06 09:20:05,927.0,337189
2021-05-06 09:20:06,927.0,337390
2021-05-06 09:20:07,927.8,339062
2021-05-06 09:20:08,927.8,339062
2021-05-06 09:20:09,927.15,339593
2021-05-06 09:20:10,927.0,340175
2021-05-06 09:20:11,927.35,340608
2021-05-06 09:20:12,927.55,340673
2021-05-06 09:20:13,927.55,340673
2021-05-06 09:20:14,927.55,341219
2021-05-06 09:20:15,927.35,341476
2021-05-06 09:20:16,927.0,341607
2021-05-06 09:20:17,927.6,341612
2021-05-06 09:20:18,927.1,342369
2021-05-06 09:20:20,927.5,342923
2021-05-06 09:20:19,927.5,342923
2021-05-06 09:20:21,927.45,343133
2021-05-06 09:20:22,927.3,343590
2021-05-06 09:20:23,927.55,343595
2021-05-06 09:20:24,927.75,343605
2021-05-06 09:20:25,927.9,343730
2021-05-06 09:20:26,927.9,343730
2021-05-06 09:20:27,927.9,343730
2021-05-06 09:20:28,927.7,343811
2021-05-06 09:20:29,928.35,344414
2021-05-06 09:20:30,928.05,346861
2021-05-06 09:20:31,928.15,347098
2021-05-06 09:20:33,928.0,347198
2021-05-06 09:20:34,927.7,348120
2021-05-06 09:20:35,928.1,348400
2021-05-06 09:20:36,927.7,348528
2021-05-06 09:20:37,928.0,348664
2021-05-06 09:20:38,928.0,348664
2021-05-06 09:20:40,928.0,348961
2021-05-06 09:20:41,928.0,349051
2021-05-06 09:20:42,928.15,349218
2021-05-06 09:20:43,928.15,349219
2021-05-06 09:20:44,928.15,349219
2021-05-06 09:20:46,928.2,350659
2021-05-06 09:20:47,928.5,351539
2021-05-06 09:20:48,927.85,352133
2021-05-06 09:20:49,927.9,353134
2021-05-06 09:20:50,927.9,353229
2021-05-06 09:20:51,927.85,353433
2021-05-06 09:20:52,926.95,369348
2021-05-06 09:20:54,926.65,369603
2021-05-06 09:20:53,927.0,369443
2021-05-06 09:20:55,926.65,370316
2021-05-06 09:20:56,927.0,370396
2021-05-06 09:20:57,926.05,372939
2021-05-06 09:20:58,926.4,373041
2021-05-06 09:20:59,926.8,373486
2021-05-06 09:21:00,926.8,373638
2021-05-06 09:21:01,926.95,373686
2021-05-06 09:21:02,927.15,373907
2021-05-06 09:21:03,927.7,374127
2021-05-06 09:21:04,927.8,374606
2021-05-06 09:21:05,927.45,374955
2021-05-06 09:21:06,927.25,375406
2021-05-06 09:21:08,927.05,375467
2021-05-06 09:21:08,926.9,375580
2021-05-06 09:21:09,927.5,375740
2021-05-06 09:21:10,927.3,376191
2021-05-06 09:21:11,927.8,377436
2021-05-06 09:21:13,927.7,377508
2021-05-06 09:21:13,927.7,377536
2021-05-06 09:21:14,927.7,377553
2021-05-06 09:21:17,928.15,378380
2021-05-06 09:21:18,928.6,380059
2021-05-06 09:21:20,928.3,380525
2021-05-06 09:21:20,928.3,380413
2021-05-06 09:21:21,928.5,380557
2021-05-06 09:21:22,928.25,381082
2021-05-06 09:21:23,927.65,381347
2021-05-06 09:21:24,928.3,381807
2021-05-06 09:21:25,928.0,382133
2021-05-06 09:21:26,928.5,382273
2021-05-06 09:21:27,928.45,382667
2021-05-06 09:21:28,928.45,383671
2021-05-06 09:21:29,928.4,384791
2021-05-06 09:21:30,928.0,384978
2021-05-06 09:21:31,928.1,385429
2021-05-06 09:21:32,928.5,385432
2021-05-06 09:21:33,928.4,385535
2021-05-06 09:21:34,928.0,385591
2021-05-06 09:21:35,928.5,385792
2021-05-06 09:21:36,928.5,386374
2021-05-06 09:21:37,928.0,386530
2021-05-06 09:21:38,928.05,386533
2021-05-06 09:21:39,928.5,387463
2021-05-06 09:21:40,928.05,387987
2021-05-06 09:21:41,928.0,388497
2021-05-06 09:21:42,928.4,389046
2021-05-06 09:21:43,927.6,390151
2021-05-06 09:21:44,927.55,390599
2021-05-06 09:21:45,927.65,393655
2021-05-06 09:21:46,927.0,393692
2021-05-06 09:21:47,926.8,397178
2021-05-06 09:21:48,927.05,397228
2021-05-06 09:21:49,927.0,397282
2021-05-06 09:21:50,927.0,397282
2021-05-06 09:21:51,927.0,397353
2021-05-06 09:21:52,927.35,397405
2021-05-06 09:21:53,926.95,397502
2021-05-06 09:21:54,926.85,398857
2021-05-06 09:21:55,927.45,399059
2021-05-06 09:21:56,927.15,399787
2021-05-06 09:21:57,927.25,399868
2021-05-06 09:21:58,927.3,400072
2021-05-06 09:21:59,927.1,400172
2021-05-06 09:22:00,927.25,400273
2021-05-06 09:22:01,927.8,400715
2021-05-06 09:22:02,927.85,404506
2021-05-06 09:22:04,927.8,404863
2021-05-06 09:22:05,928.2,404917
2021-05-06 09:22:05,927.8,405331
2021-05-06 09:22:06,927.35,405487
2021-05-06 09:22:07,927.6,405679
2021-05-06 09:22:08,927.35,405680
2021-05-06 09:22:09,927.4,405855
2021-05-06 09:22:10,927.7,405878
2021-05-06 09:22:11,927.3,406091
2021-05-06 09:22:12,927.7,406711
2021-05-06 09:22:13,927.0,408247
2021-05-06 09:22:14,927.1,408398
2021-05-06 09:22:15,926.85,409429
2021-05-06 09:22:16,926.55,409613
2021-05-06 09:22:17,926.5,409740
2021-05-06 09:22:18,926.55,409829
2021-05-06 09:22:19,926.8,410401
2021-05-06 09:22:23,927.0,411179
2021-05-06 09:22:24,927.3,411204
2021-05-06 09:22:25,926.8,411313
2021-05-06 09:22:26,927.25,411413
2021-05-06 09:22:26,927.25,411418
2021-05-06 09:22:27,927.25,411442
2021-05-06 09:22:28,927.35,411468
2021-05-06 09:22:29,927.5,411483
2021-05-06 09:22:30,927.8,411694
2021-05-06 09:22:31,927.8,411766
2021-05-06 09:22:32,927.7,411826
2021-05-06 09:22:33,927.8,412016
2021-05-06 09:22:34,927.7,412485
2021-05-06 09:22:35,927.5,413785
2021-05-06 09:22:36,927.5,413785
2021-05-06 09:22:37,927.7,413877
2021-05-06 09:22:38,927.65,413979
2021-05-06 09:22:39,927.45,414079
2021-05-06 09:22:40,927.3,414152
2021-05-06 09:22:41,927.1,414292
2021-05-06 09:22:42,927.0,414382
2021-05-06 09:22:44,927.3,414532
2021-05-06 09:22:45,927.0,414672
2021-05-06 09:22:46,926.8,415890
2021-05-06 09:22:47,926.5,416884
2021-05-06 09:22:49,926.4,417052
2021-05-06 09:22:50,926.5,417083
2021-05-06 09:22:51,926.5,417115
2021-05-06 09:22:52,926.5,417117
2021-05-06 09:22:53,926.4,417778
2021-05-06 09:22:54,926.55,418888
2021-05-06 09:22:55,926.4,418889
2021-05-06 09:22:56,926.9,418984
2021-05-06 09:22:57,926.5,419160
2021-05-06 09:22:58,926.5,419216
2021-05-06 09:22:59,926.9,419245
2021-05-06 09:23:00,926.7,419365
2021-05-06 09:23:01,926.8,419366
2021-05-06 09:23:02,926.95,419370
2021-05-06 09:23:03,927.6,419696
2021-05-06 09:23:04,927.85,419837
2021-05-06 09:23:05,927.75,419847
2021-05-06 09:23:06,927.3,419867
2021-05-06 09:23:07,927.6,419985
2021-05-06 09:23:08,927.6,419985
2021-05-06 09:23:09,927.6,419985
2021-05-06 09:23:10,927.5,420111
2021-05-06 09:23:11,927.55,420142
2021-05-06 09:23:12,927.6,420245
2021-05-06 09:23:13,927.5,420290
2021-05-06 09:23:15,927.55,420348
2021-05-06 09:23:16,927.6,420470
2021-05-06 09:23:17,927.6,420476
2021-05-06 09:23:18,927.5,420794
2021-05-06 09:23:19,927.45,421807
2021-05-06 09:23:20,927.5,422307
2021-05-06 09:23:22,927.15,422374
2021-05-06 09:23:23,927.2,422391
2021-05-06 09:23:24,927.2,422391
2021-05-06 09:23:25,927.5,422442
2021-05-06 09:23:26,927.4,422568
2021-05-06 09:23:27,927.4,422568
2021-05-06 09:23:28,927.2,422749
2021-05-06 09:23:29,927.15,423147
2021-05-06 09:23:30,927.15,423147
2021-05-06 09:23:31,927.5,423378
2021-05-06 09:23:32,927.5,423404
2021-05-06 09:23:33,927.4,423414
2021-05-06 09:23:34,927.4,423493
2021-05-06 09:23:35,927.85,426313
2021-05-06 09:23:36,927.5,426314
2021-05-06 09:23:37,927.65,426465
2021-05-06 09:23:38,927.4,427366
2021-05-06 09:23:39,927.35,427487
2021-05-06 09:23:40,927.8,427497
2021-05-06 09:23:42,927.65,427665
2021-05-06 09:23:44,928.0,427715
2021-05-06 09:23:45,928.0,429537
2021-05-06 09:23:46,928.4,430349
2021-05-06 09:23:47,928.35,430397
2021-05-06 09:23:48,928.85,430597
2021-05-06 09:23:49,928.55,430633
2021-05-06 09:23:50,928.25,431633
2021-05-06 09:23:51,928.4,431708
2021-05-06 09:23:52,928.75,431739
2021-05-06 09:23:53,928.55,431989
2021-05-06 09:23:54,928.85,432049
2021-05-06 09:23:55,928.45,432051
2021-05-06 09:23:56,928.4,432203
2021-05-06 09:23:57,928.9,432212
2021-05-06 09:23:58,928.85,432373
2021-05-06 09:23:59,928.95,432499
2021-05-06 09:24:00,928.55,432504
2021-05-06 09:24:01,928.55,432505
2021-05-06 09:24:02,928.55,432510
2021-05-06 09:24:03,928.75,434304
2021-05-06 09:24:04,928.95,434857
2021-05-06 09:24:05,928.25,436040
2021-05-06 09:24:06,928.5,436308
2021-05-06 09:24:07,928.4,436617
2021-05-06 09:24:08,928.05,437235
2021-05-06 09:24:09,928.1,438120
2021-05-06 09:24:10,927.7,439244
2021-05-06 09:24:10,927.65,439307
2021-05-06 09:24:11,927.5,439732
2021-05-06 09:24:12,927.5,441625
2021-05-06 09:24:13,927.9,441778
2021-05-06 09:24:14,927.2,442735
2021-05-06 09:24:15,927.2,446610
2021-05-06 09:24:16,927.1,447808
2021-05-06 09:24:17,927.1,447808
2021-05-06 09:24:18,927.1,447868
2021-05-06 09:24:19,927.25,448269
2021-05-06 09:24:20,927.45,449089
2021-05-06 09:24:21,927.5,449100
2021-05-06 09:24:22,927.25,450734
2021-05-06 09:24:23,927.8,450924
2021-05-06 09:24:24,927.3,451005
2021-05-06 09:24:25,927.8,451115
2021-05-06 09:24:26,927.25,451193
2021-05-06 09:24:27,927.2,451495
2021-05-06 09:24:28,927.2,451495
2021-05-06 09:24:29,927.7,451506
2021-05-06 09:24:30,927.5,451557
2021-05-06 09:24:31,927.5,451557
2021-05-06 09:24:32,928.05,451860
2021-05-06 09:24:33,927.75,451961
2021-05-06 09:24:34,927.9,452132
2021-05-06 09:24:35,928.25,452207
2021-05-06 09:24:36,928.0,452475
2021-05-06 09:24:37,928.45,452695
2021-05-06 09:24:39,928.45,453341
2021-05-06 09:24:40,928.0,453412
2021-05-06 09:24:41,927.7,454305
2021-05-06 09:24:42,927.7,454305
2021-05-06 09:24:43,927.5,454306
2021-05-06 09:24:44,927.8,454406
2021-05-06 09:24:44,927.5,455427
2021-05-06 09:24:45,927.8,455447
2021-05-06 09:24:46,927.3,455454
2021-05-06 09:24:47,927.7,455690
2021-05-06 09:24:48,927.25,455891
2021-05-06 09:24:49,927.5,455944
2021-05-06 09:24:50,927.05,459883
2021-05-06 09:24:51,926.7,460204
2021-05-06 09:24:52,926.7,460349
2021-05-06 09:24:53,927.15,460403
2021-05-06 09:24:54,927.0,460404
2021-05-06 09:24:55,927.0,460535
2021-05-06 09:24:56,927.0,460591
2021-05-06 09:24:57,926.95,461114
2021-05-06 09:24:59,927.3,461138
2021-05-06 09:25:00,927.15,461152
2021-05-06 09:25:01,927.0,461153
2021-05-06 09:25:02,927.1,461249
2021-05-06 09:25:05,926.9,461769
2021-05-06 09:25:06,926.55,464474
2021-05-06 09:25:07,926.8,464596
2021-05-06 09:25:09,926.05,467966
2021-05-06 09:25:09,926.3,468216
2021-05-06 09:25:10,926.5,470242
2021-05-06 09:25:11,925.6,477368
2021-05-06 09:25:12,926.0,477513
2021-05-06 09:25:13,926.0,477518
2021-05-06 09:25:14,926.0,477762
2021-05-06 09:25:15,925.95,478284
2021-05-06 09:25:16,926.0,479288
2021-05-06 09:25:17,926.5,480369
2021-05-06 09:25:18,926.7,480598
2021-05-06 09:25:19,926.55,480700
2021-05-06 09:25:20,926.95,481040
2021-05-06 09:25:21,927.0,481459
2021-05-06 09:25:23,926.5,481580
2021-05-06 09:25:24,926.7,481875
2021-05-06 09:25:25,926.7,481886
2021-05-06 09:25:26,927.0,481901
2021-05-06 09:25:27,926.65,481964
2021-05-06 09:25:28,926.7,482238
2021-05-06 09:25:29,926.95,482358
2021-05-06 09:25:30,926.85,482393
2021-05-06 09:25:31,926.45,482394
2021-05-06 09:25:32,926.9,482694
2021-05-06 09:25:33,926.45,482818
2021-05-06 09:25:34,926.0,482829
2021-05-06 09:25:35,926.3,483001
2021-05-06 09:25:36,925.95,484337
2021-05-06 09:25:37,925.9,484339
2021-05-06 09:25:38,925.95,484340
2021-05-06 09:25:39,926.05,484738
2021-05-06 09:25:40,925.8,484802
2021-05-06 09:25:41,926.05,484862
2021-05-06 09:25:42,926.1,485137
2021-05-06 09:25:43,925.95,485208
2021-05-06 09:25:44,925.95,485461
2021-05-06 09:25:45,926.0,485571
2021-05-06 09:25:46,925.85,486691
2021-05-06 09:25:47,925.95,486697
2021-05-06 09:25:48,926.5,487122
2021-05-06 09:25:49,926.3,487227
2021-05-06 09:25:50,926.8,487291
2021-05-06 09:25:51,926.4,487402
2021-05-06 09:25:52,926.4,487502
2021-05-06 09:25:54,926.4,487518
2021-05-06 09:25:55,926.35,487519
2021-05-06 09:25:56,926.35,487569
2021-05-06 09:25:57,926.45,487680
2021-05-06 09:25:58,926.0,487706
2021-05-06 09:25:59,926.35,487763
2021-05-06 09:26:00,926.35,487873
2021-05-06 09:26:01,925.95,488024
2021-05-06 09:26:02,926.05,488054
2021-05-06 09:26:03,926.15,488109
2021-05-06 09:26:04,926.05,488228
2021-05-06 09:26:04,926.05,488228
2021-05-06 09:26:05,926.0,488718
2021-05-06 09:26:06,926.0,488721
2021-05-06 09:26:07,926.0,488921
2021-05-06 09:26:08,926.0,488951
2021-05-06 09:26:09,926.45,489203
2021-05-06 09:26:10,926.25,489204
2021-05-06 09:26:11,926.15,489379
2021-05-06 09:26:12,926.0,489401
2021-05-06 09:26:13,926.0,489408
2021-05-06 09:26:14,926.3,490018
2021-05-06 09:26:15,926.0,490082
2021-05-06 09:26:16,926.0,490082
2021-05-06 09:26:19,926.3,490685
2021-05-06 09:26:20,926.2,491762
2021-05-06 09:26:21,926.65,492789
2021-05-06 09:26:22,926.7,492874
2021-05-06 09:26:23,926.7,492874
2021-05-06 09:26:24,926.45,492879
2021-05-06 09:26:25,926.3,495040
2021-05-06 09:26:26,926.2,495045
2021-05-06 09:26:27,926.1,495251
2021-05-06 09:26:28,925.5,500700
2021-05-06 09:26:29,926.35,500808
2021-05-06 09:26:30,926.95,503439
2021-05-06 09:26:30,926.95,503439
2021-05-06 09:26:31,927.1,507058
2021-05-06 09:26:32,927.25,507178
2021-05-06 09:26:33,927.35,507179
2021-05-06 09:26:34,927.3,507209
2021-05-06 09:26:35,928.0,508719
2021-05-06 09:26:36,927.3,509628
2021-05-06 09:26:38,927.2,509663
2021-05-06 09:26:39,927.15,509723
2021-05-06 09:26:40,927.45,509739
2021-05-06 09:26:41,927.5,509959
2021-05-06 09:26:42,927.45,510059
2021-05-06 09:26:43,927.05,510308
2021-05-06 09:26:44,927.05,510308
2021-05-06 09:26:45,927.2,510487
2021-05-06 09:26:46,927.0,510529
2021-05-06 09:26:47,927.3,510631
2021-05-06 09:26:48,927.1,510651
2021-05-06 09:26:49,927.25,510652
2021-05-06 09:26:50,927.25,510652
2021-05-06 09:26:50,927.25,510652
2021-05-06 09:26:51,927.1,510864
2021-05-06 09:26:52,927.1,510970
2021-05-06 09:26:54,927.1,510970
2021-05-06 09:26:55,927.1,510973
2021-05-06 09:26:56,927.1,511028
2021-05-06 09:26:57,927.2,511078
2021-05-06 09:26:58,927.5,511105
2021-05-06 09:26:59,927.2,512370
2021-05-06 09:26:59,927.25,512165
2021-05-06 09:27:00,927.2,512377
2021-05-06 09:27:01,927.2,512479
2021-05-06 09:27:02,927.1,512507
2021-05-06 09:27:03,927.05,512819
2021-05-06 09:27:04,926.7,513821
2021-05-06 09:27:05,927.2,513862
2021-05-06 09:27:06,927.2,513912
2021-05-06 09:27:07,927.0,513963
2021-05-06 09:27:09,927.05,513968
2021-05-06 09:27:11,927.0,514121
2021-05-06 09:27:12,927.0,514141
2021-05-06 09:27:12,927.0,514141
2021-05-06 09:27:13,927.05,514257
2021-05-06 09:27:15,927.0,514307
2021-05-06 09:27:16,927.0,514602
2021-05-06 09:27:17,927.0,514704
2021-05-06 09:27:18,926.85,514804
2021-05-06 09:27:19,927.05,514876
2021-05-06 09:27:19,927.05,514876
2021-05-06 09:27:20,926.55,514926
2021-05-06 09:27:22,926.9,515317
2021-05-06 09:27:23,926.95,517022
2021-05-06 09:27:24,927.0,517072
2021-05-06 09:27:25,926.4,521624
2021-05-06 09:27:25,926.4,521624
2021-05-06 09:27:26,927.0,522414
2021-05-06 09:27:27,927.0,522517
2021-05-06 09:27:29,927.0,522522
2021-05-06 09:27:30,927.0,522953
2021-05-06 09:27:31,927.7,529542
2021-05-06 09:27:32,927.7,529542
2021-05-06 09:27:33,928.2,529571
2021-05-06 09:27:34,927.75,529689
2021-05-06 09:27:35,927.8,529752
2021-05-06 09:27:35,927.8,529752
2021-05-06 09:27:37,927.3,529853
2021-05-06 09:27:38,927.5,529879
2021-05-06 09:27:39,927.2,530014
2021-05-06 09:27:40,927.15,530072
2021-05-06 09:27:41,927.5,530122
2021-05-06 09:27:42,927.45,530129
2021-05-06 09:27:43,927.15,530135
2021-05-06 09:27:44,927.0,530626
2021-05-06 09:27:45,927.0,530626
2021-05-06 09:27:46,927.1,530728
2021-05-06 09:27:47,927.1,530728
2021-05-06 09:27:48,927.0,530789
2021-05-06 09:27:49,927.0,530790
2021-05-06 09:27:50,927.3,530940
2021-05-06 09:27:51,927.0,530952
2021-05-06 09:27:52,927.15,530961
2021-05-06 09:27:54,927.3,532570
2021-05-06 09:27:55,927.0,532631
2021-05-06 09:27:55,927.0,535191
2021-05-06 09:27:57,927.0,535398
2021-05-06 09:27:58,926.5,535411
2021-05-06 09:27:59,926.55,535442
2021-05-06 09:28:00,926.95,537848
2021-05-06 09:28:01,926.45,538949
2021-05-06 09:28:02,926.95,539039
2021-05-06 09:28:03,926.95,539039
2021-05-06 09:28:04,926.55,539115
2021-05-06 09:28:05,926.55,539115
2021-05-06 09:28:05,926.3,539135
2021-05-06 09:28:07,926.2,539247
2021-05-06 09:28:08,926.4,539399
2021-05-06 09:28:09,926.4,539400
2021-05-06 09:28:10,926.15,539520
2021-05-06 09:28:11,926.55,539620
2021-05-06 09:28:12,926.0,539940
2021-05-06 09:28:13,925.65,546306
2021-05-06 09:28:14,925.75,546682
2021-05-06 09:28:15,925.5,546883
2021-05-06 09:28:16,925.85,547385
2021-05-06 09:28:17,926.05,547490
2021-05-06 09:28:18,926.0,553691
2021-05-06 09:28:20,925.8,553753
2021-05-06 09:28:21,925.8,553753
2021-05-06 09:28:22,925.8,553779
2021-05-06 09:28:23,925.7,554404
2021-05-06 09:28:24,925.75,554444
2021-05-06 09:28:25,926.1,554571
2021-05-06 09:28:26,926.0,554833
2021-05-06 09:28:26,926.0,554833
2021-05-06 09:28:28,925.95,554842
2021-05-06 09:28:29,926.35,554854
2021-05-06 09:28:30,926.35,554854
2021-05-06 09:28:31,926.35,554950
2021-05-06 09:28:32,926.3,555451
2021-05-06 09:28:33,926.3,555451
2021-05-06 09:28:34,926.05,555476
2021-05-06 09:28:35,926.2,555636
2021-05-06 09:28:36,926.15,555639
2021-05-06 09:28:37,926.85,556214
2021-05-06 09:28:38,926.7,556364
2021-05-06 09:28:39,927.0,556375
2021-05-06 09:28:39,926.7,556376
2021-05-06 09:28:40,927.0,556516
2021-05-06 09:28:42,926.7,556575
2021-05-06 09:28:43,926.75,556596
2021-05-06 09:28:44,927.0,556621
2021-05-06 09:28:45,926.55,557622
2021-05-06 09:28:46,926.55,557645
2021-05-06 09:28:47,926.55,557645
2021-05-06 09:28:47,926.5,557646
2021-05-06 09:28:49,926.5,557678
2021-05-06 09:28:50,926.75,557727
2021-05-06 09:28:51,926.7,557844
2021-05-06 09:28:52,926.7,557846
2021-05-06 09:28:53,926.7,558066
2021-05-06 09:28:54,926.3,558102
2021-05-06 09:28:55,926.3,558123
2021-05-06 09:28:56,926.35,558158
2021-05-06 09:28:56,926.5,558214
2021-05-06 09:28:57,926.35,558225
2021-05-06 09:28:59,926.5,558278
2021-05-06 09:29:00,926.25,558478
2021-05-06 09:29:01,926.4,558799
2021-05-06 09:29:02,925.9,561610
2021-05-06 09:29:03,926.0,562095
2021-05-06 09:29:04,926.0,562098
2021-05-06 09:29:05,926.0,562098
2021-05-06 09:29:06,925.75,563206
2021-05-06 09:29:07,925.65,563359
2021-05-06 09:29:08,925.8,563430
2021-05-06 09:29:09,925.8,563432
2021-05-06 09:29:10,925.5,563477
2021-05-06 09:29:11,925.5,563851
2021-05-06 09:29:12,925.7,563852
2021-05-06 09:29:13,925.7,563899
2021-05-06 09:29:14,926.1,564238
2021-05-06 09:29:16,925.7,564284
2021-05-06 09:29:18,925.7,564324
2021-05-06 09:29:19,925.7,564525
2021-05-06 09:29:20,925.7,564525
2021-05-06 09:29:21,925.9,564528
2021-05-06 09:29:22,926.0,564679
2021-05-06 09:29:23,925.9,564804
2021-05-06 09:29:24,925.65,570771
2021-05-06 09:29:25,925.75,570883
2021-05-06 09:29:25,925.35,570873
2021-05-06 09:29:27,925.95,570939
2021-05-06 09:29:28,925.9,570950
2021-05-06 09:29:29,925.7,571066
2021-05-06 09:29:30,925.7,571501
2021-05-06 09:29:31,925.7,571508
2021-05-06 09:29:33,925.8,571590
2021-05-06 09:29:34,925.8,571619
2021-05-06 09:29:35,925.8,571672
2021-05-06 09:29:36,926.0,571901
2021-05-06 09:29:38,926.3,572213
2021-05-06 09:29:39,926.3,572213
2021-05-06 09:29:40,926.05,573213
2021-05-06 09:29:42,926.1,573225
2021-05-06 09:29:41,926.1,573225
2021-05-06 09:29:43,926.0,573233
2021-05-06 09:29:44,926.0,573397
2021-05-06 09:29:45,926.1,573497
2021-05-06 09:29:46,926.5,573563
2021-05-06 09:29:48,926.3,574386
2021-05-06 09:29:49,926.15,574387
2021-05-06 09:29:50,926.15,574387
2021-05-06 09:29:51,926.15,574387
2021-05-06 09:29:52,926.1,574400
2021-05-06 09:29:53,926.1,574419
2021-05-06 09:29:54,926.3,574525
2021-05-06 09:29:55,926.7,574566
2021-05-06 09:29:56,926.3,574625
2021-05-06 09:29:57,926.2,574725
2021-05-06 09:29:58,926.3,575153
2021-05-06 09:29:59,926.3,575153
2021-05-06 09:30:00,926.3,575163
2021-05-06 09:30:01,926.0,576163
2021-05-06 09:30:03,926.3,576623
2021-05-06 09:30:04,926.3,576718
2021-05-06 09:30:05,926.1,576724
2021-05-06 09:30:06,926.0,576882
2021-05-06 09:30:07,926.0,576882
2021-05-06 09:30:08,926.0,576886
2021-05-06 09:30:09,926.0,576917
2021-05-06 09:30:10,926.0,576928
2021-05-06 09:30:11,926.0,576928
2021-05-06 09:30:12,926.0,577018
2021-05-06 09:30:14,925.95,577845
2021-05-06 09:30:16,925.85,577899
2021-05-06 09:30:15,925.85,577898
2021-05-06 09:30:17,925.8,577903
2021-05-06 09:30:18,925.8,578106
2021-05-06 09:30:19,925.8,579770
2021-05-06 09:30:20,925.6,580447
2021-05-06 09:30:21,925.2,580713
2021-05-06 09:30:22,924.35,592921
2021-05-06 09:30:23,924.5,593832
2021-05-06 09:30:24,924.4,594007
2021-05-06 09:30:25,924.4,594007
2021-05-06 09:30:26,924.0,596232
2021-05-06 09:30:27,924.0,596602
2021-05-06 09:30:28,924.05,596638
2021-05-06 09:30:29,924.45,596872
2021-05-06 09:30:30,925.4,598106
2021-05-06 09:30:31,924.95,598137
2021-05-06 09:30:32,925.0,598352
2021-05-06 09:30:33,924.95,598452
2021-05-06 09:30:34,924.6,599055
2021-05-06 09:30:36,925.0,599100
2021-05-06 09:30:37,925.05,599393
2021-05-06 09:30:38,924.6,599557
2021-05-06 09:30:39,925.0,600702
2021-05-06 09:30:40,925.0,603330
2021-05-06 09:30:41,925.0,603440
2021-05-06 09:30:42,924.75,603865
2021-05-06 09:30:43,925.0,603975
2021-05-06 09:30:44,924.65,604076
2021-05-06 09:30:45,924.6,604126
2021-05-06 09:30:47,925.0,604161
2021-05-06 09:30:46,925.0,604161
2021-05-06 09:30:48,925.0,604703
2021-05-06 09:30:49,925.0,604711
2021-05-06 09:30:50,924.75,604762
2021-05-06 09:30:51,924.7,604863
2021-05-06 09:30:52,924.7,604863
2021-05-06 09:30:53,925.0,605239
2021-05-06 09:30:54,924.8,605349
2021-05-06 09:30:55,924.85,608053
2021-05-06 09:30:56,925.25,610105
2021-05-06 09:30:57,925.85,610230
2021-05-06 09:30:58,925.25,610408
2021-05-06 09:30:59,925.85,611409
2021-05-06 09:31:00,925.8,611758
2021-05-06 09:31:01,925.35,612433
2021-05-06 09:31:02,925.95,612710
2021-05-06 09:31:04,925.6,612939
2021-05-06 09:31:03,925.85,612767
2021-05-06 09:31:05,925.5,613140
2021-05-06 09:31:06,925.5,613140
2021-05-06 09:31:07,926.0,613155
2021-05-06 09:31:08,926.0,613155
2021-05-06 09:31:09,926.0,613186
2021-05-06 09:31:10,926.0,613572
2021-05-06 09:31:11,926.1,614042
2021-05-06 09:31:12,926.1,614051
2021-05-06 09:31:13,926.5,614187
2021-05-06 09:31:14,926.45,614640
2021-05-06 09:31:15,926.45,614640
2021-05-06 09:31:16,926.2,614760
2021-05-06 09:31:17,926.3,615131
2021-05-06 09:31:18,926.3,615131
2021-05-06 09:31:19,926.4,615199
2021-05-06 09:31:20,926.3,615218
2021-05-06 09:31:21,926.3,615328
2021-05-06 09:31:22,926.3,615600
2021-05-06 09:31:23,926.35,615855
2021-05-06 09:31:24,926.4,616105
2021-05-06 09:31:25,925.95,616740
2021-05-06 09:31:27,926.25,617326
2021-05-06 09:31:28,926.25,617510
2021-05-06 09:31:29,926.65,618443
2021-05-06 09:31:30,926.8,618488
2021-05-06 09:31:31,927.0,618697
2021-05-06 09:31:32,927.0,618767
2021-05-06 09:31:33,926.75,618796
2021-05-06 09:31:34,926.85,620668
2021-05-06 09:31:35,926.75,620795
2021-05-06 09:31:36,927.2,620802
2021-05-06 09:31:38,927.05,621402
2021-05-06 09:31:39,927.15,621863
2021-05-06 09:31:40,927.5,623870
2021-05-06 09:31:41,927.5,623960
2021-05-06 09:31:43,927.7,624060
2021-05-06 09:31:45,927.65,624229
2021-05-06 09:31:45,927.65,624407
2021-05-06 09:31:46,927.1,624419
2021-05-06 09:31:47,927.45,624659
2021-05-06 09:31:48,927.5,625189
2021-05-06 09:31:50,927.5,625199
2021-05-06 09:31:50,927.5,625199
2021-05-06 09:31:53,927.3,626030
2021-05-06 09:31:53,927.3,626030
2021-05-06 09:31:55,927.85,626307
2021-05-06 09:31:56,927.7,627519
2021-05-06 09:31:57,927.7,627519
2021-05-06 09:31:58,927.15,627661
2021-05-06 09:31:59,927.55,628071
2021-05-06 09:32:00,926.75,630741
2021-05-06 09:32:01,926.65,630892
2021-05-06 09:32:02,926.55,630918
2021-05-06 09:32:04,927.2,630978
2021-05-06 09:32:05,926.9,631079
2021-05-06 09:32:06,926.9,631079
2021-05-06 09:32:06,926.9,631079
2021-05-06 09:32:07,927.35,631096
2021-05-06 09:32:08,926.95,631098
2021-05-06 09:32:09,927.4,631108
2021-05-06 09:32:10,926.9,632109
2021-05-06 09:32:11,926.9,632109
2021-05-06 09:32:13,927.0,632130
2021-05-06 09:32:13,927.1,632157
2021-05-06 09:32:14,927.1,632157
2021-05-06 09:32:15,927.7,632737
2021-05-06 09:32:16,927.7,632737
2021-05-06 09:32:17,927.7,632737
2021-05-06 09:32:18,927.4,632817
2021-05-06 09:32:19,927.5,632918
2021-05-06 09:32:20,927.35,632988
2021-05-06 09:32:22,927.35,632988
2021-05-06 09:32:23,927.5,633038
2021-05-06 09:32:24,927.1,633173
2021-05-06 09:32:25,927.1,633173
2021-05-06 09:32:26,927.25,633295
2021-05-06 09:32:27,927.45,633645
2021-05-06 09:32:28,927.5,633700
2021-05-06 09:32:29,927.5,633705
2021-05-06 09:32:29,927.5,633705
2021-05-06 09:32:30,927.5,633770
2021-05-06 09:32:31,927.4,633920
2021-05-06 09:32:32,927.4,633920
2021-05-06 09:32:33,927.4,633920
2021-05-06 09:32:34,927.4,633920
2021-05-06 09:32:35,927.7,634253
2021-05-06 09:32:36,927.7,634407
2021-05-06 09:32:37,927.7,634407
2021-05-06 09:32:39,927.55,634409
2021-05-06 09:32:39,927.55,634409
2021-05-06 09:32:40,927.55,634409
2021-05-06 09:32:41,927.7,634609
2021-05-06 09:32:42,927.75,634658
2021-05-06 09:32:43,927.8,634688
2021-05-06 09:32:44,928.0,637307
2021-05-06 09:32:45,927.95,637317
2021-05-06 09:32:46,928.0,637572
2021-05-06 09:32:47,927.85,637994
2021-05-06 09:32:48,928.0,638099
2021-05-06 09:32:49,928.0,638229
2021-05-06 09:32:50,928.0,638253
2021-05-06 09:32:51,927.8,638259
2021-05-06 09:32:52,928.0,638459
2021-05-06 09:32:53,928.0,639060
2021-05-06 09:32:54,928.1,640186
2021-05-06 09:32:56,928.5,641826
2021-05-06 09:32:57,928.6,641906
2021-05-06 09:32:58,928.3,642446
2021-05-06 09:33:00,928.5,643061
2021-05-06 09:33:01,928.55,643571
2021-05-06 09:33:02,928.6,645079
2021-05-06 09:33:04,928.6,645130
2021-05-06 09:33:04,928.3,645884
2021-05-06 09:33:05,928.15,649146
2021-05-06 09:33:06,927.65,649988
2021-05-06 09:33:07,927.75,650031
2021-05-06 09:33:08,927.95,650445
2021-05-06 09:33:10,928.0,650670
2021-05-06 09:33:10,928.0,650670
2021-05-06 09:33:11,928.3,650895
2021-05-06 09:33:12,928.0,650945
2021-05-06 09:33:13,928.0,650945
2021-05-06 09:33:14,928.35,651145
2021-05-06 09:33:15,928.7,651245
2021-05-06 09:33:16,928.3,651285
2021-05-06 09:33:17,928.55,651537
2021-05-06 09:33:20,928.6,651804
2021-05-06 09:33:20,928.6,651804
2021-05-06 09:33:21,928.6,651804
2021-05-06 09:33:22,928.6,651804
2021-05-06 09:33:23,928.65,652036
2021-05-06 09:33:25,928.75,652336
2021-05-06 09:33:26,928.25,652462
2021-05-06 09:33:27,928.9,654027
2021-05-06 09:33:28,929.0,655636
2021-05-06 09:33:29,928.7,657626
2021-05-06 09:33:30,928.9,657814
2021-05-06 09:33:31,928.85,658186
2021-05-06 09:33:33,929.0,659186
2021-05-06 09:33:33,929.0,659186
2021-05-06 09:33:34,928.9,659456
2021-05-06 09:33:35,928.4,659496
2021-05-06 09:33:36,928.1,663370
2021-05-06 09:33:37,928.4,663681
2021-05-06 09:33:38,928.75,665057
2021-05-06 09:33:39,928.1,665247
2021-05-06 09:33:41,928.45,665308
2021-05-06 09:33:42,928.05,665379
2021-05-06 09:33:43,928.05,665626
2021-05-06 09:33:44,928.45,665700
2021-05-06 09:33:45,928.45,665700
2021-05-06 09:33:45,928.45,665700
2021-05-06 09:33:46,928.45,665816
2021-05-06 09:33:47,928.7,665866
2021-05-06 09:33:49,928.55,665986
2021-05-06 09:33:51,928.5,666010
2021-05-06 09:33:52,928.7,666030
2021-05-06 09:33:52,928.7,666030
2021-05-06 09:33:53,928.4,666148
2021-05-06 09:33:54,928.4,666337
2021-05-06 09:33:56,928.45,666417
2021-05-06 09:33:57,928.1,666457
2021-05-06 09:33:58,928.2,666477
2021-05-06 09:33:58,928.2,666477
2021-05-06 09:33:59,928.4,666743
2021-05-06 09:34:00,928.5,666767
2021-05-06 09:34:01,928.5,666768
2021-05-06 09:34:03,928.75,666898
2021-05-06 09:34:04,928.85,667313
2021-05-06 09:34:05,928.7,667364
2021-05-06 09:34:06,928.3,667466
2021-05-06 09:34:08,928.2,667541
2021-05-06 09:34:09,928.6,667941
2021-05-06 09:34:10,928.5,668578
2021-05-06 09:34:10,928.5,668578
2021-05-06 09:34:11,928.1,668579
2021-05-06 09:34:12,928.1,668763
2021-05-06 09:34:13,928.1,668805
2021-05-06 09:34:14,928.5,668808
2021-05-06 09:34:15,928.5,668808
2021-05-06 09:34:17,928.45,669041
2021-05-06 09:34:18,928.1,669066
2021-05-06 09:34:18,928.1,669066
2021-05-06 09:34:19,927.9,672410
2021-05-06 09:34:20,927.9,672410
2021-05-06 09:34:21,928.5,672920
2021-05-06 09:34:22,928.5,672974
2021-05-06 09:34:23,928.2,673074
2021-05-06 09:34:26,928.1,673398
2021-05-06 09:34:27,928.1,673398
2021-05-06 09:34:28,928.1,673398
2021-05-06 09:34:29,928.25,673438
2021-05-06 09:34:30,928.3,673888
2021-05-06 09:34:30,928.3,673888
2021-05-06 09:34:31,928.5,673898
2021-05-06 09:34:32,928.6,673899
2021-05-06 09:34:34,928.6,675602
2021-05-06 09:34:36,928.5,675772
2021-05-06 09:34:37,928.1,675823
2021-05-06 09:34:38,928.1,675848
2021-05-06 09:34:39,928.1,675848
2021-05-06 09:34:40,928.1,675848
2021-05-06 09:34:42,928.0,676716
2021-05-06 09:34:43,928.0,676816
2021-05-06 09:34:44,928.25,676917
2021-05-06 09:34:45,928.4,676928
2021-05-06 09:34:46,928.1,676956
2021-05-06 09:34:47,928.1,676956
2021-05-06 09:34:48,928.1,676956
2021-05-06 09:34:50,928.0,676981
2021-05-06 09:34:51,928.25,677006
2021-05-06 09:34:52,928.25,677048
2021-05-06 09:34:53,928.25,678785
2021-05-06 09:34:54,928.1,679840
2021-05-06 09:34:54,928.0,680111
2021-05-06 09:34:55,928.0,680211
2021-05-06 09:34:56,928.15,680361
2021-05-06 09:34:57,928.25,680476
2021-05-06 09:34:59,928.0,680583
2021-05-06 09:35:00,928.0,680658
2021-05-06 09:35:00,928.0,680658
2021-05-06 09:35:01,927.95,681939
2021-05-06 09:35:02,928.1,682660
2021-05-06 09:35:03,927.5,682965
2021-05-06 09:35:05,927.55,684146
2021-05-06 09:35:06,927.5,684192
2021-05-06 09:35:07,927.2,684251
2021-05-06 09:35:08,927.75,684740
2021-05-06 09:35:09,927.8,684767
2021-05-06 09:35:09,927.8,684767
2021-05-06 09:35:10,927.5,690357
2021-05-06 09:35:11,927.45,690497
2021-05-06 09:35:13,927.6,694036
2021-05-06 09:35:14,927.7,694136
2021-05-06 09:35:15,928.0,694168
2021-05-06 09:35:17,927.7,694169
2021-05-06 09:35:18,927.7,694209
2021-05-06 09:35:20,928.0,694545
2021-05-06 09:35:21,928.0,694545
2021-05-06 09:35:22,928.0,694834
2021-05-06 09:35:23,928.0,694834
2021-05-06 09:35:24,928.25,694895
2021-05-06 09:35:25,928.25,694900
2021-05-06 09:35:25,928.25,694900
2021-05-06 09:35:26,928.25,694901
2021-05-06 09:35:28,928.25,694901
2021-05-06 09:35:29,928.25,694905
2021-05-06 09:35:29,928.25,694905
2021-05-06 09:35:31,928.0,695030
2021-05-06 09:35:31,928.0,695030
2021-05-06 09:35:32,928.2,695230
2021-05-06 09:35:33,928.25,695231
2021-05-06 09:35:35,928.25,695233
2021-05-06 09:35:36,928.25,695233
2021-05-06 09:35:37,928.25,695233
2021-05-06 09:35:37,928.25,695233
2021-05-06 09:35:39,927.6,697608
2021-05-06 09:35:40,927.6,697709
2021-05-06 09:35:40,927.6,697709
2021-05-06 09:35:41,927.6,697718
2021-05-06 09:35:42,927.9,698103
2021-05-06 09:35:43,927.95,698323
2021-05-06 09:35:45,927.95,698548
2021-05-06 09:35:46,927.5,698631
2021-05-06 09:35:47,927.5,698671
2021-05-06 09:35:48,927.65,699851
2021-05-06 09:35:48,927.6,699846
2021-05-06 09:35:49,927.7,700351
2021-05-06 09:35:50,927.6,700403
2021-05-06 09:35:51,927.6,700403
2021-05-06 09:35:52,928.0,701803
2021-05-06 09:35:54,927.8,701878
2021-05-06 09:35:55,927.85,701918
2021-05-06 09:35:56,927.75,701933
2021-05-06 09:35:56,927.75,701933
2021-05-06 09:35:57,927.8,701962
2021-05-06 09:35:58,927.55,701963
2021-05-06 09:36:00,927.55,701963
2021-05-06 09:36:01,927.65,702208
2021-05-06 09:36:02,927.65,702208
2021-05-06 09:36:03,927.0,703425
2021-05-06 09:36:04,926.4,707591
2021-05-06 09:36:04,926.4,707591
2021-05-06 09:36:05,927.05,707654
2021-05-06 09:36:07,927.05,707654
2021-05-06 09:36:08,926.6,707734
2021-05-06 09:36:09,926.95,707784
2021-05-06 09:36:10,926.9,707804
2021-05-06 09:36:10,926.9,707814
2021-05-06 09:36:11,926.9,707819
2021-05-06 09:36:12,926.9,707919
2021-05-06 09:36:14,926.65,708419
2021-05-06 09:36:15,926.9,708551
2021-05-06 09:36:16,926.7,708986
2021-05-06 09:36:17,926.7,708986
2021-05-06 09:36:19,927.0,709311
2021-05-06 09:36:20,927.3,709343
2021-05-06 09:36:22,927.55,709969
2021-05-06 09:36:23,927.65,710211
2021-05-06 09:36:24,927.35,710381
2021-05-06 09:36:25,927.9,711506
2021-05-06 09:36:27,927.95,712106
2021-05-06 09:36:28,927.6,712146
2021-05-06 09:36:29,927.45,712251
2021-05-06 09:36:30,928.0,712361
2021-05-06 09:36:31,928.0,712386
2021-05-06 09:36:33,927.85,712550
2021-05-06 09:36:34,927.85,712550
2021-05-06 09:36:35,927.85,712550
2021-05-06 09:36:36,928.0,712560
2021-05-06 09:36:37,927.45,712600
2021-05-06 09:36:38,927.9,712754
2021-05-06 09:36:39,927.8,712794
2021-05-06 09:36:40,927.8,712914
2021-05-06 09:36:41,927.25,713024
2021-05-06 09:36:42,927.8,713293
2021-05-06 09:36:43,927.75,713318
2021-05-06 09:36:44,927.75,713343
2021-05-06 09:36:45,928.0,713443
2021-05-06 09:36:46,927.5,713503
2021-05-06 09:36:47,928.0,713508
2021-05-06 09:36:48,928.0,713513
2021-05-06 09:36:49,928.0,713547
2021-05-06 09:36:50,927.85,713597
2021-05-06 09:36:51,927.75,713610
2021-05-06 09:36:52,927.75,713610
2021-05-06 09:36:53,928.0,713627
2021-05-06 09:36:54,928.0,713627
2021-05-06 09:36:55,927.8,714063
2021-05-06 09:36:56,928.0,714230
2021-05-06 09:36:57,928.0,714232
2021-05-06 09:36:58,927.8,714237
2021-05-06 09:36:59,928.0,714257
2021-05-06 09:37:00,927.8,714277
2021-05-06 09:37:01,928.0,714278
2021-05-06 09:37:02,928.0,714303
2021-05-06 09:37:03,928.0,714378
2021-05-06 09:37:04,928.0,714383
2021-05-06 09:37:05,927.95,714384
2021-05-06 09:37:06,928.25,717250
2021-05-06 09:37:07,928.25,717250
2021-05-06 09:37:08,928.55,717284
2021-05-06 09:37:09,928.3,717285
2021-05-06 09:37:10,928.55,717385
2021-05-06 09:37:11,928.6,717435
2021-05-06 09:37:12,928.6,717445
2021-05-06 09:37:13,928.6,717465
2021-05-06 09:37:14,928.6,717465
2021-05-06 09:37:15,928.25,717615
2021-05-06 09:37:16,928.25,717615
2021-05-06 09:37:17,928.55,717655
2021-05-06 09:37:18,928.2,717695
2021-05-06 09:37:19,928.2,717695
2021-05-06 09:37:20,928.5,717775
2021-05-06 09:37:21,928.45,717880
2021-05-06 09:37:22,928.2,717881
2021-05-06 09:37:23,928.65,718231
2021-05-06 09:37:23,928.45,718232
2021-05-06 09:37:24,928.45,718232
2021-05-06 09:37:25,928.45,718232
2021-05-06 09:37:26,928.4,718297
2021-05-06 09:37:27,928.65,718590
2021-05-06 09:37:28,928.7,718591
2021-05-06 09:37:29,928.35,718677
2021-05-06 09:37:30,928.35,718677
2021-05-06 09:37:31,928.2,718912
2021-05-06 09:37:32,928.2,718912
2021-05-06 09:37:33,928.2,718912
2021-05-06 09:37:34,928.7,718933
2021-05-06 09:37:35,928.3,719875
2021-05-06 09:37:36,928.3,719875
2021-05-06 09:37:38,928.3,719875
2021-05-06 09:37:39,928.3,719875
2021-05-06 09:37:40,928.3,719875
2021-05-06 09:37:41,928.65,719931
2021-05-06 09:37:42,928.7,720436
2021-05-06 09:37:44,928.8,721391
2021-05-06 09:37:45,928.8,721391
2021-05-06 09:37:46,928.7,721474
2021-05-06 09:37:48,928.55,722859
2021-05-06 09:37:49,928.55,722859
2021-05-06 09:37:50,928.8,722872
2021-05-06 09:37:51,928.8,722873
2021-05-06 09:37:52,928.85,723923
2021-05-06 09:37:53,928.85,724023
2021-05-06 09:37:54,928.85,724068
2021-05-06 09:37:54,928.85,724068
2021-05-06 09:37:55,928.85,724119
2021-05-06 09:37:56,928.85,724119
2021-05-06 09:37:57,928.85,724119
2021-05-06 09:37:58,928.85,724219
2021-05-06 09:37:59,928.85,724219
2021-05-06 09:38:00,928.7,724438
2021-05-06 09:38:01,928.85,724548
2021-05-06 09:38:02,928.7,725071
2021-05-06 09:38:03,928.7,725500
2021-05-06 09:38:04,928.7,725500
2021-05-06 09:38:06,928.35,725655
2021-05-06 09:38:07,928.3,725656
2021-05-06 09:38:08,928.35,725975
2021-05-06 09:38:09,928.35,725975
2021-05-06 09:38:10,928.35,725975
2021-05-06 09:38:11,928.45,725985
2021-05-06 09:38:12,928.0,725986
2021-05-06 09:38:13,928.4,726090
2021-05-06 09:38:14,928.4,726090
2021-05-06 09:38:15,928.4,726090
2021-05-06 09:38:16,928.05,726588
2021-05-06 09:38:17,928.55,727292
2021-05-06 09:38:18,928.45,727297
2021-05-06 09:38:19,928.45,727297
2021-05-06 09:38:20,928.5,727797
2021-05-06 09:38:21,928.35,730507
2021-05-06 09:38:22,928.35,730507
2021-05-06 09:38:23,928.35,730507
2021-05-06 09:38:24,928.35,730507
2021-05-06 09:38:25,928.4,730519
2021-05-06 09:38:26,928.75,730562
2021-05-06 09:38:27,928.75,730562
2021-05-06 09:38:28,928.4,730607
2021-05-06 09:38:29,928.4,730607
2021-05-06 09:38:30,928.85,732007
2021-05-06 09:38:31,928.55,734027
2021-05-06 09:38:32,928.55,734027
2021-05-06 09:38:33,928.8,734227
2021-05-06 09:38:34,928.3,734275
2021-05-06 09:38:35,928.3,734375
2021-05-06 09:38:36,928.55,734432
2021-05-06 09:38:37,928.55,734447
2021-05-06 09:38:41,928.45,734822
2021-05-06 09:38:42,928.8,734892
2021-05-06 09:38:43,928.45,734907
2021-05-06 09:38:44,928.45,734907
2021-05-06 09:38:45,928.45,734907
2021-05-06 09:38:46,928.45,734907
2021-05-06 09:38:47,928.8,735607
2021-05-06 09:38:48,928.8,735612
2021-05-06 09:38:49,928.8,735612
2021-05-06 09:38:50,928.8,735612
2021-05-06 09:38:51,928.55,735827
2021-05-06 09:38:52,928.55,736018
2021-05-06 09:38:53,928.8,736068
2021-05-06 09:38:54,928.8,736068
2021-05-06 09:38:55,928.8,736118
2021-05-06 09:38:56,928.85,736518
2021-05-06 09:38:57,928.45,736758
2021-05-06 09:38:59,928.8,737088
2021-05-06 09:39:00,928.75,737218
2021-05-06 09:39:01,928.55,737980
2021-05-06 09:39:02,928.3,737981
2021-05-06 09:39:03,928.3,737981
2021-05-06 09:39:04,928.2,740052
2021-05-06 09:39:05,928.2,740052
2021-05-06 09:39:06,928.55,740053
2021-05-06 09:39:07,928.6,740103
2021-05-06 09:39:08,928.2,740453
2021-05-06 09:39:09,928.2,740453
2021-05-06 09:39:09,928.15,740465
2021-05-06 09:39:11,928.6,740625
2021-05-06 09:39:12,928.6,740647
2021-05-06 09:39:13,928.6,740647
2021-05-06 09:39:14,928.5,740747
2021-05-06 09:39:15,928.0,745277
2021-05-06 09:39:16,928.05,745307
2021-05-06 09:39:17,928.0,745368
2021-05-06 09:39:18,928.2,745618
2021-05-06 09:39:19,928.2,745618
2021-05-06 09:39:20,928.0,745619
2021-05-06 09:39:21,928.0,745619
2021-05-06 09:39:22,928.3,746119
2021-05-06 09:39:23,928.25,746164
2021-05-06 09:39:24,928.7,746264
2021-05-06 09:39:25,928.65,746319
2021-05-06 09:39:26,928.65,746319
2021-05-06 09:39:27,928.65,746319
2021-05-06 09:39:28,928.15,747319
2021-05-06 09:39:29,928.15,747319
2021-05-06 09:39:31,928.15,747319
2021-05-06 09:39:32,928.5,747469
2021-05-06 09:39:33,928.7,747489
2021-05-06 09:39:34,928.7,747489
2021-05-06 09:39:35,928.7,747489
2021-05-06 09:39:35,928.7,747489
2021-05-06 09:39:36,928.7,747489
2021-05-06 09:39:37,928.7,747489
2021-05-06 09:39:38,928.25,747789
2021-05-06 09:39:39,928.65,747839
2021-05-06 09:39:40,928.65,747839
2021-05-06 09:39:41,928.65,747839
2021-05-06 09:39:42,928.5,747844
2021-05-06 09:39:44,928.5,747844
2021-05-06 09:39:45,928.5,747845
2021-05-06 09:39:46,928.5,747938
2021-05-06 09:39:47,928.5,748139
2021-05-06 09:39:48,928.5,748139
2021-05-06 09:39:49,928.85,750596
2021-05-06 09:39:50,928.85,750796
2021-05-06 09:39:51,928.5,750816
2021-05-06 09:39:52,928.85,751036
2021-05-06 09:39:53,928.5,751086
2021-05-06 09:39:54,928.5,751092
2021-05-06 09:39:54,928.5,751092
2021-05-06 09:39:56,928.5,751142
2021-05-06 09:39:57,928.5,751142
2021-05-06 09:39:58,928.85,751152
2021-05-06 09:39:59,928.5,751154
2021-05-06 09:40:00,928.8,751261
2021-05-06 09:40:01,928.8,751261
2021-05-06 09:40:02,928.75,751326
2021-05-06 09:40:03,928.5,751826
2021-05-06 09:40:04,928.5,751835
2021-05-06 09:40:05,928.8,751863
2021-05-06 09:40:06,928.8,751863
2021-05-06 09:40:07,928.8,751863
2021-05-06 09:40:07,928.8,751863
2021-05-06 09:40:09,928.8,751965
2021-05-06 09:40:10,928.8,752088
2021-05-06 09:40:11,929.0,753243
2021-05-06 09:40:12,929.0,753254
2021-05-06 09:40:13,929.0,753387
2021-05-06 09:40:14,928.65,753427
2021-05-06 09:40:15,928.6,753967
2021-05-06 09:40:16,928.8,754017
2021-05-06 09:40:17,928.5,754162
2021-05-06 09:40:18,928.7,754262
2021-05-06 09:40:19,928.8,754859
2021-05-06 09:40:20,928.6,755484
2021-05-06 09:40:21,928.85,755689
2021-05-06 09:40:22,928.95,756416
2021-05-06 09:40:23,929.0,756666
2021-05-06 09:40:24,929.0,756766
2021-05-06 09:40:25,929.0,756768
2021-05-06 09:40:26,929.0,756783
2021-05-06 09:40:27,928.95,756795
2021-05-06 09:40:28,928.95,756805
2021-05-06 09:40:29,928.95,756805
2021-05-06 09:40:30,928.95,757383
2021-05-06 09:40:31,928.6,757706
2021-05-06 09:40:32,928.5,760132
2021-05-06 09:40:33,928.5,760172
2021-05-06 09:40:34,928.65,760602
2021-05-06 09:40:35,928.55,760800
2021-05-06 09:40:36,928.55,760820
2021-05-06 09:40:37,928.15,760830
2021-05-06 09:40:38,928.15,760830
2021-05-06 09:40:39,928.85,760980
2021-05-06 09:40:40,928.6,761031
2021-05-06 09:40:41,928.6,761031
2021-05-06 09:40:42,928.55,761081
2021-05-06 09:40:44,928.5,761143
2021-05-06 09:40:45,928.5,761144
2021-05-06 09:40:46,928.85,761399
2021-05-06 09:40:47,928.85,761399
2021-05-06 09:40:48,928.5,761450
2021-05-06 09:40:49,928.5,761450
2021-05-06 09:40:50,928.3,761530
2021-05-06 09:40:51,928.55,761562
2021-05-06 09:40:52,928.55,761574
2021-05-06 09:40:53,928.85,761674
2021-05-06 09:40:54,928.7,762471
2021-05-06 09:40:55,928.3,762682
2021-05-06 09:40:56,928.3,762697
2021-05-06 09:40:57,928.65,762848
2021-05-06 09:40:58,928.55,762918
2021-05-06 09:40:59,928.45,764078
2021-05-06 09:41:00,928.45,764078
2021-05-06 09:41:01,928.45,764088
2021-05-06 09:41:02,928.05,764288
2021-05-06 09:41:03,928.05,764288
2021-05-06 09:41:04,928.05,764288
2021-05-06 09:41:05,928.05,764288
2021-05-06 09:41:06,928.45,766288
2021-05-06 09:41:07,928.5,766295
2021-05-06 09:41:08,928.5,766295
2021-05-06 09:41:09,928.5,766295
2021-05-06 09:41:10,928.45,766395
2021-05-06 09:41:11,928.15,768551
2021-05-06 09:41:12,928.3,768656
2021-05-06 09:41:13,928.25,768667
2021-05-06 09:41:14,928.85,768825
2021-05-06 09:41:15,928.85,768834
2021-05-06 09:41:16,928.85,768844
2021-05-06 09:41:17,928.85,769043
2021-05-06 09:41:18,928.85,769043
2021-05-06 09:41:19,928.85,769053
2021-05-06 09:41:20,928.85,769083
2021-05-06 09:41:21,928.85,769083
2021-05-06 09:41:22,928.55,769183
2021-05-06 09:41:23,928.55,769183
2021-05-06 09:41:24,928.9,769403
2021-05-06 09:41:25,928.9,769413
2021-05-06 09:41:26,928.9,769413
2021-05-06 09:41:27,928.9,769423
2021-05-06 09:41:29,928.65,769523
2021-05-06 09:41:28,928.65,769523
2021-05-06 09:41:30,928.65,769523
2021-05-06 09:41:31,928.8,769553
2021-05-06 09:41:32,928.5,769604
2021-05-06 09:41:33,928.5,769605
2021-05-06 09:41:34,928.9,772025
2021-05-06 09:41:35,928.9,772025
2021-05-06 09:41:36,928.9,772025
2021-05-06 09:41:38,928.75,772225
2021-05-06 09:41:37,928.9,772125
2021-05-06 09:41:39,928.6,772553
2021-05-06 09:41:40,928.2,772894
2021-05-06 09:41:41,927.95,780179
2021-05-06 09:41:42,927.95,780259
2021-05-06 09:41:43,928.15,780359
2021-05-06 09:41:45,928.1,780427
2021-05-06 09:41:44,927.7,780407
2021-05-06 09:41:46,927.55,781032
2021-05-06 09:41:47,928.0,781062
2021-05-06 09:41:48,928.0,781062
2021-05-06 09:41:49,927.8,781113
2021-05-06 09:41:50,927.85,781219
2021-05-06 09:41:51,927.85,781220
2021-05-06 09:41:52,927.85,781220
2021-05-06 09:41:54,927.8,781420
2021-05-06 09:41:55,927.8,781420
2021-05-06 09:41:56,927.5,781712
2021-05-06 09:41:57,927.8,781772
2021-05-06 09:41:58,927.9,781842
2021-05-06 09:41:59,927.8,781874
2021-05-06 09:42:01,927.8,781974
2021-05-06 09:42:00,927.8,781874
2021-05-06 09:42:02,927.8,781974
2021-05-06 09:42:03,927.45,782447
2021-05-06 09:42:04,927.45,782447
2021-05-06 09:42:05,927.45,782447
2021-05-06 09:42:06,927.45,782447
2021-05-06 09:42:07,927.9,783231
2021-05-06 09:42:08,927.9,783258
2021-05-06 09:42:09,927.75,783276
2021-05-06 09:42:10,927.9,783303
2021-05-06 09:42:11,927.9,783303
2021-05-06 09:42:13,927.05,783614
2021-05-06 09:42:12,927.05,783614
2021-05-06 09:42:14,927.05,783614
2021-05-06 09:42:15,927.05,783624
2021-05-06 09:42:16,927.05,785131
2021-05-06 09:42:17,927.05,785131
2021-05-06 09:42:18,927.0,785245
2021-05-06 09:42:19,927.45,787220
2021-05-06 09:42:20,926.9,788544
2021-05-06 09:42:22,926.8,788549
2021-05-06 09:42:22,926.8,788549
2021-05-06 09:42:23,927.15,788630
2021-05-06 09:42:24,927.15,788630
2021-05-06 09:42:25,927.4,788668
2021-05-06 09:42:26,927.25,788828
2021-05-06 09:42:27,927.3,789128
2021-05-06 09:42:28,927.2,789228
2021-05-06 09:42:30,927.2,789228
2021-05-06 09:42:30,927.2,789228
2021-05-06 09:42:31,927.3,789233
2021-05-06 09:42:32,927.3,789233
2021-05-06 09:42:33,927.0,789293
2021-05-06 09:42:34,926.85,789424
2021-05-06 09:42:35,927.55,789944
2021-05-06 09:42:36,927.05,790094
2021-05-06 09:42:38,927.15,790910
2021-05-06 09:42:38,927.15,790910
2021-05-06 09:42:39,927.5,791014
2021-05-06 09:42:40,927.5,791116
2021-05-06 09:42:41,927.5,791116
2021-05-06 09:42:42,927.6,791166
2021-05-06 09:42:43,927.25,791169
2021-05-06 09:42:44,927.25,791169
2021-05-06 09:42:45,927.2,791201
2021-05-06 09:42:46,927.2,791201
2021-05-06 09:42:48,927.25,791230
2021-05-06 09:42:48,927.25,791230
2021-05-06 09:42:49,927.45,791351
2021-05-06 09:42:50,927.45,791351
2021-05-06 09:42:51,927.5,791358
2021-05-06 09:42:52,927.25,791383
2021-05-06 09:42:53,927.25,791383
2021-05-06 09:42:54,927.05,791898
2021-05-06 09:42:55,927.05,791898
2021-05-06 09:42:56,927.05,791898
2021-05-06 09:42:58,927.05,791971
2021-05-06 09:42:58,927.05,791971
2021-05-06 09:42:59,926.85,792471
2021-05-06 09:43:00,927.05,792507
2021-05-06 09:43:01,927.05,792507
2021-05-06 09:43:02,926.95,792582
2021-05-06 09:43:03,926.95,792582
2021-05-06 09:43:04,927.0,792586
2021-05-06 09:43:05,927.0,792592
2021-05-06 09:43:06,926.9,792722
2021-05-06 09:43:07,926.9,792722
2021-05-06 09:43:08,926.9,792722
2021-05-06 09:43:09,926.9,792722
2021-05-06 09:43:10,926.8,792842
2021-05-06 09:43:11,926.8,792852
2021-05-06 09:43:13,926.8,792852
2021-05-06 09:43:13,926.8,792852
2021-05-06 09:43:14,926.9,793644
2021-05-06 09:43:16,927.0,793932
2021-05-06 09:43:15,926.9,793644
2021-05-06 09:43:17,927.05,794035
2021-05-06 09:43:18,926.65,794041
2021-05-06 09:43:19,926.55,794871
2021-05-06 09:43:20,927.05,795000
2021-05-06 09:43:21,927.05,795000
2021-05-06 09:43:22,927.0,795010
2021-05-06 09:43:24,926.9,795016
2021-05-06 09:43:24,926.9,795016
2021-05-06 09:43:25,927.0,795066
2021-05-06 09:43:27,926.8,795095
2021-05-06 09:43:27,926.8,795216
2021-05-06 09:43:28,926.65,795221
2021-05-06 09:43:29,926.6,795292
2021-05-06 09:43:30,926.6,795343
2021-05-06 09:43:31,926.6,795343
2021-05-06 09:43:32,927.0,795575
2021-05-06 09:43:33,927.05,795933
2021-05-06 09:43:34,926.75,796298
2021-05-06 09:43:35,926.75,796298
2021-05-06 09:43:36,926.75,796298
2021-05-06 09:43:37,926.8,796314
2021-05-06 09:43:38,926.75,796464
2021-05-06 09:43:39,926.75,796464
2021-05-06 09:43:41,926.75,796490
2021-05-06 09:43:41,926.75,796490
2021-05-06 09:43:42,926.5,800746
2021-05-06 09:43:43,927.0,800860
2021-05-06 09:43:44,927.0,800877
2021-05-06 09:43:45,926.75,800924
2021-05-06 09:43:46,926.65,800964
2021-05-06 09:43:47,926.65,800964
2021-05-06 09:43:48,926.65,800964
2021-05-06 09:43:49,926.65,800964
2021-05-06 09:43:50,926.65,800964
2021-05-06 09:43:51,927.2,801269
2021-05-06 09:43:52,927.2,801279
2021-05-06 09:43:53,927.35,801379
2021-05-06 09:43:55,927.1,801481
2021-05-06 09:43:55,927.1,801481
2021-05-06 09:43:56,926.85,801581
2021-05-06 09:43:57,926.7,801596
2021-05-06 09:43:58,926.8,801621
2021-05-06 09:44:00,926.8,801621
2021-05-06 09:44:00,926.85,801622
2021-05-06 09:44:01,926.9,801632
2021-05-06 09:44:02,926.7,801634
2021-05-06 09:44:05,926.65,802444
2021-05-06 09:44:06,926.65,802444
2021-05-06 09:44:07,926.65,802446
2021-05-06 09:44:08,926.65,802446
2021-05-06 09:44:10,926.5,802808
2021-05-06 09:44:11,926.5,803313
2021-05-06 09:44:13,926.8,804358
2021-05-06 09:44:13,926.5,805308
2021-05-06 09:44:14,926.5,805378
2021-05-06 09:44:15,926.5,805378
2021-05-06 09:44:16,926.5,805378
2021-05-06 09:44:17,926.5,805378
2021-05-06 09:44:19,926.5,805378
2021-05-06 09:44:20,926.5,805378
2021-05-06 09:44:21,926.95,805478
2021-05-06 09:44:22,926.85,805488
2021-05-06 09:44:23,926.65,805518
2021-05-06 09:44:25,926.95,805600
2021-05-06 09:44:25,926.95,805600
2021-05-06 09:44:26,926.5,805857
2021-05-06 09:44:27,926.5,805857
2021-05-06 09:44:28,926.7,805919
2021-05-06 09:44:29,926.7,805919
2021-05-06 09:44:31,926.95,805924
2021-05-06 09:44:32,926.95,805924
2021-05-06 09:44:33,926.65,805934
2021-05-06 09:44:34,926.5,805935
2021-05-06 09:44:34,926.65,805968
2021-05-06 09:44:36,926.65,805978
2021-05-06 09:44:37,926.65,805978
2021-05-06 09:44:39,926.5,806283
2021-05-06 09:44:40,926.5,806283
2021-05-06 09:44:41,926.5,806293
2021-05-06 09:44:42,926.5,806293
2021-05-06 09:44:43,926.9,806543
2021-05-06 09:44:44,926.5,806693
2021-05-06 09:44:44,926.5,806693
2021-05-06 09:44:45,926.8,806793
2021-05-06 09:44:46,926.55,806808
2021-05-06 09:44:48,926.75,807236
2021-05-06 09:44:49,926.5,808367
2021-05-06 09:44:50,926.5,808367
2021-05-06 09:44:51,926.1,808696
2021-05-06 09:44:52,925.8,817391
2021-05-06 09:44:53,925.5,817471
2021-05-06 09:44:54,926.05,817473
2021-05-06 09:44:56,926.05,817473
2021-05-06 09:44:57,925.9,817539
2021-05-06 09:44:58,926.3,817569
2021-05-06 09:44:58,926.3,817569
2021-05-06 09:45:00,926.35,817676
2021-05-06 09:45:01,926.2,817776
2021-05-06 09:45:02,925.85,817827
2021-05-06 09:45:02,926.3,817832
2021-05-06 09:45:03,925.85,817943
2021-05-06 09:45:04,925.75,818003
2021-05-06 09:45:05,926.25,818031
2021-05-06 09:45:07,925.85,818551
2021-05-06 09:45:08,925.9,819061
2021-05-06 09:45:09,926.3,819486
2021-05-06 09:45:10,926.3,819499
2021-05-06 09:45:11,926.15,819541
2021-05-06 09:45:12,926.05,820143
2021-05-06 09:45:12,926.05,820143
2021-05-06 09:45:13,926.2,820334
2021-05-06 09:45:14,926.1,821134
2021-05-06 09:45:15,926.05,821384
2021-05-06 09:45:16,926.45,821442
2021-05-06 09:45:17,926.8,821825
2021-05-06 09:45:18,926.6,822336
2021-05-06 09:45:19,926.6,822401
2021-05-06 09:45:20,927.0,823055
2021-05-06 09:45:21,927.0,823055
2021-05-06 09:45:22,926.9,823160
2021-05-06 09:45:23,926.9,823160
2021-05-06 09:45:25,926.9,823260
2021-05-06 09:45:25,926.9,823260
2021-05-06 09:45:27,927.1,824270
2021-05-06 09:45:27,927.1,824270
2021-05-06 09:45:28,926.9,824330
2021-05-06 09:45:29,926.9,824330
2021-05-06 09:45:30,927.35,825060
2021-05-06 09:45:32,927.35,825060
2021-05-06 09:45:33,927.35,825060
2021-05-06 09:45:33,927.35,825060
2021-05-06 09:45:34,927.5,825076
2021-05-06 09:45:35,927.5,825261
2021-05-06 09:45:36,927.3,825361
2021-05-06 09:45:37,927.3,825361
2021-05-06 09:45:38,927.3,825371
2021-05-06 09:45:39,927.3,825371
2021-05-06 09:45:40,927.3,825371
2021-05-06 09:45:41,927.5,825482
2021-05-06 09:45:42,927.5,825482
2021-05-06 09:45:43,927.5,825482
2021-05-06 09:45:44,927.5,825482
2021-05-06 09:45:45,927.35,825485
2021-05-06 09:45:47,927.3,825499
2021-05-06 09:45:48,927.3,825499
2021-05-06 09:45:49,927.15,825539
2021-05-06 09:45:50,927.5,826286
2021-05-06 09:45:50,927.5,826286
2021-05-06 09:45:51,927.5,826286
2021-05-06 09:45:53,927.5,826286
2021-05-06 09:45:54,927.5,826286
2021-05-06 09:45:56,927.45,826325
2021-05-06 09:45:57,927.45,826325
2021-05-06 09:45:58,927.45,826329
2021-05-06 09:45:59,927.45,826329
2021-05-06 09:45:59,927.45,826329
2021-05-06 09:46:00,927.1,826334
2021-05-06 09:46:02,927.1,826379
2021-05-06 09:46:03,927.1,826509
2021-05-06 09:46:04,927.15,826510
2021-05-06 09:46:04,927.1,826520
2021-05-06 09:46:05,927.1,826520
2021-05-06 09:46:06,927.4,826620
2021-05-06 09:46:08,927.4,826620
2021-05-06 09:46:09,927.4,826620
2021-05-06 09:46:10,927.5,826820
2021-05-06 09:46:11,927.25,826872
2021-05-06 09:46:12,927.15,826877
2021-05-06 09:46:13,927.15,826887
2021-05-06 09:46:14,927.25,826953
2021-05-06 09:46:15,927.25,827048
2021-05-06 09:46:15,927.25,827048
2021-05-06 09:46:18,927.3,827066
2021-05-06 09:46:18,927.3,827066
2021-05-06 09:46:20,927.3,827066
2021-05-06 09:46:21,927.3,827227
2021-05-06 09:46:22,927.3,827227
2021-05-06 09:46:23,927.3,827227
2021-05-06 09:46:23,927.3,827227
2021-05-06 09:46:24,927.5,827527
2021-05-06 09:46:25,927.5,827527
2021-05-06 09:46:26,927.5,828552
2021-05-06 09:46:27,927.5,828552
2021-05-06 09:46:28,927.5,828552
2021-05-06 09:46:29,927.5,828552
2021-05-06 09:46:31,927.3,828582
2021-05-06 09:46:32,927.8,828782
2021-05-06 09:46:33,927.8,828782
2021-05-06 09:46:34,927.4,828832
2021-05-06 09:46:35,927.8,830856
2021-05-06 09:46:36,927.7,830881
2021-05-06 09:46:37,927.7,830881
2021-05-06 09:46:38,927.95,830992
2021-05-06 09:46:38,927.5,831992
2021-05-06 09:46:39,927.5,831992
2021-05-06 09:46:41,927.6,832037
2021-05-06 09:46:42,927.55,832077
2021-05-06 09:46:43,927.55,832207
2021-05-06 09:46:44,927.95,832349
2021-05-06 09:46:45,927.95,832349
2021-05-06 09:46:46,927.95,832349
2021-05-06 09:46:46,927.95,832349
2021-05-06 09:46:48,927.3,832734
2021-05-06 09:46:48,927.3,832734
2021-05-06 09:46:49,927.6,832759
2021-05-06 09:46:50,927.35,832919
2021-05-06 09:46:51,927.3,833079
2021-05-06 09:46:52,927.3,833079
2021-05-06 09:46:53,927.6,833080
2021-05-06 09:46:54,927.5,833348
2021-05-06 09:46:55,927.4,833553
2021-05-06 09:46:56,927.3,833870
2021-05-06 09:46:57,927.5,834040
2021-05-06 09:46:58,927.3,834090
2021-05-06 09:46:59,927.1,834221
2021-05-06 09:47:00,927.1,834221
2021-05-06 09:47:01,927.1,834308
2021-05-06 09:47:03,927.3,834646
2021-05-06 09:47:03,927.3,834646
2021-05-06 09:47:05,927.5,834959
2021-05-06 09:47:07,927.5,834959
2021-05-06 09:47:08,927.45,835338
2021-05-06 09:47:09,927.45,835338
2021-05-06 09:47:09,927.45,835338
2021-05-06 09:47:10,927.35,835418
2021-05-06 09:47:11,927.35,835418
2021-05-06 09:47:12,927.7,835867
2021-05-06 09:47:13,927.7,835867
2021-05-06 09:47:14,927.7,835867
2021-05-06 09:47:16,927.7,835867
2021-05-06 09:47:17,927.4,835878
2021-05-06 09:47:18,927.4,835898
2021-05-06 09:47:19,927.4,835898
2021-05-06 09:47:20,927.5,836096
2021-05-06 09:47:22,927.35,836287
2021-05-06 09:47:22,927.6,836197
2021-05-06 09:47:24,927.35,836287
2021-05-06 09:47:25,927.35,836287
2021-05-06 09:47:26,927.35,836287
2021-05-06 09:47:27,927.35,836337
2021-05-06 09:47:28,927.35,836337
2021-05-06 09:47:29,927.7,836637
2021-05-06 09:47:30,927.25,836889
2021-05-06 09:47:32,927.45,837189
2021-05-06 09:47:33,927.45,837189
2021-05-06 09:47:34,927.15,837201
2021-05-06 09:47:35,927.15,837302
2021-05-06 09:47:36,927.2,837332
2021-05-06 09:47:37,927.25,837382
2021-05-06 09:47:38,927.0,837542
2021-05-06 09:47:40,927.2,837872
2021-05-06 09:47:40,927.2,837872
2021-05-06 09:47:42,927.2,837872
2021-05-06 09:47:42,927.2,837872
2021-05-06 09:47:43,927.2,837872
2021-05-06 09:47:44,927.2,837872
2021-05-06 09:47:45,927.2,837881
2021-05-06 09:47:46,927.4,838580
2021-05-06 09:47:47,927.5,838582
2021-05-06 09:47:49,927.5,838582
2021-05-06 09:47:50,927.3,838599
2021-05-06 09:47:51,927.3,838609
2021-05-06 09:47:52,927.25,839019
2021-05-06 09:47:53,927.5,839289
2021-05-06 09:47:54,927.3,839489
2021-05-06 09:47:55,927.2,839619
2021-05-06 09:47:56,927.2,839619
2021-05-06 09:47:58,927.1,839982
2021-05-06 09:47:59,927.4,840066
2021-05-06 09:48:00,927.4,840066
2021-05-06 09:48:01,927.4,840068
2021-05-06 09:48:02,927.4,840068
2021-05-06 09:48:03,927.4,840068
2021-05-06 09:48:04,927.1,840108
2021-05-06 09:48:05,927.1,840108
2021-05-06 09:48:06,927.3,840118
2021-05-06 09:48:07,927.2,840119
2021-05-06 09:48:09,927.1,840191
2021-05-06 09:48:08,927.3,840184
2021-05-06 09:48:10,927.3,840251
2021-05-06 09:48:11,927.3,840251
2021-05-06 09:48:12,927.3,840251
2021-05-06 09:48:13,927.3,840251
2021-05-06 09:48:14,927.3,840261
2021-05-06 09:48:15,927.1,840289
2021-05-06 09:48:16,927.0,840399
2021-05-06 09:48:17,927.15,841498
2021-05-06 09:48:18,927.15,841498
2021-05-06 09:48:19,927.15,841498
2021-05-06 09:48:20,927.15,841498
2021-05-06 09:48:21,927.0,841739
2021-05-06 09:48:21,927.0,842251
2021-05-06 09:48:22,927.0,845572
2021-05-06 09:48:24,927.0,845872
2021-05-06 09:48:25,926.85,846066
2021-05-06 09:48:26,926.85,846579
2021-05-06 09:48:27,926.8,847003
2021-05-06 09:48:28,926.2,848003
2021-05-06 09:48:29,926.2,848003
2021-05-06 09:48:29,926.2,848003
2021-05-06 09:48:31,926.2,848003
2021-05-06 09:48:30,926.2,848003
2021-05-06 09:48:32,926.5,848787
2021-05-06 09:48:33,926.5,848808
2021-05-06 09:48:34,926.45,848833
2021-05-06 09:48:35,926.45,848863
2021-05-06 09:48:37,926.75,848913
2021-05-06 09:48:38,926.75,848913
2021-05-06 09:48:38,926.75,848913
2021-05-06 09:48:40,926.75,848913
2021-05-06 09:48:41,926.55,848953
2021-05-06 09:48:42,926.7,849010
2021-05-06 09:48:43,926.7,849015
2021-05-06 09:48:44,926.55,849016
2021-05-06 09:48:46,926.65,849247
2021-05-06 09:48:47,926.65,849247
2021-05-06 09:48:48,926.55,849357
2021-05-06 09:48:49,926.55,849357
2021-05-06 09:48:50,926.55,849359
2021-05-06 09:48:51,926.75,849368
2021-05-06 09:48:52,926.75,849368
2021-05-06 09:48:53,926.55,849448
2021-05-06 09:48:53,926.55,849448
2021-05-06 09:48:55,926.55,849448
2021-05-06 09:48:56,926.55,849469
2021-05-06 09:48:57,926.55,849519
2021-05-06 09:48:58,926.75,849520
2021-05-06 09:48:59,926.75,849520
2021-05-06 09:49:00,926.6,849527
2021-05-06 09:49:01,926.6,849577
2021-05-06 09:49:02,926.6,849609
2021-05-06 09:49:03,926.75,849611
2021-05-06 09:49:04,926.6,849766
2021-05-06 09:49:05,926.6,849806
2021-05-06 09:49:06,926.65,850032
2021-05-06 09:49:07,926.65,850032
2021-05-06 09:49:08,926.75,850082
2021-05-06 09:49:09,926.75,850082
2021-05-06 09:49:10,926.6,850262
2021-05-06 09:49:11,926.6,850262
2021-05-06 09:49:12,926.6,850262
2021-05-06 09:49:13,926.65,850272
2021-05-06 09:49:14,926.6,850377
2021-05-06 09:49:15,926.85,850759
2021-05-06 09:49:16,926.85,850759
2021-05-06 09:49:17,926.85,850759
2021-05-06 09:49:18,926.9,850820
2021-05-06 09:49:19,926.9,850820
2021-05-06 09:49:21,927.0,850941
2021-05-06 09:49:22,927.0,850951
2021-05-06 09:49:23,927.0,850951
2021-05-06 09:49:24,927.0,850951
2021-05-06 09:49:25,927.0,851096
2021-05-06 09:49:26,927.0,851096
2021-05-06 09:49:27,927.0,851296
2021-05-06 09:49:28,927.0,851296
2021-05-06 09:49:29,926.8,851309
2021-05-06 09:49:30,926.8,851309
2021-05-06 09:49:31,926.8,851309
2021-05-06 09:49:32,926.8,851309
2021-05-06 09:49:33,926.9,851311
2021-05-06 09:49:34,926.9,851311
2021-05-06 09:49:35,926.9,851311
2021-05-06 09:49:36,926.7,851792
2021-05-06 09:49:37,926.7,851792
2021-05-06 09:49:38,926.7,851792
2021-05-06 09:49:39,926.6,851922
2021-05-06 09:49:40,926.6,851922
2021-05-06 09:49:41,926.6,851934
2021-05-06 09:49:42,926.75,851939
2021-05-06 09:49:43,926.75,851939
2021-05-06 09:49:44,926.6,852135
2021-05-06 09:49:45,926.6,852135
2021-05-06 09:49:46,926.6,852297
2021-05-06 09:49:47,926.6,852307
2021-05-06 09:49:48,926.6,852315
2021-05-06 09:49:49,926.6,852315
2021-05-06 09:49:50,926.55,852814
2021-05-06 09:49:51,926.2,853084
2021-05-06 09:49:52,926.4,853231
2021-05-06 09:49:53,926.4,853231
2021-05-06 09:49:54,926.4,853231
2021-05-06 09:49:55,926.4,853231
2021-05-06 09:49:56,926.1,854466
2021-05-06 09:49:57,926.1,855409
2021-05-06 09:49:58,926.1,855409
2021-05-06 09:49:59,925.8,857705
2021-05-06 09:50:00,925.8,858033
2021-05-06 09:50:01,925.75,858266
2021-05-06 09:50:02,925.75,858266
2021-05-06 09:50:03,925.7,858301
2021-05-06 09:50:04,925.7,858301
2021-05-06 09:50:05,925.85,858331
2021-05-06 09:50:06,926.0,858921
2021-05-06 09:50:07,926.25,858922
2021-05-06 09:50:08,926.5,858954
2021-05-06 09:50:08,926.5,858954
2021-05-06 09:50:09,926.5,858954
2021-05-06 09:50:10,926.6,859157
2021-05-06 09:50:12,926.6,859157
2021-05-06 09:50:13,926.6,859158
2021-05-06 09:50:14,926.6,859158
2021-05-06 09:50:15,927.0,861106
2021-05-06 09:50:16,927.0,861106
2021-05-06 09:50:17,926.95,861146
2021-05-06 09:50:18,927.2,861162
2021-05-06 09:50:19,927.2,861212
2021-05-06 09:50:20,926.9,861277
2021-05-06 09:50:21,926.85,861284
2021-05-06 09:50:22,927.0,861287
2021-05-06 09:50:23,927.0,861287
2021-05-06 09:50:24,927.25,861317
2021-05-06 09:50:25,927.0,861352
2021-05-06 09:50:26,927.0,861352
2021-05-06 09:50:27,927.0,861382
2021-05-06 09:50:27,927.0,861382
2021-05-06 09:50:29,927.0,861382
2021-05-06 09:50:30,927.0,861382
2021-05-06 09:50:31,927.0,861382
2021-05-06 09:50:32,927.5,861383
2021-05-06 09:50:33,927.5,861403
2021-05-06 09:50:34,927.2,861703
2021-05-06 09:50:35,927.5,861753
2021-05-06 09:50:36,927.5,861803
2021-05-06 09:50:37,927.5,861853
2021-05-06 09:50:38,927.5,861933
2021-05-06 09:50:39,927.25,861998
2021-05-06 09:50:40,927.25,861998
2021-05-06 09:50:41,927.6,862404
2021-05-06 09:50:42,927.75,862405
2021-05-06 09:50:43,927.75,862405
2021-05-06 09:50:44,927.45,862445
2021-05-06 09:50:45,927.45,862445
2021-05-06 09:50:46,928.05,867617
2021-05-06 09:50:47,928.05,867617
2021-05-06 09:50:48,927.8,867627
2021-05-06 09:50:49,927.8,867627
2021-05-06 09:50:50,927.45,867637
2021-05-06 09:50:51,927.4,867702
2021-05-06 09:50:52,927.0,868289
2021-05-06 09:50:53,927.0,868389
2021-05-06 09:50:54,927.0,868389
2021-05-06 09:50:55,927.0,868389
2021-05-06 09:50:56,927.0,868389
2021-05-06 09:50:57,927.0,868389
2021-05-06 09:50:58,927.0,868389
2021-05-06 09:50:59,927.25,869227
2021-05-06 09:51:00,927.25,869227
2021-05-06 09:51:01,927.25,869227
2021-05-06 09:51:02,927.25,869277
2021-05-06 09:51:03,927.6,869784
2021-05-06 09:51:04,927.1,869984
2021-05-06 09:51:05,927.55,870484
2021-05-06 09:51:06,926.9,873252
2021-05-06 09:51:07,926.95,873527
2021-05-06 09:51:08,926.95,873527
2021-05-06 09:51:09,926.95,873727
2021-05-06 09:51:10,927.0,873749
2021-05-06 09:51:11,927.0,873749
2021-05-06 09:51:12,927.0,873749
2021-05-06 09:51:13,927.0,873749
2021-05-06 09:51:14,927.0,873749
2021-05-06 09:51:15,926.55,873954
2021-05-06 09:51:16,926.55,873954
2021-05-06 09:51:17,926.9,874104
2021-05-06 09:51:18,926.9,874104
2021-05-06 09:51:19,926.45,874404
2021-05-06 09:51:20,926.9,874614
2021-05-06 09:51:21,926.85,874714
2021-05-06 09:51:22,926.85,874716
2021-05-06 09:51:23,926.95,875035
2021-05-06 09:51:24,926.95,875035
2021-05-06 09:51:25,926.95,875051
2021-05-06 09:51:26,927.0,875055
2021-05-06 09:51:27,926.9,875226
2021-05-06 09:51:28,926.9,875226
2021-05-06 09:51:29,926.9,875226
2021-05-06 09:51:31,926.5,875662
2021-05-06 09:51:32,926.5,875747
2021-05-06 09:51:33,926.5,875749
2021-05-06 09:51:35,926.4,875750
2021-05-06 09:51:36,926.4,875759
2021-05-06 09:51:37,926.5,875975
2021-05-06 09:51:38,926.5,875975
2021-05-06 09:51:39,926.5,876075
2021-05-06 09:51:40,926.35,876076
2021-05-06 09:51:41,926.85,876246
2021-05-06 09:51:42,926.35,876306
2021-05-06 09:51:43,926.35,876306
2021-05-06 09:51:44,926.35,876306
2021-05-06 09:51:45,926.55,876426
2021-05-06 09:51:46,926.9,876436
2021-05-06 09:51:47,926.9,876436
2021-05-06 09:51:49,926.6,876512
2021-05-06 09:51:50,926.5,876517
2021-05-06 09:51:51,926.4,876626
2021-05-06 09:51:52,926.4,876669
2021-05-06 09:51:53,926.4,876669
2021-05-06 09:51:54,926.5,876719
2021-05-06 09:51:55,926.35,876754
2021-05-06 09:51:56,926.35,876755
2021-05-06 09:51:57,926.5,876756
2021-05-06 09:51:58,926.35,876757
2021-05-06 09:51:59,926.35,876832
2021-05-06 09:52:00,926.5,876990
2021-05-06 09:52:01,926.25,877010
2021-05-06 09:52:02,926.5,877060
2021-05-06 09:52:03,926.5,877060
2021-05-06 09:52:04,926.5,877061
2021-05-06 09:52:05,926.5,877066
2021-05-06 09:52:06,926.5,877072
2021-05-06 09:52:07,926.5,877099
2021-05-06 09:52:08,926.45,877100
2021-05-06 09:52:09,926.45,877100
2021-05-06 09:52:10,926.45,877100
2021-05-06 09:52:11,926.5,877125
2021-05-06 09:52:12,926.5,877130
2021-05-06 09:52:13,926.5,877155
2021-05-06 09:52:14,926.5,877155
2021-05-06 09:52:15,926.1,877521
2021-05-06 09:52:16,925.9,878633
2021-05-06 09:52:17,926.1,878734
2021-05-06 09:52:18,925.85,878890
2021-05-06 09:52:19,925.85,879111
2021-05-06 09:52:20,925.8,879191
2021-05-06 09:52:21,926.05,879396
2021-05-06 09:52:22,926.5,879404
2021-05-06 09:52:23,926.15,879409
2021-05-06 09:52:24,926.5,879427
2021-05-06 09:52:25,926.1,879827
2021-05-06 09:52:26,926.1,879827
2021-05-06 09:52:27,926.1,879827
2021-05-06 09:52:28,926.0,879847
2021-05-06 09:52:29,926.0,879847
2021-05-06 09:52:30,926.65,879897
2021-05-06 09:52:31,926.3,879899
2021-05-06 09:52:32,926.3,879899
2021-05-06 09:52:33,926.3,879899
2021-05-06 09:52:34,926.6,880010
2021-05-06 09:52:35,926.6,880010
2021-05-06 09:52:36,926.6,880010
2021-05-06 09:52:37,926.6,880010
2021-05-06 09:52:38,926.6,880010
2021-05-06 09:52:39,926.1,880030
2021-05-06 09:52:40,926.1,880030
2021-05-06 09:52:41,926.1,880040
2021-05-06 09:52:43,926.45,880190
2021-05-06 09:52:44,926.45,880190
2021-05-06 09:52:45,926.45,880190
2021-05-06 09:52:46,926.45,880190
2021-05-06 09:52:47,926.25,880191
2021-05-06 09:52:48,926.6,880206
2021-05-06 09:52:49,926.6,880206
2021-05-06 09:52:50,926.25,880226
2021-05-06 09:52:51,926.25,880226
2021-05-06 09:52:52,926.25,880226
2021-05-06 09:52:53,926.55,880227
2021-05-06 09:52:55,926.55,880227
2021-05-06 09:52:55,926.55,880227
2021-05-06 09:52:56,926.55,880227
2021-05-06 09:52:57,926.05,880947
2021-05-06 09:52:58,926.1,880964
2021-05-06 09:53:00,926.1,881064
2021-05-06 09:53:01,926.5,881203
2021-05-06 09:53:02,926.5,881203
2021-05-06 09:53:02,926.4,881233
2021-05-06 09:53:03,926.4,881233
2021-05-06 09:53:04,926.15,881239
2021-05-06 09:53:05,926.15,881239
2021-05-06 09:53:06,926.15,881239
2021-05-06 09:53:07,926.0,882369
2021-05-06 09:53:08,926.05,882591
2021-05-06 09:53:09,926.05,882591
2021-05-06 09:53:10,925.8,882606
2021-05-06 09:53:11,925.8,883176
2021-05-06 09:53:14,925.6,883749
2021-05-06 09:53:15,925.6,883760
2021-05-06 09:53:17,925.6,883760
2021-05-06 09:53:18,925.6,883760
2021-05-06 09:53:18,925.6,883760
2021-05-06 09:53:19,925.75,883780
2021-05-06 09:53:20,925.9,883875
2021-05-06 09:53:21,925.7,883945
2021-05-06 09:53:22,925.7,883974
2021-05-06 09:53:23,925.7,883974
2021-05-06 09:53:24,925.8,883975
2021-05-06 09:53:25,925.45,884955
2021-05-06 09:53:26,925.6,885105
2021-05-06 09:53:27,925.6,885110
2021-05-06 09:53:29,925.6,885140
2021-05-06 09:53:30,925.6,885140
2021-05-06 09:53:31,925.4,885235
2021-05-06 09:53:32,925.4,885235
2021-05-06 09:53:33,925.4,885285
2021-05-06 09:53:34,925.4,885285
2021-05-06 09:53:36,925.45,885331
2021-05-06 09:53:36,925.45,885331
2021-05-06 09:53:37,925.4,885434
2021-05-06 09:53:38,925.7,885499
2021-05-06 09:53:39,925.9,885519
2021-05-06 09:53:40,925.7,885529
2021-05-06 09:53:41,926.0,885829
2021-05-06 09:53:42,925.6,886014
2021-05-06 09:53:43,925.85,886122
2021-05-06 09:53:45,925.5,886227
2021-05-06 09:53:45,925.5,886267
2021-05-06 09:53:46,925.5,886267
2021-05-06 09:53:47,925.65,886292
2021-05-06 09:53:49,925.5,886295
2021-05-06 09:53:49,925.5,886295
2021-05-06 09:53:50,925.5,886445
2021-05-06 09:53:51,925.65,886469
2021-05-06 09:53:52,925.5,886493
2021-05-06 09:53:53,925.4,887108
2021-05-06 09:53:55,925.65,887110
2021-05-06 09:53:55,925.65,887112
2021-05-06 09:53:56,925.4,887437
2021-05-06 09:53:57,925.4,887437
2021-05-06 09:53:58,925.4,887646
2021-05-06 09:53:59,925.4,887646
2021-05-06 09:54:00,925.4,887953
2021-05-06 09:54:01,925.5,887954
2021-05-06 09:54:02,925.4,888165
2021-05-06 09:54:04,925.5,888190
2021-05-06 09:54:04,925.5,888402
2021-05-06 09:54:05,925.45,888407
2021-05-06 09:54:07,925.45,888407
2021-05-06 09:54:08,925.5,889399
2021-05-06 09:54:08,925.5,889399
2021-05-06 09:54:09,925.65,889612
2021-05-06 09:54:10,925.45,889613
2021-05-06 09:54:11,925.65,889643
2021-05-06 09:54:12,925.65,889643
2021-05-06 09:54:13,925.45,890143
2021-05-06 09:54:14,925.45,890143
2021-05-06 09:54:15,925.5,890506
2021-05-06 09:54:16,925.45,890731
2021-05-06 09:54:18,925.45,891346
2021-05-06 09:54:18,925.45,891346
2021-05-06 09:54:19,925.85,891398
2021-05-06 09:54:20,925.85,891398
2021-05-06 09:54:21,925.85,891398
2021-05-06 09:54:23,925.6,891409
2021-05-06 09:54:23,925.6,891409
2021-05-06 09:54:24,925.9,891411
2021-05-06 09:54:25,926.05,892197
2021-05-06 09:54:26,926.05,892197
2021-05-06 09:54:28,926.2,894409
2021-05-06 09:54:28,926.0,894509
2021-05-06 09:54:30,926.0,894509
2021-05-06 09:54:31,926.0,894509
2021-05-06 09:54:31,926.0,894509
2021-05-06 09:54:32,926.0,894509
2021-05-06 09:54:33,926.25,894510
2021-05-06 09:54:34,926.0,894700
2021-05-06 09:54:35,925.95,894710
2021-05-06 09:54:37,926.0,894768
2021-05-06 09:54:38,926.0,894768
2021-05-06 09:54:39,925.9,894835
2021-05-06 09:54:40,925.9,894835
2021-05-06 09:54:40,925.9,894835
2021-05-06 09:54:42,925.9,896821
2021-05-06 09:54:43,926.0,896827
2021-05-06 09:54:44,925.55,896939
2021-05-06 09:54:45,926.0,896940
2021-05-06 09:54:47,926.0,896940
2021-05-06 09:54:48,925.55,896950
2021-05-06 09:54:51,925.5,896963
2021-05-06 09:54:52,925.85,896973
2021-05-06 09:54:53,925.85,897090
2021-05-06 09:54:54,925.85,897090
2021-05-06 09:54:54,925.85,897090
2021-05-06 09:54:55,925.85,897110
2021-05-06 09:54:56,925.85,897130
2021-05-06 09:54:57,925.85,897165
2021-05-06 09:54:58,925.5,897391
2021-05-06 09:54:59,925.5,897895
2021-05-06 09:55:00,925.4,898095
2021-05-06 09:55:02,925.15,899120
2021-05-06 09:55:02,925.15,899120
2021-05-06 09:55:03,925.15,899120
2021-05-06 09:55:04,925.1,899722
2021-05-06 09:55:05,925.05,900222
2021-05-06 09:55:07,925.1,900224
2021-05-06 09:55:08,925.05,900256
2021-05-06 09:55:09,925.05,900256
2021-05-06 09:55:10,925.05,900291
2021-05-06 09:55:11,925.05,900431
2021-05-06 09:55:12,925.0,901739
2021-05-06 09:55:14,925.0,902267
2021-05-06 09:55:14,925.45,903609
2021-05-06 09:55:15,925.5,903841
2021-05-06 09:55:16,925.55,904768
2021-05-06 09:55:17,925.55,904768
2021-05-06 09:55:18,925.35,904868
2021-05-06 09:55:19,925.55,904918
2021-05-06 09:55:20,925.55,904918
2021-05-06 09:55:21,925.55,904918
2021-05-06 09:55:22,925.35,904968
2021-05-06 09:55:23,925.2,905018
2021-05-06 09:55:25,925.2,905018
2021-05-06 09:55:26,925.35,905043
2021-05-06 09:55:27,925.55,905211
2021-05-06 09:55:27,925.55,905211
2021-05-06 09:55:28,925.5,905253
2021-05-06 09:55:29,925.55,905254
2021-05-06 09:55:30,925.55,905329
2021-05-06 09:55:31,925.55,905371
2021-05-06 09:55:32,925.55,906091
2021-05-06 09:55:34,925.45,906261
2021-05-06 09:55:35,925.6,906376
2021-05-06 09:55:36,925.6,906442
2021-05-06 09:55:37,925.75,906518
2021-05-06 09:55:38,925.55,906519
2021-05-06 09:55:39,925.55,906519
2021-05-06 09:55:40,925.55,906542
2021-05-06 09:55:41,925.3,906642
2021-05-06 09:55:42,925.3,906642
2021-05-06 09:55:43,925.35,906687
2021-05-06 09:55:44,925.35,906687
2021-05-06 09:55:45,926.0,908387
2021-05-06 09:55:46,926.0,908467
2021-05-06 09:55:47,925.8,908687
2021-05-06 09:55:49,925.55,908787
2021-05-06 09:55:50,925.55,908787
2021-05-06 09:55:51,925.55,908787
2021-05-06 09:55:52,925.5,908912
2021-05-06 09:55:53,925.8,909046
2021-05-06 09:55:54,925.8,909046
2021-05-06 09:55:55,925.9,909172
2021-05-06 09:55:56,925.95,909183
2021-05-06 09:55:57,925.95,909183
2021-05-06 09:55:58,925.85,909186
2021-05-06 09:55:58,925.85,909186
2021-05-06 09:55:59,925.85,909187
2021-05-06 09:56:00,925.55,909294
2021-05-06 09:56:01,925.55,909303
2021-05-06 09:56:02,925.95,909403
2021-05-06 09:56:03,925.95,909403
2021-05-06 09:56:04,925.95,909403
2021-05-06 09:56:05,925.95,909403
2021-05-06 09:56:06,925.8,909489
2021-05-06 09:56:07,925.75,910249
2021-05-06 09:56:08,925.75,910399
2021-05-06 09:56:09,925.55,910624
2021-05-06 09:56:10,925.55,910624
2021-05-06 09:56:11,925.65,910725
2021-05-06 09:56:12,925.65,910725
2021-05-06 09:56:13,925.65,910725
2021-05-06 09:56:14,925.85,910775
2021-05-06 09:56:16,925.8,910805
2021-05-06 09:56:17,925.55,911305
2021-05-06 09:56:17,925.55,911305
2021-05-06 09:56:19,925.55,911305
2021-05-06 09:56:20,925.55,911425
2021-05-06 09:56:21,925.6,911455
2021-05-06 09:56:22,925.55,911584
2021-05-06 09:56:23,925.5,911834
2021-05-06 09:56:24,925.5,911840
2021-05-06 09:56:25,925.5,911840
2021-05-06 09:56:26,925.6,911843
2021-05-06 09:56:27,925.6,911843
2021-05-06 09:56:28,925.6,911893
2021-05-06 09:56:29,925.6,911893
2021-05-06 09:56:30,925.6,911893
2021-05-06 09:56:31,925.6,911893
2021-05-06 09:56:32,925.6,911893
2021-05-06 09:56:33,925.6,911953
2021-05-06 09:56:35,925.6,911953
2021-05-06 09:56:35,925.6,911953
2021-05-06 09:56:36,925.8,912253
2021-05-06 09:56:37,925.8,912253
2021-05-06 09:56:38,925.6,912443
2021-05-06 09:56:40,925.6,912443
2021-05-06 09:56:41,925.7,912550
2021-05-06 09:56:42,925.7,912550
2021-05-06 09:56:42,925.7,912550
2021-05-06 09:56:43,925.7,912550
2021-05-06 09:56:44,925.8,912749
2021-05-06 09:56:45,925.8,912749
2021-05-06 09:56:46,925.8,912749
2021-05-06 09:56:47,925.8,912749
2021-05-06 09:56:48,925.8,913580
2021-05-06 09:56:49,925.5,913680
2021-05-06 09:56:50,925.8,913690
2021-05-06 09:56:51,925.8,913690
2021-05-06 09:56:52,925.85,913696
2021-05-06 09:56:53,925.4,913856
2021-05-06 09:56:54,925.8,914081
2021-05-06 09:56:55,925.8,914081
2021-05-06 09:56:56,925.8,914081
2021-05-06 09:56:57,925.8,914081
2021-05-06 09:56:58,925.8,914081
2021-05-06 09:56:59,925.55,914171
2021-05-06 09:57:00,925.5,914473
2021-05-06 09:57:01,925.8,914493
2021-05-06 09:57:02,925.8,914503
2021-05-06 09:57:03,925.6,914519
2021-05-06 09:57:04,926.1,917293
2021-05-06 09:57:05,926.1,917293
2021-05-06 09:57:06,926.4,917303
2021-05-06 09:57:07,926.1,917328
2021-05-06 09:57:08,926.1,917528
2021-05-06 09:57:09,926.05,918128
2021-05-06 09:57:11,926.2,918278
2021-05-06 09:57:13,926.15,918309
2021-05-06 09:57:14,926.15,918309
2021-05-06 09:57:15,926.5,918310
2021-05-06 09:57:17,926.1,918330
2021-05-06 09:57:18,926.45,918355
2021-05-06 09:57:19,926.15,918380
2021-05-06 09:57:20,926.15,918405
2021-05-06 09:57:20,926.4,918455
2021-05-06 09:57:21,926.4,918455
2021-05-06 09:57:22,926.4,918455
2021-05-06 09:57:24,926.05,918515
2021-05-06 09:57:25,926.05,918515
2021-05-06 09:57:26,926.05,918655
2021-05-06 09:57:27,926.05,918655
2021-05-06 09:57:28,926.05,918655
2021-05-06 09:57:29,926.05,918655
2021-05-06 09:57:30,926.05,918655
2021-05-06 09:57:31,925.95,918690
2021-05-06 09:57:31,925.8,918716
2021-05-06 09:57:32,925.8,918776
2021-05-06 09:57:34,925.85,918786
2021-05-06 09:57:35,925.85,918786
2021-05-06 09:57:36,925.8,918883
2021-05-06 09:57:37,925.85,919083
2021-05-06 09:57:38,925.85,919083
2021-05-06 09:57:39,925.85,919211
2021-05-06 09:57:40,925.85,919211
2021-05-06 09:57:40,925.85,919211
2021-05-06 09:57:42,925.65,919461
2021-05-06 09:57:43,925.7,919557
2021-05-06 09:57:44,925.75,919577
2021-05-06 09:57:45,925.85,919578
2021-05-06 09:57:47,925.85,919578
2021-05-06 09:57:48,925.85,919578
2021-05-06 09:57:49,925.75,919580
2021-05-06 09:57:50,925.75,919580
2021-05-06 09:57:51,925.85,919581
2021-05-06 09:57:52,925.85,919606
2021-05-06 09:57:53,925.85,919765
2021-05-06 09:57:54,925.85,919798
2021-05-06 09:57:55,925.85,919798
2021-05-06 09:57:56,926.0,923380
2021-05-06 09:57:58,926.3,924867
2021-05-06 09:57:59,926.05,924907
2021-05-06 09:57:59,926.05,924907
2021-05-06 09:58:00,925.95,925014
2021-05-06 09:58:01,925.95,925014
2021-05-06 09:58:02,925.95,925014
2021-05-06 09:58:03,926.1,925024
2021-05-06 09:58:04,926.15,925224
2021-05-06 09:58:05,925.75,925424
2021-05-06 09:58:06,926.0,925425
2021-05-06 09:58:08,926.0,925430
2021-05-06 09:58:09,925.7,925526
2021-05-06 09:58:10,925.7,925589
2021-05-06 09:58:11,925.65,925695
2021-05-06 09:58:12,925.7,925705
2021-05-06 09:58:13,925.95,925760
2021-05-06 09:58:14,925.95,925760
2021-05-06 09:58:15,925.75,925765
2021-05-06 09:58:16,925.75,925769
2021-05-06 09:58:17,925.75,925769
2021-05-06 09:58:17,925.75,925769
2021-05-06 09:58:18,925.7,925771
2021-05-06 09:58:19,925.75,925781
2021-05-06 09:58:20,925.7,925897
2021-05-06 09:58:21,925.7,925902
2021-05-06 09:58:22,925.7,925910
2021-05-06 09:58:23,925.65,925915
2021-05-06 09:58:25,925.7,925984
2021-05-06 09:58:26,925.7,925984
2021-05-06 09:58:27,925.75,926039
2021-05-06 09:58:28,925.7,926093
2021-05-06 09:58:28,925.7,926094
2021-05-06 09:58:30,926.1,926133
2021-05-06 09:58:31,926.1,926133
2021-05-06 09:58:32,926.1,926133
2021-05-06 09:58:33,926.05,926264
2021-05-06 09:58:33,926.05,926264
2021-05-06 09:58:34,926.05,926264
2021-05-06 09:58:36,926.05,926264
2021-05-06 09:58:36,926.05,926264
2021-05-06 09:58:37,926.05,926264
2021-05-06 09:58:39,925.65,926287
2021-05-06 09:58:39,925.65,926287
2021-05-06 09:58:40,925.65,926287
2021-05-06 09:58:41,925.75,926294
2021-05-06 09:58:42,925.75,926322
2021-05-06 09:58:43,925.65,926352
2021-05-06 09:58:44,925.65,926367
2021-05-06 09:58:45,925.45,928289
2021-05-06 09:58:46,925.3,928640
2021-05-06 09:58:47,925.3,928640
2021-05-06 09:58:49,925.3,928700
2021-05-06 09:58:50,925.5,928716
2021-05-06 09:58:50,925.2,928836
2021-05-06 09:58:52,925.2,928836
2021-05-06 09:58:53,925.45,928856
2021-05-06 09:58:54,925.55,928861
2021-05-06 09:58:55,925.75,928864
2021-05-06 09:58:57,925.75,928884
2021-05-06 09:58:57,925.75,928884
2021-05-06 09:58:58,925.75,928884
2021-05-06 09:58:59,925.9,928984
2021-05-06 09:59:00,925.9,928984
2021-05-06 09:59:01,925.9,928984
2021-05-06 09:59:02,925.9,928984
2021-05-06 09:59:03,925.9,928984
2021-05-06 09:59:04,925.65,929084
2021-05-06 09:59:05,925.65,929084
2021-05-06 09:59:06,926.0,929085
2021-05-06 09:59:08,925.95,929173
2021-05-06 09:59:09,925.95,929173
2021-05-06 09:59:10,925.95,929173
2021-05-06 09:59:11,925.65,929182
2021-05-06 09:59:11,925.65,929189
2021-05-06 09:59:12,925.4,929278
2021-05-06 09:59:13,925.75,929288
2021-05-06 09:59:14,925.45,929293
2021-05-06 09:59:16,925.35,929335
2021-05-06 09:59:16,925.3,929337
2021-05-06 09:59:17,925.2,930127
2021-05-06 09:59:19,925.25,930180
2021-05-06 09:59:20,925.7,930205
2021-05-06 09:59:21,925.7,930205
2021-05-06 09:59:22,925.2,930292
2021-05-06 09:59:23,925.2,930292
2021-05-06 09:59:24,925.2,930292
2021-05-06 09:59:25,925.2,930412
2021-05-06 09:59:26,925.2,931337
2021-05-06 09:59:27,925.2,931407
2021-05-06 09:59:28,925.2,931457
2021-05-06 09:59:29,925.55,931532
2021-05-06 09:59:32,925.5,931563
2021-05-06 09:59:34,925.9,931681
2021-05-06 09:59:35,925.55,931695
2021-05-06 09:59:37,925.55,931731
2021-05-06 09:59:38,925.6,931732
2021-05-06 09:59:39,925.6,931732
2021-05-06 09:59:40,925.6,931732
2021-05-06 09:59:41,925.6,931757
2021-05-06 09:59:42,925.6,931787
2021-05-06 09:59:43,925.6,931817
2021-05-06 09:59:44,925.6,931819
2021-05-06 09:59:45,926.0,931823
2021-05-06 09:59:45,926.0,931823
2021-05-06 09:59:46,925.6,931998
2021-05-06 09:59:47,925.9,932028
2021-05-06 09:59:48,925.85,932049
2021-05-06 09:59:50,925.85,932049
2021-05-06 09:59:51,925.85,932049
2021-05-06 09:59:52,925.55,932282
2021-05-06 09:59:52,925.55,932282
2021-05-06 09:59:54,925.6,932572
2021-05-06 09:59:55,925.3,932603
2021-05-06 09:59:56,925.3,932603
2021-05-06 09:59:57,925.3,932603
2021-05-06 09:59:58,925.55,932653
2021-05-06 09:59:59,925.55,932663
2021-05-06 10:00:00,925.55,932770
2021-05-06 10:00:01,925.55,932830
2021-05-06 10:00:02,925.55,932830
2021-05-06 10:00:03,925.65,932859
2021-05-06 10:00:04,925.55,932989
2021-05-06 10:00:05,925.25,933389
2021-05-06 10:00:06,925.6,933511
2021-05-06 10:00:07,925.55,933536
2021-05-06 10:00:08,925.55,934399
2021-05-06 10:00:09,925.2,934581
2021-05-06 10:00:10,925.6,934683
2021-05-06 10:00:11,925.6,934683
2021-05-06 10:00:12,925.2,934991
2021-05-06 10:00:13,925.6,935111
2021-05-06 10:00:13,925.6,935111
2021-05-06 10:00:14,925.1,935811
2021-05-06 10:00:15,925.1,935811
2021-05-06 10:00:17,925.35,935871
2021-05-06 10:00:18,925.35,935871
2021-05-06 10:00:19,925.3,935891
2021-05-06 10:00:20,925.05,936041
2021-05-06 10:00:20,925.05,936041
2021-05-06 10:00:22,925.05,936041
2021-05-06 10:00:23,925.05,936041
2021-05-06 10:00:23,925.15,936051
2021-05-06 10:00:25,925.4,938081
2021-05-06 10:00:26,925.4,938081
2021-05-06 10:00:27,925.35,938181
2021-05-06 10:00:29,925.25,938193
2021-05-06 10:00:30,925.1,939504
2021-05-06 10:00:31,925.25,939505
2021-05-06 10:00:32,925.55,939515
2021-05-06 10:00:33,925.7,940232
2021-05-06 10:00:34,925.7,940282
2021-05-06 10:00:35,925.7,940282
2021-05-06 10:00:36,926.15,942765
2021-05-06 10:00:37,926.05,942815
2021-05-06 10:00:38,926.05,942815
2021-05-06 10:00:39,926.05,942815
2021-05-06 10:00:39,926.05,942815
2021-05-06 10:00:41,926.05,942819
2021-05-06 10:00:42,926.1,942821
2021-05-06 10:00:43,926.1,942821
2021-05-06 10:00:44,926.1,942822
2021-05-06 10:00:45,926.1,942852
2021-05-06 10:00:46,925.9,942952
2021-05-06 10:00:46,925.9,942952
2021-05-06 10:00:47,925.9,942967
2021-05-06 10:00:48,925.9,942967
2021-05-06 10:00:49,925.2,943567
2021-05-06 10:00:52,925.75,943767
2021-05-06 10:00:53,925.75,943767
2021-05-06 10:00:54,925.75,943767
2021-05-06 10:00:55,925.6,943823
2021-05-06 10:00:56,926.05,943840
2021-05-06 10:00:57,926.05,943840
2021-05-06 10:00:58,925.7,943852
2021-05-06 10:00:59,925.7,943852
2021-05-06 10:01:00,925.7,943852
2021-05-06 10:01:01,925.8,943890
2021-05-06 10:01:02,926.0,943900
2021-05-06 10:01:03,926.0,943900
2021-05-06 10:01:04,925.8,944010
2021-05-06 10:01:05,925.8,944010
2021-05-06 10:01:06,925.8,944010
2021-05-06 10:01:07,925.8,944010
2021-05-06 10:01:08,926.0,944015
2021-05-06 10:01:09,926.0,944015
2021-05-06 10:01:10,926.0,944015
2021-05-06 10:01:11,925.85,944025
2021-05-06 10:01:12,925.9,944373
2021-05-06 10:01:12,925.9,944373
2021-05-06 10:01:14,925.85,944583
2021-05-06 10:01:15,925.8,944680
2021-05-06 10:01:16,925.8,944680
2021-05-06 10:01:17,926.1,944748
2021-05-06 10:01:18,925.9,944932
2021-05-06 10:01:19,926.1,944944
2021-05-06 10:01:20,926.5,945372
2021-05-06 10:01:21,926.5,945372
2021-05-06 10:01:22,926.5,945385
2021-05-06 10:01:23,926.5,945395
2021-05-06 10:01:24,926.5,945401
2021-05-06 10:01:25,926.5,945401
2021-05-06 10:01:26,926.55,945509
2021-05-06 10:01:27,926.75,945609
2021-05-06 10:01:28,926.5,945615
2021-05-06 10:01:29,926.5,945740
2021-05-06 10:01:31,926.5,946055
2021-05-06 10:01:32,926.5,946055
2021-05-06 10:01:33,926.5,946484
2021-05-06 10:01:34,926.5,946484
2021-05-06 10:01:35,926.7,946496
2021-05-06 10:01:36,926.7,946496
2021-05-06 10:01:37,926.65,946532
2021-05-06 10:01:38,926.25,946641
2021-05-06 10:01:39,926.35,946691
2021-05-06 10:01:40,926.5,946743
2021-05-06 10:01:41,926.7,946843
2021-05-06 10:01:42,926.25,946845
2021-05-06 10:01:43,926.25,946845
2021-05-06 10:01:44,926.1,947115
2021-05-06 10:01:45,926.45,947160
2021-05-06 10:01:46,926.1,947213
2021-05-06 10:01:47,926.4,947413
2021-05-06 10:01:48,926.4,947413
2021-05-06 10:01:49,926.3,947423
2021-05-06 10:01:50,926.1,947470
2021-05-06 10:01:51,926.1,947555
2021-05-06 10:01:53,926.1,947623
2021-05-06 10:01:54,926.6,947624
2021-05-06 10:01:55,926.4,947625
2021-05-06 10:01:56,926.4,947625
2021-05-06 10:01:57,926.4,947625
2021-05-06 10:01:58,926.65,947626
2021-05-06 10:01:59,926.65,947626
2021-05-06 10:02:01,926.65,947626
2021-05-06 10:02:02,926.8,947826
2021-05-06 10:02:03,926.8,947826
2021-05-06 10:02:04,926.85,947926
2021-05-06 10:02:05,926.5,947927
2021-05-06 10:02:06,926.5,947927
2021-05-06 10:02:08,926.9,948476
2021-05-06 10:02:09,926.9,948476
2021-05-06 10:02:10,926.9,948476
2021-05-06 10:02:11,926.4,950170
2021-05-06 10:02:14,926.3,950201
2021-05-06 10:02:13,926.3,950201
2021-05-06 10:02:15,926.3,950201
2021-05-06 10:02:16,926.35,950231
2021-05-06 10:02:17,926.35,950231
2021-05-06 10:02:18,926.35,950291
2021-05-06 10:02:19,926.05,950488
2021-05-06 10:02:20,926.05,950488
2021-05-06 10:02:21,926.05,950488
2021-05-06 10:02:22,926.0,950549
2021-05-06 10:02:23,926.0,950549
2021-05-06 10:02:24,926.0,950549
2021-05-06 10:02:25,926.0,950549
2021-05-06 10:02:27,926.25,950558
2021-05-06 10:02:28,926.25,950558
2021-05-06 10:02:29,925.9,952236
2021-05-06 10:02:32,925.8,952259
2021-05-06 10:02:33,925.9,952515
2021-05-06 10:02:34,926.0,952570
2021-05-06 10:02:35,926.0,952570
2021-05-06 10:02:36,926.0,952570
2021-05-06 10:02:37,925.8,952603
2021-05-06 10:02:38,925.8,952603
2021-05-06 10:02:39,925.8,952603
2021-05-06 10:02:40,926.05,952802
2021-05-06 10:02:42,926.1,952861
2021-05-06 10:02:41,926.1,952861
2021-05-06 10:02:43,926.1,952861
2021-05-06 10:02:44,926.4,952961
2021-05-06 10:02:45,926.4,952961
2021-05-06 10:02:46,926.4,952961
2021-05-06 10:02:47,926.4,952961
2021-05-06 10:02:48,926.0,953069
2021-05-06 10:02:49,925.9,953081
2021-05-06 10:02:50,926.05,953091
2021-05-06 10:02:52,926.05,953141
2021-05-06 10:02:53,926.05,953141
2021-05-06 10:02:54,926.45,953286
2021-05-06 10:02:55,926.45,953286
2021-05-06 10:02:56,926.2,953596
2021-05-06 10:02:57,926.15,953626
2021-05-06 10:02:58,926.15,953626
2021-05-06 10:02:59,926.15,953626
2021-05-06 10:03:01,926.15,953733
2021-05-06 10:03:00,926.15,953733
2021-05-06 10:03:02,926.15,953794
2021-05-06 10:03:03,926.5,953799
2021-05-06 10:03:04,926.5,953807
2021-05-06 10:03:05,926.5,953815
2021-05-06 10:03:06,926.9,954099
2021-05-06 10:03:07,926.8,954124
2021-05-06 10:03:08,927.45,955732
2021-05-06 10:03:09,927.25,955733
2021-05-06 10:03:10,927.25,955733
2021-05-06 10:03:11,927.5,956165
2021-05-06 10:03:12,927.5,956165
2021-05-06 10:03:13,927.5,956165
2021-05-06 10:03:14,927.5,956165
2021-05-06 10:03:15,927.5,956165
2021-05-06 10:03:16,927.0,956465
2021-05-06 10:03:17,927.0,956535
2021-05-06 10:03:18,927.0,957066
2021-05-06 10:03:19,926.55,957426
2021-05-06 10:03:20,927.05,957526
2021-05-06 10:03:21,926.9,957661
2021-05-06 10:03:22,926.95,957668
2021-05-06 10:03:23,926.95,957668
2021-05-06 10:03:24,926.95,957668
2021-05-06 10:03:25,926.9,957868
2021-05-06 10:03:26,926.9,957868
2021-05-06 10:03:27,926.95,957968
2021-05-06 10:03:28,926.9,958373
2021-05-06 10:03:29,926.9,958373
2021-05-06 10:03:30,926.9,958373
2021-05-06 10:03:31,926.45,958573
2021-05-06 10:03:32,926.5,958720
2021-05-06 10:03:33,926.6,958740
2021-05-06 10:03:34,926.6,958740
2021-05-06 10:03:35,926.6,958740
2021-05-06 10:03:36,926.6,958740
2021-05-06 10:03:37,926.9,958745
2021-05-06 10:03:38,926.9,958745
2021-05-06 10:03:39,926.7,958763
2021-05-06 10:03:40,926.6,958773
2021-05-06 10:03:41,926.9,958774
2021-05-06 10:03:42,926.9,958774
2021-05-06 10:03:44,926.9,958774
2021-05-06 10:03:45,926.9,958774
2021-05-06 10:03:46,926.9,958774
2021-05-06 10:03:46,926.6,958776
2021-05-06 10:03:47,926.9,958795
2021-05-06 10:03:48,926.95,958805
2021-05-06 10:03:49,926.95,958805
2021-05-06 10:03:50,926.95,958809
2021-05-06 10:03:51,926.95,958809
2021-05-06 10:03:52,926.95,958809
2021-05-06 10:03:53,926.65,958819
2021-05-06 10:03:54,926.65,958928
2021-05-06 10:03:55,926.7,958936
2021-05-06 10:03:58,926.9,959224
2021-05-06 10:03:58,926.9,959224
2021-05-06 10:03:59,926.6,959231
2021-05-06 10:04:00,926.6,959231
2021-05-06 10:04:01,926.6,959256
2021-05-06 10:04:02,926.6,959271
2021-05-06 10:04:03,926.6,959271
2021-05-06 10:04:04,926.8,959281
2021-05-06 10:04:05,926.8,959281
2021-05-06 10:04:07,926.9,959391
2021-05-06 10:04:07,926.9,959391
2021-05-06 10:04:08,926.6,959527
2021-05-06 10:04:09,926.9,959628
2021-05-06 10:04:11,926.9,959628
2021-05-06 10:04:12,926.9,959628
2021-05-06 10:04:13,927.0,960846
2021-05-06 10:04:14,927.0,960846
2021-05-06 10:04:15,927.15,960950
2021-05-06 10:04:17,927.15,960950
2021-05-06 10:04:18,927.2,961546
2021-05-06 10:04:19,927.2,961646
2021-05-06 10:04:20,927.1,961666
2021-05-06 10:04:21,927.1,961666
2021-05-06 10:04:22,927.45,961766
2021-05-06 10:04:23,927.45,961766
2021-05-06 10:04:24,927.45,961871
2021-05-06 10:04:25,927.45,961871
2021-05-06 10:04:26,927.0,961876
2021-05-06 10:04:27,927.0,961936
2021-05-06 10:04:30,927.3,962136
2021-05-06 10:04:30,927.3,962136
2021-05-06 10:04:31,927.3,962136
2021-05-06 10:04:32,927.0,962196
2021-05-06 10:04:33,927.15,962247
2021-05-06 10:04:34,927.15,962247
2021-05-06 10:04:35,927.05,962347
2021-05-06 10:04:36,927.3,962493
2021-05-06 10:04:37,927.0,962613
2021-05-06 10:04:38,926.9,963480
2021-05-06 10:04:39,927.25,963517
2021-05-06 10:04:40,927.25,963517
2021-05-06 10:04:41,927.25,963519
2021-05-06 10:04:42,927.25,963519
2021-05-06 10:04:43,927.25,963519
2021-05-06 10:04:44,927.4,963619
2021-05-06 10:04:45,927.4,963619
2021-05-06 10:04:47,927.35,963686
2021-05-06 10:04:47,927.35,963686
2021-05-06 10:04:48,927.35,963686
2021-05-06 10:04:49,927.35,963686
2021-05-06 10:04:52,927.2,963756
2021-05-06 10:04:52,927.2,963756
2021-05-06 10:04:53,927.2,963756
2021-05-06 10:04:54,927.2,963792
2021-05-06 10:04:55,927.2,963792
2021-05-06 10:04:56,927.2,963804
2021-05-06 10:04:57,927.4,963864
2021-05-06 10:04:58,927.05,963900
2021-05-06 10:04:59,927.05,963900
2021-05-06 10:05:01,927.4,963946
2021-05-06 10:05:01,927.4,963946
2021-05-06 10:05:02,927.4,963948
2021-05-06 10:05:04,927.3,963976
2021-05-06 10:05:05,927.3,964005
2021-05-06 10:05:06,926.95,964505
2021-05-06 10:05:07,926.95,964505
2021-05-06 10:05:08,927.45,964541
2021-05-06 10:05:09,927.45,964691
2021-05-06 10:05:10,927.65,968102
2021-05-06 10:05:11,927.65,968102
2021-05-06 10:05:12,927.75,968152
2021-05-06 10:05:13,928.45,975992
2021-05-06 10:05:14,928.3,976360
2021-05-06 10:05:15,928.7,977641
2021-05-06 10:05:16,928.75,977701
2021-05-06 10:05:17,928.95,979754
2021-05-06 10:05:18,929.5,984769
2021-05-06 10:05:19,929.45,984789
2021-05-06 10:05:20,929.45,984789
2021-05-06 10:05:21,929.55,985319
2021-05-06 10:05:22,929.15,985345
2021-05-06 10:05:23,929.1,985850
2021-05-06 10:05:24,929.7,986049
2021-05-06 10:05:25,929.7,986049
2021-05-06 10:05:26,929.7,986111
2021-05-06 10:05:27,929.8,986238
2021-05-06 10:05:28,929.7,986524
2021-05-06 10:05:29,929.8,986747
2021-05-06 10:05:30,929.8,987049
2021-05-06 10:05:31,929.8,987139
2021-05-06 10:05:32,929.5,987394
2021-05-06 10:05:34,929.7,988204
2021-05-06 10:05:34,929.9,988207
2021-05-06 10:05:35,929.45,988746
2021-05-06 10:05:36,929.45,988803
2021-05-06 10:05:37,929.8,989103
2021-05-06 10:05:38,929.75,989224
2021-05-06 10:05:39,929.7,989546
2021-05-06 10:05:40,929.35,989563
2021-05-06 10:05:41,929.1,989572
2021-05-06 10:05:42,928.6,989922
2021-05-06 10:05:43,929.1,989927
2021-05-06 10:05:45,929.1,990189
2021-05-06 10:05:46,929.1,990226
2021-05-06 10:05:46,929.1,990226
2021-05-06 10:05:47,929.45,990236
2021-05-06 10:05:48,929.6,990916
2021-05-06 10:05:49,929.6,990916
2021-05-06 10:05:50,929.45,991046
2021-05-06 10:05:51,929.45,991171
2021-05-06 10:05:52,929.45,991171
2021-05-06 10:05:53,929.5,991271
2021-05-06 10:05:54,929.45,991276
2021-05-06 10:05:56,929.0,991356
2021-05-06 10:05:57,929.0,991356
2021-05-06 10:05:58,929.3,991456
2021-05-06 10:05:59,929.0,991990
2021-05-06 10:05:59,928.6,992277
2021-05-06 10:06:00,929.25,992409
2021-05-06 10:06:02,929.0,992415
2021-05-06 10:06:03,929.0,992415
2021-05-06 10:06:03,929.0,992415
2021-05-06 10:06:04,928.95,992416
2021-05-06 10:06:05,928.95,992416
2021-05-06 10:06:06,929.25,992616
2021-05-06 10:06:07,929.25,992616
2021-05-06 10:06:08,929.25,992616
2021-05-06 10:06:09,929.0,992621
2021-05-06 10:06:11,929.0,992623
2021-05-06 10:06:12,928.8,992625
2021-05-06 10:06:13,928.95,992665
2021-05-06 10:06:14,928.95,992665
2021-05-06 10:06:15,928.5,992673
2021-05-06 10:06:16,928.5,992673
2021-05-06 10:06:17,928.5,992673
2021-05-06 10:06:19,928.65,995192
2021-05-06 10:06:20,928.65,995192
2021-05-06 10:06:21,928.6,995442
2021-05-06 10:06:22,928.5,995777
2021-05-06 10:06:23,927.85,997441
2021-05-06 10:06:23,927.85,997441
2021-05-06 10:06:24,927.7,997561
2021-05-06 10:06:25,927.45,997573
2021-05-06 10:06:26,927.1,997709
2021-05-06 10:06:28,927.1,997709
2021-05-06 10:06:28,927.1,997709
2021-05-06 10:06:30,927.05,997736
2021-05-06 10:06:31,927.25,998091
2021-05-06 10:06:32,927.25,998091
2021-05-06 10:06:32,927.25,998091
2021-05-06 10:06:33,927.35,998191
2021-05-06 10:06:34,927.45,998311
2021-05-06 10:06:35,927.0,1001735
2021-05-06 10:06:36,927.55,1002425
2021-05-06 10:06:37,927.75,1002476
2021-05-06 10:06:38,927.75,1002476
2021-05-06 10:06:39,927.75,1002476
2021-05-06 10:06:41,927.5,1002537
2021-05-06 10:06:42,927.45,1002553
2021-05-06 10:06:43,927.45,1002659
2021-05-06 10:06:43,927.45,1002659
2021-05-06 10:06:45,927.45,1002659
2021-05-06 10:06:46,927.45,1002677
2021-05-06 10:06:46,927.45,1002677
2021-05-06 10:06:47,927.45,1002677
2021-05-06 10:06:48,927.25,1002678
2021-05-06 10:06:49,927.25,1002678
2021-05-06 10:06:51,927.4,1002728
2021-05-06 10:06:52,927.4,1002748
2021-05-06 10:06:53,927.35,1002792
2021-05-06 10:06:53,927.35,1002792
2021-05-06 10:06:54,927.25,1002892
