timestamp,ltp,volume
2021-05-06 09:07:59,202.3,34347
2021-05-06 09:15:01,202.5,41760
2021-05-06 09:15:09,202.3,69716
2021-05-06 09:15:15,202.5,82358
2021-05-06 09:15:21,202.5,99611
2021-05-06 09:15:26,202.7,107281
2021-05-06 09:15:31,202.8,120072
2021-05-06 09:15:36,202.9,133791
2021-05-06 09:15:40,202.9,138544
2021-05-06 09:15:45,202.95,146757
2021-05-06 09:15:49,203.0,154341
2021-05-06 09:15:54,202.9,172624
2021-05-06 09:15:58,203.05,177832
2021-05-06 09:16:02,202.95,183422
2021-05-06 09:16:06,203.05,199908
2021-05-06 09:16:10,203.1,210927
2021-05-06 09:16:14,203.0,217148
2021-05-06 09:16:18,203.0,224188
2021-05-06 09:16:22,202.95,229445
2021-05-06 09:16:26,202.95,232737
2021-05-06 09:16:30,202.9,235867
2021-05-06 09:16:34,202.85,245106
2021-05-06 09:16:38,203.0,250453
2021-05-06 09:16:42,203.0,267721
2021-05-06 09:16:46,202.95,280877
2021-05-06 09:16:51,202.85,289538
2021-05-06 09:16:54,202.9,300074
2021-05-06 09:16:58,203.0,353307
2021-05-06 09:17:02,202.95,360376
2021-05-06 09:17:06,202.95,363007
2021-05-06 09:17:10,203.1,377139
2021-05-06 09:17:14,203.05,389879
2021-05-06 09:17:18,203.1,393578
2021-05-06 09:17:22,203.05,434716
2021-05-06 09:17:26,203.05,452172
2021-05-06 09:17:30,202.95,454529
2021-05-06 09:17:33,203.05,481434
2021-05-06 09:17:37,203.05,482921
2021-05-06 09:17:41,202.95,485104
2021-05-06 09:17:44,203.0,490396
2021-05-06 09:17:48,203.0,491774
2021-05-06 09:17:52,203.1,507399
2021-05-06 09:17:56,203.1,512160
2021-05-06 09:18:00,203.1,517180
2021-05-06 09:18:04,203.0,523318
2021-05-06 09:18:07,203.0,528216
2021-05-06 09:18:11,203.1,535301
2021-05-06 09:18:15,203.05,541834
2021-05-06 09:18:19,203.2,570300
2021-05-06 09:18:22,203.1,574450
2021-05-06 09:18:26,203.05,577861
2021-05-06 09:18:30,203.2,583306
2021-05-06 09:18:33,203.2,594666
2021-05-06 09:18:37,203.25,605554
2021-05-06 09:18:41,203.3,617569
2021-05-06 09:18:44,203.2,645431
2021-05-06 09:18:48,203.25,650001
2021-05-06 09:18:52,203.2,651146
2021-05-06 09:18:56,203.3,655014
2021-05-06 09:18:59,203.2,657539
2021-05-06 09:19:03,203.2,658841
2021-05-06 09:19:07,203.2,669059
2021-05-06 09:19:10,203.2,674063
2021-05-06 09:19:14,203.25,698471
2021-05-06 09:19:18,203.25,700356
2021-05-06 09:19:21,203.25,712081
2021-05-06 09:19:25,203.35,739070
2021-05-06 09:19:29,203.5,744900
2021-05-06 09:19:33,203.5,766292
2021-05-06 09:19:36,203.5,775991
2021-05-06 09:19:40,203.65,779580
2021-05-06 09:19:44,203.65,783936
2021-05-06 09:19:48,203.65,786442
2021-05-06 09:19:51,203.6,791733
2021-05-06 09:19:55,203.65,799251
2021-05-06 09:19:58,203.45,817475
2021-05-06 09:20:02,203.6,830366
2021-05-06 09:20:05,203.55,834810
2021-05-06 09:20:09,203.45,840046
2021-05-06 09:20:12,203.55,846963
2021-05-06 09:20:16,203.55,863423
2021-05-06 09:20:20,203.55,866884
2021-05-06 09:20:26,203.55,875195
2021-05-06 09:20:30,203.7,896260
2021-05-06 09:20:33,203.6,903990
2021-05-06 09:20:37,203.7,911735
2021-05-06 09:20:40,203.7,921145
2021-05-06 09:20:43,203.65,928530
2021-05-06 09:20:47,203.75,939174
2021-05-06 09:20:51,203.7,947905
2021-05-06 09:20:54,203.75,949806
2021-05-06 09:20:57,203.75,959644
2021-05-06 09:21:01,203.65,976207
2021-05-06 09:21:04,203.65,981445
2021-05-06 09:21:08,203.65,983666
2021-05-06 09:21:11,203.75,985799
2021-05-06 09:21:15,203.75,1000973
2021-05-06 09:21:18,203.85,1004200
2021-05-06 09:21:22,203.8,1009182
2021-05-06 09:21:23,203.8,1014285
2021-05-06 09:21:24,203.8,1015227
2021-05-06 09:21:25,203.8,1015885
2021-05-06 09:21:26,203.8,1019150
2021-05-06 09:21:27,203.9,1021887
2021-05-06 09:21:28,203.9,1022203
2021-05-06 09:21:29,203.85,1022565
2021-05-06 09:21:30,203.9,1024628
2021-05-06 09:21:31,203.95,1070034
2021-05-06 09:21:32,203.85,1075881
2021-05-06 09:21:33,204.0,1084898
2021-05-06 09:21:34,203.85,1086884
2021-05-06 09:21:35,203.85,1088114
2021-05-06 09:21:36,203.95,1091708
2021-05-06 09:21:37,203.85,1091917
2021-05-06 09:21:38,203.95,1095830
2021-05-06 09:21:39,204.0,1099535
2021-05-06 09:21:40,204.0,1102341
2021-05-06 09:21:41,204.0,1104934
2021-05-06 09:21:42,204.0,1111724
2021-05-06 09:21:43,203.95,1112340
2021-05-06 09:21:44,203.95,1113025
2021-05-06 09:21:45,204.0,1113991
2021-05-06 09:21:46,204.0,1114801
2021-05-06 09:21:47,204.0,1114913
2021-05-06 09:21:48,203.95,1116183
2021-05-06 09:21:49,204.0,1116571
2021-05-06 09:21:50,204.0,1119334
2021-05-06 09:21:51,204.0,1131434
2021-05-06 09:21:52,203.9,1135167
2021-05-06 09:21:53,204.0,1140286
2021-05-06 09:21:54,203.95,1140411
2021-05-06 09:21:55,203.95,1148602
2021-05-06 09:21:56,203.95,1149327
2021-05-06 09:21:57,203.95,1156438
2021-05-06 09:21:58,204.0,1158099
2021-05-06 09:21:59,204.0,1158305
2021-05-06 09:22:00,204.15,1212021
2021-05-06 09:22:01,204.15,1219735
2021-05-06 09:22:02,204.35,1227553
2021-05-06 09:22:04,204.25,1230758
2021-05-06 09:22:04,204.4,1231419
2021-05-06 09:22:05,204.3,1234215
2021-05-06 09:22:06,204.4,1234794
2021-05-06 09:22:07,204.25,1234809
2021-05-06 09:22:08,204.4,1237029
2021-05-06 09:22:09,204.25,1242876
2021-05-06 09:22:10,204.4,1245448
2021-05-06 09:22:11,204.4,1246300
2021-05-06 09:22:12,204.3,1250362
2021-05-06 09:22:13,204.3,1252273
2021-05-06 09:22:14,204.3,1253828
2021-05-06 09:22:15,204.3,1256012
2021-05-06 09:22:17,204.3,1257759
2021-05-06 09:22:18,204.35,1259598
2021-05-06 09:22:18,204.3,1259673
2021-05-06 09:22:19,204.35,1261350
2021-05-06 09:22:20,204.3,1265886
2021-05-06 09:22:21,204.3,1268777
2021-05-06 09:22:22,204.3,1276680
2021-05-06 09:22:23,204.25,1279028
2021-05-06 09:22:24,204.25,1280376
2021-05-06 09:22:25,204.3,1331982
2021-05-06 09:22:26,204.25,1333766
2021-05-06 09:22:27,204.3,1335374
2021-05-06 09:22:28,204.35,1335934
2021-05-06 09:22:29,204.3,1337272
2021-05-06 09:22:30,204.3,1340015
2021-05-06 09:22:31,204.4,1340965
2021-05-06 09:22:32,204.3,1342668
2021-05-06 09:22:34,204.3,1344184
2021-05-06 09:22:35,204.3,1344890
2021-05-06 09:22:36,204.3,1345260
2021-05-06 09:22:37,204.3,1346515
2021-05-06 09:22:38,204.3,1349618
2021-05-06 09:22:40,204.3,1353406
2021-05-06 09:22:40,204.3,1354508
2021-05-06 09:22:41,204.35,1358105
2021-05-06 09:22:42,204.3,1372357
2021-05-06 09:22:44,204.25,1377481
2021-05-06 09:22:44,204.3,1378714
2021-05-06 09:22:46,204.25,1388944
2021-05-06 09:22:47,204.2,1393727
2021-05-06 09:22:48,204.1,1395203
2021-05-06 09:22:49,204.05,1399888
2021-05-06 09:22:51,204.15,1400371
2021-05-06 09:22:51,204.15,1400801
2021-05-06 09:22:52,204.15,1400801
2021-05-06 09:22:53,204.1,1402350
2021-05-06 09:22:54,204.1,1403850
2021-05-06 09:22:55,204.1,1404319
2021-05-06 09:22:56,204.05,1405958
2021-05-06 09:22:57,204.0,1406167
2021-05-06 09:22:58,204.1,1438236
2021-05-06 09:22:59,204.25,1439917
2021-05-06 09:23:00,204.05,1441277
2021-05-06 09:23:01,204.05,1442566
2021-05-06 09:23:02,204.05,1442966
2021-05-06 09:23:03,204.1,1449044
2021-05-06 09:23:04,204.2,1449404
2021-05-06 09:23:05,204.15,1449716
2021-05-06 09:23:06,204.1,1450043
2021-05-06 09:23:07,204.15,1451050
2021-05-06 09:23:08,204.3,1453817
2021-05-06 09:23:09,204.2,1454077
2021-05-06 09:23:10,204.15,1454799
2021-05-06 09:23:11,204.2,1455054
2021-05-06 09:23:12,204.3,1456118
2021-05-06 09:23:14,204.25,1457421
2021-05-06 09:23:15,204.2,1458190
2021-05-06 09:23:16,204.1,1459790
2021-05-06 09:23:17,204.15,1461328
2021-05-06 09:23:18,204.25,1462654
2021-05-06 09:23:19,204.2,1465097
2021-05-06 09:23:20,204.2,1465657
2021-05-06 09:23:21,204.25,1466331
2021-05-06 09:23:21,204.2,1466790
2021-05-06 09:23:22,204.3,1468791
2021-05-06 09:23:24,204.3,1470349
2021-05-06 09:23:26,204.3,1472496
2021-05-06 09:23:27,204.3,1473936
2021-05-06 09:23:28,204.25,1480560
2021-05-06 09:23:29,204.25,1481129
2021-05-06 09:23:30,204.2,1482679
2021-05-06 09:23:31,204.15,1482901
2021-05-06 09:23:32,204.3,1483696
2021-05-06 09:23:33,204.25,1483958
2021-05-06 09:23:34,204.3,1486909
2021-05-06 09:23:35,204.2,1487560
2021-05-06 09:23:37,204.25,1489862
2021-05-06 09:23:38,204.25,1489890
2021-05-06 09:23:39,204.2,1490335
2021-05-06 09:23:40,204.2,1490403
2021-05-06 09:23:41,204.3,1495117
2021-05-06 09:23:42,204.2,1495342
2021-05-06 09:23:43,204.2,1496860
2021-05-06 09:23:44,204.25,1498310
2021-05-06 09:23:45,204.3,1500625
2021-05-06 09:23:46,204.2,1500750
2021-05-06 09:23:47,204.2,1503767
2021-05-06 09:23:48,204.2,1504490
2021-05-06 09:23:49,204.3,1505570
2021-05-06 09:23:49,204.3,1505570
2021-05-06 09:23:50,204.3,1505772
2021-05-06 09:23:51,204.25,1507293
2021-05-06 09:23:53,204.3,1508250
2021-05-06 09:23:54,204.3,1509480
2021-05-06 09:23:55,204.25,1510800
2021-05-06 09:23:56,204.25,1511401
2021-05-06 09:23:56,204.25,1511521
2021-05-06 09:23:57,204.3,1512252
2021-05-06 09:23:58,204.3,1512428
2021-05-06 09:23:59,204.3,1529698
2021-05-06 09:24:00,204.35,1530971
2021-05-06 09:24:01,204.3,1532013
2021-05-06 09:24:02,204.25,1534120
2021-05-06 09:24:03,204.35,1535514
2021-05-06 09:24:04,204.25,1536314
2021-05-06 09:24:05,204.25,1542332
2021-05-06 09:24:06,204.3,1543335
2021-05-06 09:24:07,204.3,1543686
2021-05-06 09:24:08,204.35,1544786
2021-05-06 09:24:09,204.3,1546126
2021-05-06 09:24:11,204.25,1546619
2021-05-06 09:24:12,204.3,1548620
2021-05-06 09:24:13,204.45,1575822
2021-05-06 09:24:14,204.5,1576209
2021-05-06 09:24:15,204.45,1576864
2021-05-06 09:24:16,204.35,1578136
2021-05-06 09:24:17,204.45,1578348
2021-05-06 09:24:18,204.35,1578841
2021-05-06 09:24:19,204.3,1582034
2021-05-06 09:24:21,204.3,1582894
2021-05-06 09:24:22,204.3,1585256
2021-05-06 09:24:23,204.45,1585993
2021-05-06 09:24:24,204.35,1586008
2021-05-06 09:24:25,204.3,1587484
2021-05-06 09:24:26,204.4,1588365
2021-05-06 09:24:27,204.45,1592884
2021-05-06 09:24:28,204.45,1593010
2021-05-06 09:24:29,204.35,1593179
2021-05-06 09:24:29,204.35,1593786
2021-05-06 09:24:30,204.4,1594046
2021-05-06 09:24:31,204.35,1594246
2021-05-06 09:24:32,204.35,1599911
2021-05-06 09:24:33,204.35,1601108
2021-05-06 09:24:34,204.4,1601768
2021-05-06 09:24:35,204.45,1626531
2021-05-06 09:24:37,204.45,1627097
2021-05-06 09:24:38,204.35,1629406
2021-05-06 09:24:39,204.45,1630245
2021-05-06 09:24:40,204.5,1631295
2021-05-06 09:24:41,204.45,1632837
2021-05-06 09:24:42,204.5,1633752
2021-05-06 09:24:43,204.45,1634434
2021-05-06 09:24:44,204.5,1636848
2021-05-06 09:24:44,204.5,1636917
2021-05-06 09:24:45,204.5,1637501
2021-05-06 09:24:46,204.45,1663385
2021-05-06 09:24:47,204.4,1666641
2021-05-06 09:24:48,204.45,1667225
2021-05-06 09:24:49,204.5,1670865
2021-05-06 09:24:50,204.45,1672206
2021-05-06 09:24:51,204.45,1672623
2021-05-06 09:24:52,204.4,1675297
2021-05-06 09:24:54,204.3,1686900
2021-05-06 09:24:55,204.3,1687511
2021-05-06 09:24:56,204.45,1688744
2021-05-06 09:24:57,204.4,1688999
2021-05-06 09:24:58,204.35,1692200
2021-05-06 09:24:59,204.45,1695242
2021-05-06 09:25:00,204.4,1695641
2021-05-06 09:25:01,204.35,1697562
2021-05-06 09:25:02,204.4,1698439
2021-05-06 09:25:02,204.3,1698408
2021-05-06 09:25:03,204.45,1698889
2021-05-06 09:25:04,204.3,1699925
2021-05-06 09:25:05,204.3,1728280
2021-05-06 09:25:06,204.4,1729285
2021-05-06 09:25:07,204.35,1731682
2021-05-06 09:25:08,204.35,1731991
2021-05-06 09:25:09,204.25,1732106
2021-05-06 09:25:10,204.35,1732881
2021-05-06 09:25:11,204.3,1733417
2021-05-06 09:25:12,204.35,1733560
2021-05-06 09:25:13,204.35,1734247
2021-05-06 09:25:14,204.35,1741272
2021-05-06 09:25:15,204.3,1741432
2021-05-06 09:25:16,204.35,1750419
2021-05-06 09:25:17,204.35,1752466
2021-05-06 09:25:18,204.4,1753704
2021-05-06 09:25:19,204.35,1756992
2021-05-06 09:25:20,204.4,1760192
2021-05-06 09:25:21,204.4,1761740
2021-05-06 09:25:23,204.4,1767887
2021-05-06 09:25:25,204.4,1770179
2021-05-06 09:25:26,204.35,1771679
2021-05-06 09:25:27,204.35,1772033
2021-05-06 09:25:28,204.4,1773192
2021-05-06 09:25:29,204.35,1776969
2021-05-06 09:25:30,204.35,1783076
2021-05-06 09:25:31,204.4,1785827
2021-05-06 09:25:32,204.4,1785963
2021-05-06 09:25:33,204.3,1786418
2021-05-06 09:25:34,204.35,1786593
2021-05-06 09:25:35,204.35,1789048
2021-05-06 09:25:36,204.4,1789466
2021-05-06 09:25:37,204.25,1789968
2021-05-06 09:25:38,204.25,1790195
2021-05-06 09:25:38,204.3,1790295
2021-05-06 09:25:39,204.3,1791082
2021-05-06 09:25:41,204.35,1792861
2021-05-06 09:25:42,204.3,1793686
2021-05-06 09:25:43,204.3,1795188
2021-05-06 09:25:44,204.3,1796412
2021-05-06 09:25:45,204.2,1802381
2021-05-06 09:25:46,204.25,1802572
2021-05-06 09:25:47,204.25,1802649
2021-05-06 09:25:48,204.35,1805448
2021-05-06 09:25:49,204.3,1809549
2021-05-06 09:25:50,204.2,1815698
2021-05-06 09:25:51,204.2,1816010
2021-05-06 09:25:52,204.3,1816681
2021-05-06 09:25:53,204.3,1816909
2021-05-06 09:25:54,204.2,1816964
2021-05-06 09:25:55,204.3,1817047
2021-05-06 09:25:57,204.25,1818632
2021-05-06 09:25:58,204.25,1819535
2021-05-06 09:25:58,204.25,1819535
2021-05-06 09:26:00,204.25,1821256
2021-05-06 09:26:01,204.2,1823407
2021-05-06 09:26:02,204.25,1825435
2021-05-06 09:26:03,204.25,1825565
2021-05-06 09:26:04,204.2,1825882
2021-05-06 09:26:04,204.2,1825882
2021-05-06 09:26:05,204.1,1848253
2021-05-06 09:26:06,204.0,1848813
2021-05-06 09:26:07,204.1,1849233
2021-05-06 09:26:08,204.0,1851298
2021-05-06 09:26:09,204.0,1851398
2021-05-06 09:26:10,204.05,1853663
2021-05-06 09:26:11,204.05,1854470
2021-05-06 09:26:12,204.05,1855244
2021-05-06 09:26:14,204.1,1856035
2021-05-06 09:26:15,204.1,1856349
2021-05-06 09:26:15,204.1,1858016
2021-05-06 09:26:16,204.1,1858301
2021-05-06 09:26:17,204.15,1860453
2021-05-06 09:26:18,204.05,1860851
2021-05-06 09:26:19,204.1,1861157
2021-05-06 09:26:20,204.05,1861279
2021-05-06 09:26:21,204.1,1862945
2021-05-06 09:26:22,204.1,1863276
2021-05-06 09:26:24,204.05,1864288
2021-05-06 09:26:25,204.05,1864695
2021-05-06 09:26:26,204.05,1864741
2021-05-06 09:26:27,204.0,1867540
2021-05-06 09:26:28,204.1,1868584
2021-05-06 09:26:29,204.1,1870207
2021-05-06 09:26:30,204.05,1872120
2021-05-06 09:26:31,204.05,1872926
2021-05-06 09:26:32,204.1,1873011
2021-05-06 09:26:33,204.05,1873350
2021-05-06 09:26:34,204.1,1881901
2021-05-06 09:26:35,204.1,1882034
2021-05-06 09:26:36,204.1,1882170
2021-05-06 09:26:37,204.15,1885726
2021-05-06 09:26:38,204.15,1889927
2021-05-06 09:26:39,204.2,1892555
2021-05-06 09:26:40,204.25,1897982
2021-05-06 09:26:41,204.2,1898965
2021-05-06 09:26:42,204.15,1901256
2021-05-06 09:26:43,204.3,1901840
2021-05-06 09:26:44,204.2,1902650
2021-05-06 09:26:45,204.2,1903210
2021-05-06 09:26:46,204.3,1903910
2021-05-06 09:26:47,204.25,1912917
2021-05-06 09:26:48,204.25,1915418
2021-05-06 09:26:49,204.35,1948266
2021-05-06 09:26:50,204.35,1948368
2021-05-06 09:26:51,204.7,2152979
2021-05-06 09:26:52,204.6,2155363
2021-05-06 09:26:53,204.6,2158647
2021-05-06 09:26:54,204.75,2159597
2021-05-06 09:26:55,204.8,2159703
2021-05-06 09:26:56,204.7,2160262
2021-05-06 09:26:57,204.7,2160823
2021-05-06 09:26:58,204.75,2161335
2021-05-06 09:26:59,204.75,2161397
2021-05-06 09:27:00,204.8,2164952
2021-05-06 09:27:01,204.7,2173834
2021-05-06 09:27:02,204.7,2175330
2021-05-06 09:27:03,204.7,2175742
2021-05-06 09:27:04,204.7,2176884
2021-05-06 09:27:05,204.75,2212694
2021-05-06 09:27:06,204.75,2213181
2021-05-06 09:27:07,204.8,2214436
2021-05-06 09:27:08,204.7,2215593
2021-05-06 09:27:09,204.65,2219059
2021-05-06 09:27:11,204.8,2222321
2021-05-06 09:27:12,204.7,2222902
2021-05-06 09:27:13,204.75,2224090
2021-05-06 09:27:14,204.85,2234633
2021-05-06 09:27:15,204.85,2235225
2021-05-06 09:27:16,204.85,2236349
2021-05-06 09:27:17,204.9,2240627
2021-05-06 09:27:18,204.9,2247068
2021-05-06 09:27:19,204.9,2247538
2021-05-06 09:27:20,204.9,2249592
2021-05-06 09:27:20,204.9,2249604
2021-05-06 09:27:21,204.85,2249811
2021-05-06 09:27:22,204.9,2250252
2021-05-06 09:27:23,204.9,2250516
2021-05-06 09:27:25,204.9,2252914
2021-05-06 09:27:26,204.9,2253867
2021-05-06 09:27:27,204.85,2255955
2021-05-06 09:27:28,204.85,2262426
2021-05-06 09:27:29,204.85,2273333
2021-05-06 09:27:30,204.85,2274438
2021-05-06 09:27:31,204.9,2274895
2021-05-06 09:27:32,204.9,2293158
2021-05-06 09:27:33,204.85,2293887
2021-05-06 09:27:33,204.85,2293999
2021-05-06 09:27:35,205.0,2410853
2021-05-06 09:27:36,205.05,2413865
2021-05-06 09:27:37,205.0,2417396
2021-05-06 09:27:38,204.95,2421127
2021-05-06 09:27:39,205.1,2425398
2021-05-06 09:27:40,205.1,2425880
2021-05-06 09:27:42,205.05,2435577
2021-05-06 09:27:43,205.0,2436428
2021-05-06 09:27:44,205.15,2436938
2021-05-06 09:27:45,205.2,2440239
2021-05-06 09:27:46,205.1,2442509
2021-05-06 09:27:47,205.2,2445730
2021-05-06 09:27:49,205.1,2449720
2021-05-06 09:27:51,205.1,2451941
2021-05-06 09:27:52,205.05,2456824
2021-05-06 09:27:53,205.05,2462493
2021-05-06 09:27:54,205.15,2463638
2021-05-06 09:27:55,205.15,2474906
2021-05-06 09:27:56,205.15,2476030
2021-05-06 09:27:57,205.1,2476896
2021-05-06 09:27:58,205.2,2477946
2021-05-06 09:27:59,205.15,2480315
2021-05-06 09:28:00,205.25,2484782
2021-05-06 09:28:01,205.15,2485281
2021-05-06 09:28:02,205.15,2486908
2021-05-06 09:28:03,205.25,2490367
2021-05-06 09:28:04,205.2,2492444
2021-05-06 09:28:05,205.25,2494777
2021-05-06 09:28:06,205.15,2516729
2021-05-06 09:28:06,205.1,2516934
2021-05-06 09:28:07,205.0,2544198
2021-05-06 09:28:08,205.0,2544762
2021-05-06 09:28:09,205.0,2545958
2021-05-06 09:28:11,205.1,2547748
2021-05-06 09:28:12,205.1,2552775
2021-05-06 09:28:13,205.0,2554056
2021-05-06 09:28:14,205.0,2554813
2021-05-06 09:28:15,205.05,2557482
2021-05-06 09:28:16,204.95,2574106
2021-05-06 09:28:17,205.05,2577868
2021-05-06 09:28:18,204.9,2588411
2021-05-06 09:28:19,204.95,2591969
2021-05-06 09:28:20,204.95,2594218
2021-05-06 09:28:21,204.95,2595142
2021-05-06 09:28:22,204.85,2597153
2021-05-06 09:28:23,204.9,2600099
2021-05-06 09:28:23,204.9,2600299
2021-05-06 09:28:24,204.85,2601833
2021-05-06 09:28:26,204.95,2602343
2021-05-06 09:28:27,204.95,2604699
2021-05-06 09:28:28,204.95,2606024
2021-05-06 09:28:29,204.95,2607813
2021-05-06 09:28:30,205.0,2608571
2021-05-06 09:28:31,204.95,2608727
2021-05-06 09:28:32,204.95,2610882
2021-05-06 09:28:33,204.9,2614088
2021-05-06 09:28:34,204.95,2614671
2021-05-06 09:28:35,205.0,2614755
2021-05-06 09:28:36,204.9,2615233
2021-05-06 09:28:37,205.0,2621662
2021-05-06 09:28:38,204.95,2622658
2021-05-06 09:28:39,205.0,2632855
2021-05-06 09:28:40,205.05,2634859
2021-05-06 09:28:41,205.05,2635507
2021-05-06 09:28:42,205.15,2645967
2021-05-06 09:28:43,205.15,2647019
2021-05-06 09:28:44,205.25,2655207
2021-05-06 09:28:45,205.15,2655753
2021-05-06 09:28:46,205.25,2657879
2021-05-06 09:28:47,205.2,2685887
2021-05-06 09:28:48,205.2,2686388
2021-05-06 09:28:49,205.3,2688047
2021-05-06 09:28:49,205.3,2688047
2021-05-06 09:28:51,205.25,2693746
2021-05-06 09:28:52,205.25,2708868
2021-05-06 09:28:52,205.3,2709025
2021-05-06 09:28:54,205.3,2723631
2021-05-06 09:28:54,205.25,2725736
2021-05-06 09:28:56,205.35,2726654
2021-05-06 09:28:57,205.3,2728185
2021-05-06 09:28:58,205.45,2733086
2021-05-06 09:28:59,205.35,2737438
2021-05-06 09:29:00,205.4,2739954
2021-05-06 09:29:01,205.3,2746360
2021-05-06 09:29:02,205.3,2746592
2021-05-06 09:29:03,205.3,2747579
2021-05-06 09:29:04,205.25,2750163
2021-05-06 09:29:05,205.25,2756137
2021-05-06 09:29:06,205.15,2756340
2021-05-06 09:29:07,205.25,2759560
2021-05-06 09:29:08,205.25,2763101
2021-05-06 09:29:09,205.2,2763938
2021-05-06 09:29:10,205.3,2765374
2021-05-06 09:29:11,205.2,2766305
2021-05-06 09:29:12,205.2,2769540
2021-05-06 09:29:13,205.2,2771271
2021-05-06 09:29:14,205.3,2772099
2021-05-06 09:29:15,205.25,2773854
2021-05-06 09:29:16,205.2,2774852
2021-05-06 09:29:17,205.2,2776388
2021-05-06 09:29:18,205.25,2779989
2021-05-06 09:29:18,205.15,2779994
2021-05-06 09:29:20,205.1,2783839
2021-05-06 09:29:20,205.2,2783339
2021-05-06 09:29:21,205.25,2784567
2021-05-06 09:29:23,205.15,2785850
2021-05-06 09:29:24,205.5,2877433
2021-05-06 09:29:25,205.55,2878291
2021-05-06 09:29:26,205.5,2879019
2021-05-06 09:29:26,205.5,2879350
2021-05-06 09:29:27,205.45,2880576
2021-05-06 09:29:28,205.45,2881483
2021-05-06 09:29:30,205.5,2884226
2021-05-06 09:29:31,205.5,2884417
2021-05-06 09:29:32,205.4,2886068
2021-05-06 09:29:32,205.5,2886076
2021-05-06 09:29:35,205.45,2897274
2021-05-06 09:29:36,205.6,2903156
2021-05-06 09:29:37,205.55,2906222
2021-05-06 09:29:38,205.65,2909725
2021-05-06 09:29:39,205.5,2917136
2021-05-06 09:29:40,205.5,2924228
2021-05-06 09:29:41,205.5,2924990
2021-05-06 09:29:42,205.6,2925280
2021-05-06 09:29:43,205.6,2929449
2021-05-06 09:29:44,205.6,2931638
2021-05-06 09:29:46,205.55,2934420
2021-05-06 09:29:48,205.5,2938765
2021-05-06 09:29:49,205.5,2942060
2021-05-06 09:29:50,205.6,2944385
2021-05-06 09:29:51,205.55,2945610
2021-05-06 09:29:52,205.65,2947280
2021-05-06 09:29:53,205.5,2949593
2021-05-06 09:29:54,205.5,2951299
2021-05-06 09:29:55,205.55,2952329
2021-05-06 09:29:56,205.6,2959685
2021-05-06 09:29:57,205.65,2960592
2021-05-06 09:29:58,205.55,2965391
2021-05-06 09:29:59,205.6,2974885
2021-05-06 09:30:00,205.6,2978339
2021-05-06 09:30:01,205.6,2980815
2021-05-06 09:30:03,205.5,2984813
2021-05-06 09:30:05,205.5,3005086
2021-05-06 09:30:07,205.5,3007652
2021-05-06 09:30:06,205.6,3007647
2021-05-06 09:30:08,205.55,3009751
2021-05-06 09:30:09,205.5,3011702
2021-05-06 09:30:10,205.55,3013226
2021-05-06 09:30:11,205.5,3017703
2021-05-06 09:30:12,205.5,3018742
2021-05-06 09:30:13,205.55,3020108
2021-05-06 09:30:14,205.5,3020625
2021-05-06 09:30:15,205.5,3024426
2021-05-06 09:30:16,205.5,3067915
2021-05-06 09:30:17,205.35,3069096
2021-05-06 09:30:18,205.5,3069422
2021-05-06 09:30:19,205.65,3133731
2021-05-06 09:30:20,205.6,3135191
2021-05-06 09:30:21,205.6,3137402
2021-05-06 09:30:22,205.6,3138479
2021-05-06 09:30:23,205.6,3139782
2021-05-06 09:30:24,205.65,3140638
2021-05-06 09:30:25,205.65,3149683
2021-05-06 09:30:26,205.6,3151523
2021-05-06 09:30:27,205.6,3152336
2021-05-06 09:30:28,205.5,3153753
2021-05-06 09:30:29,205.6,3156727
2021-05-06 09:30:30,205.6,3160574
2021-05-06 09:30:31,205.45,3161998
2021-05-06 09:30:32,205.6,3163798
2021-05-06 09:30:33,205.5,3177804
2021-05-06 09:30:34,205.5,3179988
2021-05-06 09:30:36,205.55,3181334
2021-05-06 09:30:37,205.5,3184688
2021-05-06 09:30:38,205.55,3185832
2021-05-06 09:30:39,205.55,3187212
2021-05-06 09:30:40,205.55,3189019
2021-05-06 09:30:41,205.5,3191862
2021-05-06 09:30:42,205.4,3194556
2021-05-06 09:30:43,205.5,3195221
2021-05-06 09:30:44,205.4,3195630
2021-05-06 09:30:45,205.5,3197304
2021-05-06 09:30:46,205.5,3198745
2021-05-06 09:30:47,205.4,3203992
2021-05-06 09:30:48,205.35,3213007
2021-05-06 09:30:49,205.4,3213187
2021-05-06 09:30:50,205.45,3224577
2021-05-06 09:30:51,205.45,3226615
2021-05-06 09:30:52,205.4,3230118
2021-05-06 09:30:53,205.4,3230873
2021-05-06 09:30:54,205.4,3232733
2021-05-06 09:30:55,205.5,3236421
2021-05-06 09:30:56,205.5,3236576
2021-05-06 09:30:57,205.35,3237711
2021-05-06 09:30:58,205.45,3238121
2021-05-06 09:30:59,205.4,3239766
2021-05-06 09:31:00,205.45,3243495
2021-05-06 09:31:01,205.35,3246243
2021-05-06 09:31:02,205.45,3248872
2021-05-06 09:31:03,205.4,3251266
2021-05-06 09:31:04,205.45,3251734
2021-05-06 09:31:05,205.35,3253187
2021-05-06 09:31:06,205.35,3254974
2021-05-06 09:31:07,205.4,3255599
2021-05-06 09:31:08,205.45,3257122
2021-05-06 09:31:09,205.55,3309718
2021-05-06 09:31:10,205.55,3329185
2021-05-06 09:31:11,205.55,3331054
2021-05-06 09:31:12,205.55,3333027
2021-05-06 09:31:13,205.5,3336913
2021-05-06 09:31:14,205.55,3343415
2021-05-06 09:31:15,205.6,3345315
2021-05-06 09:31:16,205.5,3348749
2021-05-06 09:31:17,205.65,3352992
2021-05-06 09:31:20,205.55,3354224
2021-05-06 09:31:19,205.55,3354224
2021-05-06 09:31:21,205.55,3357425
2021-05-06 09:31:22,205.65,3359205
2021-05-06 09:31:23,205.65,3360316
2021-05-06 09:31:24,205.6,3360830
2021-05-06 09:31:25,205.6,3362697
2021-05-06 09:31:26,205.6,3368764
2021-05-06 09:31:27,205.7,3380387
2021-05-06 09:31:28,205.75,3398924
2021-05-06 09:31:29,205.85,3403098
2021-05-06 09:31:30,205.85,3405729
2021-05-06 09:31:31,205.85,3405859
2021-05-06 09:31:32,205.9,3407746
2021-05-06 09:31:33,205.75,3408871
2021-05-06 09:31:34,205.9,3410150
2021-05-06 09:31:35,205.9,3410677
2021-05-06 09:31:36,205.9,3411559
2021-05-06 09:31:37,205.8,3417158
2021-05-06 09:31:38,205.85,3417608
2021-05-06 09:31:40,205.9,3425313
2021-05-06 09:31:41,205.85,3428440
2021-05-06 09:31:42,205.95,3449742
2021-05-06 09:31:43,205.85,3464956
2021-05-06 09:31:44,205.9,3471056
2021-05-06 09:31:45,205.9,3472166
2021-05-06 09:31:46,205.85,3475828
2021-05-06 09:31:47,205.85,3476351
2021-05-06 09:31:49,205.9,3482320
2021-05-06 09:31:49,205.95,3481718
2021-05-06 09:31:50,205.9,3484387
2021-05-06 09:31:51,205.95,3486700
2021-05-06 09:31:52,205.85,3496607
2021-05-06 09:31:53,205.8,3515593
2021-05-06 09:31:54,205.8,3518779
2021-05-06 09:31:55,205.8,3522994
2021-05-06 09:31:56,205.7,3531719
2021-05-06 09:31:58,205.7,3535433
2021-05-06 09:31:58,205.7,3537040
2021-05-06 09:31:59,205.7,3537716
2021-05-06 09:32:00,205.6,3538128
2021-05-06 09:32:01,205.6,3539195
2021-05-06 09:32:02,205.75,3544547
2021-05-06 09:32:03,205.65,3545608
2021-05-06 09:32:04,205.65,3545890
2021-05-06 09:32:05,205.65,3546140
2021-05-06 09:32:06,205.65,3547687
2021-05-06 09:32:07,205.65,3548828
2021-05-06 09:32:08,205.6,3550969
2021-05-06 09:32:10,205.7,3553002
2021-05-06 09:32:10,205.6,3553473
2021-05-06 09:32:12,205.6,3555194
2021-05-06 09:32:13,205.6,3556045
2021-05-06 09:32:14,205.75,3558095
2021-05-06 09:32:15,205.6,3558414
2021-05-06 09:32:16,205.7,3558881
2021-05-06 09:32:17,205.65,3559006
2021-05-06 09:32:18,205.6,3559209
2021-05-06 09:32:19,205.6,3560269
2021-05-06 09:32:21,205.6,3568588
2021-05-06 09:32:21,205.55,3569121
2021-05-06 09:32:22,205.6,3572577
2021-05-06 09:32:23,205.6,3573378
2021-05-06 09:32:25,205.6,3574966
2021-05-06 09:32:26,205.5,3575751
2021-05-06 09:32:27,205.4,3595865
2021-05-06 09:32:28,205.5,3601130
2021-05-06 09:32:29,205.55,3602457
2021-05-06 09:32:29,205.5,3602767
2021-05-06 09:32:30,205.5,3602933
2021-05-06 09:32:31,205.5,3604526
2021-05-06 09:32:32,205.5,3606628
2021-05-06 09:32:33,205.5,3607620
2021-05-06 09:32:34,205.55,3608971
2021-05-06 09:32:35,205.45,3610902
2021-05-06 09:32:36,205.45,3611902
2021-05-06 09:32:37,205.5,3613372
2021-05-06 09:32:40,205.35,3619574
2021-05-06 09:32:40,205.45,3621550
2021-05-06 09:32:41,205.45,3621550
2021-05-06 09:32:42,205.4,3622186
2021-05-06 09:32:43,205.5,3623286
2021-05-06 09:32:44,205.4,3624482
2021-05-06 09:32:45,205.45,3635740
2021-05-06 09:32:47,205.55,3636667
2021-05-06 09:32:47,205.45,3637242
2021-05-06 09:32:49,205.5,3638344
2021-05-06 09:32:49,205.5,3639569
2021-05-06 09:32:51,205.45,3641378
2021-05-06 09:32:52,205.5,3643671
2021-05-06 09:32:53,205.45,3649365
2021-05-06 09:32:54,205.5,3650632
2021-05-06 09:32:55,205.45,3650989
2021-05-06 09:32:56,205.45,3651812
2021-05-06 09:32:57,205.4,3655676
2021-05-06 09:32:58,205.5,3657407
2021-05-06 09:33:00,205.5,3664394
2021-05-06 09:33:01,205.4,3665553
2021-05-06 09:33:02,205.4,3667120
2021-05-06 09:33:03,205.45,3669334
2021-05-06 09:33:04,205.45,3669584
2021-05-06 09:33:06,205.45,3679266
2021-05-06 09:33:07,205.5,3679566
2021-05-06 09:33:08,205.4,3682282
2021-05-06 09:33:09,205.4,3684915
2021-05-06 09:33:09,205.4,3684950
2021-05-06 09:33:10,205.45,3685116
2021-05-06 09:33:11,205.4,3686168
2021-05-06 09:33:12,205.4,3686518
2021-05-06 09:33:13,205.45,3687094
2021-05-06 09:33:14,205.4,3687849
2021-05-06 09:33:15,205.4,3690760
2021-05-06 09:33:16,205.5,3706541
2021-05-06 09:33:17,205.45,3707443
2021-05-06 09:33:18,205.4,3711143
2021-05-06 09:33:19,205.45,3711927
2021-05-06 09:33:20,205.45,3713693
2021-05-06 09:33:21,205.45,3715618
2021-05-06 09:33:23,205.4,3716055
2021-05-06 09:33:23,205.5,3716555
2021-05-06 09:33:24,205.5,3716570
2021-05-06 09:33:25,205.45,3717224
2021-05-06 09:33:26,205.5,3719074
2021-05-06 09:33:27,205.45,3719724
2021-05-06 09:33:28,205.5,3720529
2021-05-06 09:33:29,205.5,3721602
2021-05-06 09:33:30,205.4,3723612
2021-05-06 09:33:31,205.4,3723912
2021-05-06 09:33:32,205.45,3728499
2021-05-06 09:33:33,205.35,3731286
2021-05-06 09:33:35,205.35,3733153
2021-05-06 09:33:36,205.4,3737173
2021-05-06 09:33:37,205.35,3737393
2021-05-06 09:33:38,205.4,3739346
2021-05-06 09:33:38,205.35,3741413
2021-05-06 09:33:39,205.45,3742060
2021-05-06 09:33:40,205.4,3745929
2021-05-06 09:33:41,205.35,3746483
2021-05-06 09:33:42,205.4,3747343
2021-05-06 09:33:43,205.35,3747369
2021-05-06 09:33:44,205.4,3747560
2021-05-06 09:33:45,205.35,3750388
2021-05-06 09:33:46,205.35,3751411
2021-05-06 09:33:48,205.45,3753936
2021-05-06 09:33:49,205.45,3755925
2021-05-06 09:33:49,205.45,3755925
2021-05-06 09:33:50,205.35,3757192
2021-05-06 09:33:51,205.35,3758598
2021-05-06 09:33:52,205.4,3759907
2021-05-06 09:33:53,205.35,3761739
2021-05-06 09:33:55,205.4,3764849
2021-05-06 09:33:56,205.4,3765064
2021-05-06 09:33:57,205.35,3765337
2021-05-06 09:33:58,205.35,3765832
2021-05-06 09:33:59,205.35,3767092
2021-05-06 09:34:00,205.4,3774633
2021-05-06 09:34:01,205.35,3785731
2021-05-06 09:34:02,205.25,3786041
2021-05-06 09:34:04,205.25,3786481
2021-05-06 09:34:05,205.2,3792565
2021-05-06 09:34:06,205.25,3793119
2021-05-06 09:34:07,205.35,3794593
2021-05-06 09:34:07,205.25,3794613
2021-05-06 09:34:08,205.35,3796848
2021-05-06 09:34:09,205.3,3797938
2021-05-06 09:34:10,205.2,3799788
2021-05-06 09:34:12,205.3,3804529
2021-05-06 09:34:13,205.3,3805353
2021-05-06 09:34:13,205.3,3805456
2021-05-06 09:34:15,205.2,3806641
2021-05-06 09:34:15,205.3,3810636
2021-05-06 09:34:16,205.3,3812275
2021-05-06 09:34:18,205.25,3814000
2021-05-06 09:34:19,205.25,3814800
2021-05-06 09:34:21,205.3,3820518
2021-05-06 09:34:21,205.3,3820718
2021-05-06 09:34:22,205.2,3821113
2021-05-06 09:34:23,205.3,3826654
2021-05-06 09:34:25,205.3,3827938
2021-05-06 09:34:26,205.3,3835316
2021-05-06 09:34:27,205.25,3838177
2021-05-06 09:34:27,205.25,3838177
2021-05-06 09:34:28,205.35,3844880
2021-05-06 09:34:29,205.3,3846404
2021-05-06 09:34:30,205.35,3850129
2021-05-06 09:34:31,205.3,3850799
2021-05-06 09:34:33,205.4,3851718
2021-05-06 09:34:34,205.3,3852418
2021-05-06 09:34:35,205.35,3853219
2021-05-06 09:34:36,205.35,3857485
2021-05-06 09:34:37,205.4,3858200
2021-05-06 09:34:39,205.4,3864156
2021-05-06 09:34:39,205.4,3864156
2021-05-06 09:34:40,205.4,3865826
2021-05-06 09:34:42,205.4,3866290
2021-05-06 09:34:43,205.35,3869491
2021-05-06 09:34:44,205.45,3871219
2021-05-06 09:34:45,205.35,3871437
2021-05-06 09:34:46,205.35,3871830
2021-05-06 09:34:47,205.35,3872665
2021-05-06 09:34:48,205.35,3872665
2021-05-06 09:34:49,205.35,3873255
2021-05-06 09:34:50,205.35,3873680
2021-05-06 09:34:51,205.4,3877207
2021-05-06 09:34:52,205.4,3881982
2021-05-06 09:34:53,205.35,3883467
2021-05-06 09:34:55,205.4,3884068
2021-05-06 09:34:56,205.35,3886769
2021-05-06 09:34:56,205.3,3886768
2021-05-06 09:34:57,205.35,3886920
2021-05-06 09:34:58,205.4,3889283
2021-05-06 09:34:59,205.3,3890716
2021-05-06 09:35:00,205.3,3896676
2021-05-06 09:35:02,205.3,3896897
2021-05-06 09:35:03,205.3,3898606
2021-05-06 09:35:05,205.35,3900008
2021-05-06 09:35:06,205.35,3900058
2021-05-06 09:35:06,205.35,3900058
2021-05-06 09:35:07,205.35,3900578
2021-05-06 09:35:09,205.3,3904643
2021-05-06 09:35:10,205.3,3905663
2021-05-06 09:35:11,205.35,3906472
2021-05-06 09:35:12,205.35,3906966
2021-05-06 09:35:13,205.35,3909872
2021-05-06 09:35:14,205.35,3912958
2021-05-06 09:35:15,205.25,3913661
2021-05-06 09:35:17,205.35,3914226
2021-05-06 09:35:19,205.35,3914803
2021-05-06 09:35:19,205.35,3915722
2021-05-06 09:35:20,205.35,3916284
2021-05-06 09:35:21,205.3,3916768
2021-05-06 09:35:23,205.3,3917608
2021-05-06 09:35:24,205.3,3920229
2021-05-06 09:35:26,205.2,3920640
2021-05-06 09:35:27,205.2,3922819
2021-05-06 09:35:29,205.25,3923161
2021-05-06 09:35:30,205.3,3923281
2021-05-06 09:35:31,205.2,3929420
2021-05-06 09:35:32,205.2,3929481
2021-05-06 09:35:32,205.25,3929531
2021-05-06 09:35:33,205.25,3930651
2021-05-06 09:35:34,205.2,3932573
2021-05-06 09:35:35,205.15,3932918
2021-05-06 09:35:37,205.25,3939718
2021-05-06 09:35:38,205.15,3940056
2021-05-06 09:35:39,205.2,3944247
2021-05-06 09:35:41,205.2,3947512
2021-05-06 09:35:41,205.05,3951635
2021-05-06 09:35:42,205.2,3953065
2021-05-06 09:35:43,205.05,3953730
2021-05-06 09:35:45,205.05,3954355
2021-05-06 09:35:46,205.1,3955381
2021-05-06 09:35:46,205.1,3955638
2021-05-06 09:35:47,205.05,3956078
2021-05-06 09:35:48,205.05,3959147
2021-05-06 09:35:50,205.05,3959942
2021-05-06 09:35:51,205.05,3960027
2021-05-06 09:35:52,205.05,3960808
2021-05-06 09:35:53,205.1,3961066
2021-05-06 09:35:53,205.1,3961066
2021-05-06 09:35:54,205.05,3961216
2021-05-06 09:35:55,205.1,3965892
2021-05-06 09:35:56,205.1,3973869
2021-05-06 09:35:57,205.0,3978163
2021-05-06 09:35:59,205.0,3979481
2021-05-06 09:36:00,205.0,3980641
2021-05-06 09:36:01,205.0,3981037
2021-05-06 09:36:02,205.1,3986420
2021-05-06 09:36:03,205.0,3990349
2021-05-06 09:36:04,205.0,3991350
2021-05-06 09:36:04,205.0,3991453
2021-05-06 09:36:05,205.1,4020308
2021-05-06 09:36:06,205.15,4032218
2021-05-06 09:36:07,205.2,4040869
2021-05-06 09:36:09,205.25,4041811
2021-05-06 09:36:10,205.15,4042086
2021-05-06 09:36:11,205.3,4053008
2021-05-06 09:36:12,205.3,4055057
2021-05-06 09:36:13,205.35,4065714
2021-05-06 09:36:14,205.4,4071143
2021-05-06 09:36:15,205.4,4071493
2021-05-06 09:36:16,205.4,4074593
2021-05-06 09:36:17,205.35,4075328
2021-05-06 09:36:18,205.35,4079559
2021-05-06 09:36:19,205.35,4080112
2021-05-06 09:36:20,205.4,4082573
2021-05-06 09:36:21,205.45,4083329
2021-05-06 09:36:22,205.45,4085383
2021-05-06 09:36:22,205.45,4085383
2021-05-06 09:36:24,205.4,4088600
2021-05-06 09:36:25,205.4,4092155
2021-05-06 09:36:27,205.4,4097619
2021-05-06 09:36:28,205.5,4098514
2021-05-06 09:36:29,205.5,4098887
2021-05-06 09:36:30,205.35,4105673
2021-05-06 09:36:31,205.45,4107233
2021-05-06 09:36:33,205.4,4107896
2021-05-06 09:36:34,205.4,4115386
2021-05-06 09:36:34,205.4,4115596
2021-05-06 09:36:35,205.45,4116267
2021-05-06 09:36:36,205.4,4116617
2021-05-06 09:36:37,205.3,4116999
2021-05-06 09:36:38,205.3,4118401
2021-05-06 09:36:39,205.4,4119716
2021-05-06 09:36:40,205.4,4119779
2021-05-06 09:36:42,205.4,4122067
2021-05-06 09:36:43,205.3,4122267
2021-05-06 09:36:44,205.35,4123676
2021-05-06 09:36:45,205.4,4123711
2021-05-06 09:36:46,205.25,4126373
2021-05-06 09:36:47,205.4,4126523
2021-05-06 09:36:48,205.4,4126648
2021-05-06 09:36:49,205.4,4126662
2021-05-06 09:36:50,205.4,4127153
2021-05-06 09:36:51,205.3,4131983
2021-05-06 09:36:52,205.3,4132204
2021-05-06 09:36:53,205.25,4132802
2021-05-06 09:36:55,205.25,4133298
2021-05-06 09:36:55,205.25,4133322
2021-05-06 09:36:57,205.25,4135708
2021-05-06 09:36:58,205.25,4135813
2021-05-06 09:36:59,205.15,4135870
2021-05-06 09:36:59,205.15,4136152
2021-05-06 09:37:00,205.25,4136927
2021-05-06 09:37:01,205.2,4137101
2021-05-06 09:37:02,205.25,4137886
2021-05-06 09:37:03,205.25,4137916
2021-05-06 09:37:04,205.15,4139388
2021-05-06 09:37:05,205.25,4139588
2021-05-06 09:37:06,205.2,4140816
2021-05-06 09:37:07,205.25,4141921
2021-05-06 09:37:08,205.2,4142157
2021-05-06 09:37:09,205.2,4143048
2021-05-06 09:37:11,205.3,4144233
2021-05-06 09:37:11,205.2,4144413
2021-05-06 09:37:12,205.2,4149653
2021-05-06 09:37:13,205.3,4149856
2021-05-06 09:37:14,205.2,4156556
2021-05-06 09:37:15,205.2,4156556
2021-05-06 09:37:16,205.3,4157514
2021-05-06 09:37:18,205.2,4159202
2021-05-06 09:37:19,205.25,4159453
2021-05-06 09:37:20,205.25,4159553
2021-05-06 09:37:21,205.25,4159553
2021-05-06 09:37:22,205.2,4161553
2021-05-06 09:37:23,205.2,4163129
2021-05-06 09:37:23,205.2,4163108
2021-05-06 09:37:25,205.2,4163384
2021-05-06 09:37:26,205.2,4163601
2021-05-06 09:37:27,205.15,4163929
2021-05-06 09:37:27,205.2,4163980
2021-05-06 09:37:28,205.2,4164134
2021-05-06 09:37:29,205.25,4166244
2021-05-06 09:37:30,205.15,4166834
2021-05-06 09:37:31,205.2,4167214
2021-05-06 09:37:32,205.25,4167914
2021-05-06 09:37:33,205.2,4168202
2021-05-06 09:37:34,205.15,4168305
2021-05-06 09:37:35,205.15,4168882
2021-05-06 09:37:37,205.25,4170407
2021-05-06 09:37:39,205.15,4170999
2021-05-06 09:37:40,205.15,4171024
2021-05-06 09:37:41,205.25,4171081
2021-05-06 09:37:42,205.15,4172260
2021-05-06 09:37:44,205.15,4174508
2021-05-06 09:37:45,205.1,4174863
2021-05-06 09:37:45,205.15,4174873
2021-05-06 09:37:46,205.2,4175323
2021-05-06 09:37:47,205.1,4175427
2021-05-06 09:37:48,205.1,4175741
2021-05-06 09:37:49,205.05,4177843
2021-05-06 09:37:51,205.1,4178107
2021-05-06 09:37:52,205.1,4178113
2021-05-06 09:37:53,205.1,4178235
2021-05-06 09:37:54,205.1,4180493
2021-05-06 09:37:55,205.1,4180531
2021-05-06 09:37:56,205.1,4180581
2021-05-06 09:37:57,205.1,4181091
2021-05-06 09:37:58,205.05,4181154
2021-05-06 09:37:59,205.05,4183899
2021-05-06 09:38:00,205.05,4185169
2021-05-06 09:38:02,204.85,4247649
2021-05-06 09:38:03,204.85,4247979
2021-05-06 09:38:04,204.75,4249224
2021-05-06 09:38:05,204.8,4251862
2021-05-06 09:38:06,204.8,4252265
2021-05-06 09:38:08,204.75,4258755
2021-05-06 09:38:09,204.7,4263975
2021-05-06 09:38:10,204.8,4265119
2021-05-06 09:38:11,204.7,4266404
2021-05-06 09:38:13,204.8,4281753
2021-05-06 09:38:14,204.9,4282039
2021-05-06 09:38:16,204.8,4282258
2021-05-06 09:38:17,204.8,4282858
2021-05-06 09:38:18,204.95,4285107
2021-05-06 09:38:19,204.9,4286422
2021-05-06 09:38:20,204.85,4289013
2021-05-06 09:38:20,204.9,4289413
2021-05-06 09:38:22,204.8,4289758
2021-05-06 09:38:23,204.8,4290747
2021-05-06 09:38:24,204.8,4292108
2021-05-06 09:38:25,205.0,4296638
2021-05-06 09:38:26,204.9,4297744
2021-05-06 09:38:27,205.0,4298207
2021-05-06 09:38:28,205.0,4299295
2021-05-06 09:38:29,204.85,4302878
2021-05-06 09:38:30,204.85,4303599
2021-05-06 09:38:31,204.9,4306144
2021-05-06 09:38:32,204.85,4307254
2021-05-06 09:38:33,204.85,4307254
2021-05-06 09:38:34,204.9,4308502
2021-05-06 09:38:35,204.9,4310284
2021-05-06 09:38:36,204.85,4310984
2021-05-06 09:38:37,204.85,4311653
2021-05-06 09:38:38,204.9,4311753
2021-05-06 09:38:39,205.0,4312523
2021-05-06 09:38:40,205.0,4312779
2021-05-06 09:38:41,204.9,4313945
2021-05-06 09:38:42,204.9,4314145
2021-05-06 09:38:43,204.9,4314158
2021-05-06 09:38:44,204.9,4314498
2021-05-06 09:38:45,205.0,4317831
2021-05-06 09:38:46,204.85,4317946
2021-05-06 09:38:47,204.9,4318049
2021-05-06 09:38:48,204.95,4318557
2021-05-06 09:38:49,204.95,4320286
2021-05-06 09:38:50,204.9,4320311
2021-05-06 09:38:51,204.9,4320465
2021-05-06 09:38:52,204.9,4321275
2021-05-06 09:38:53,204.9,4321298
2021-05-06 09:38:54,204.9,4321403
2021-05-06 09:38:55,204.9,4321773
2021-05-06 09:38:56,204.9,4323444
2021-05-06 09:38:57,204.95,4323656
2021-05-06 09:38:59,204.95,4323913
2021-05-06 09:39:00,204.95,4326005
2021-05-06 09:39:01,204.95,4326005
2021-05-06 09:39:02,204.85,4327101
2021-05-06 09:39:03,204.9,4327204
2021-05-06 09:39:04,204.85,4327216
2021-05-06 09:39:05,204.9,4327277
2021-05-06 09:39:06,205.0,4334451
2021-05-06 09:39:07,205.0,4334451
2021-05-06 09:39:08,204.9,4335488
2021-05-06 09:39:09,205.0,4335489
2021-05-06 09:39:10,204.9,4335689
2021-05-06 09:39:11,204.9,4335941
2021-05-06 09:39:12,204.9,4336808
2021-05-06 09:39:13,204.95,4343129
2021-05-06 09:39:14,205.0,4343133
2021-05-06 09:39:15,205.0,4343151
2021-05-06 09:39:16,204.9,4343354
2021-05-06 09:39:17,204.9,4344464
2021-05-06 09:39:18,205.0,4345178
2021-05-06 09:39:19,205.0,4345796
2021-05-06 09:39:20,204.95,4345973
2021-05-06 09:39:21,204.9,4347746
2021-05-06 09:39:22,205.0,4347903
2021-05-06 09:39:23,205.0,4347941
2021-05-06 09:39:24,204.9,4348191
2021-05-06 09:39:25,204.9,4348241
2021-05-06 09:39:26,204.95,4354054
2021-05-06 09:39:27,204.95,4354054
2021-05-06 09:39:28,204.9,4354105
2021-05-06 09:39:29,204.95,4354131
2021-05-06 09:39:30,204.9,4354231
2021-05-06 09:39:31,204.85,4354856
2021-05-06 09:39:32,204.95,4371371
2021-05-06 09:39:33,204.85,4371871
2021-05-06 09:39:34,204.85,4372371
2021-05-06 09:39:34,204.85,4372771
2021-05-06 09:39:36,204.95,4373841
2021-05-06 09:39:37,204.9,4374046
2021-05-06 09:39:38,204.9,4374650
2021-05-06 09:39:39,204.95,4377385
2021-05-06 09:39:40,204.95,4377940
2021-05-06 09:39:41,204.9,4379372
2021-05-06 09:39:42,204.9,4379402
2021-05-06 09:39:43,204.9,4379454
2021-05-06 09:39:44,204.9,4379556
2021-05-06 09:39:45,204.9,4388096
2021-05-06 09:39:46,204.95,4388246
2021-05-06 09:39:47,204.85,4388280
2021-05-06 09:39:48,204.9,4388394
2021-05-06 09:39:49,204.9,4388540
2021-05-06 09:39:50,204.9,4388840
2021-05-06 09:39:51,204.9,4388846
2021-05-06 09:39:52,204.85,4388976
2021-05-06 09:39:53,204.9,4390479
2021-05-06 09:39:54,204.9,4390479
2021-05-06 09:39:55,204.85,4390594
2021-05-06 09:39:55,204.85,4390594
2021-05-06 09:39:56,204.85,4390716
2021-05-06 09:39:57,204.85,4391336
2021-05-06 09:39:58,204.9,4391598
2021-05-06 09:39:59,204.85,4396407
2021-05-06 09:40:00,204.8,4396707
2021-05-06 09:40:01,204.9,4396708
2021-05-06 09:40:02,204.8,4397061
2021-05-06 09:40:03,204.9,4397490
2021-05-06 09:40:04,204.9,4397745
2021-05-06 09:40:06,204.85,4398004
2021-05-06 09:40:07,204.8,4398285
2021-05-06 09:40:08,204.85,4398923
2021-05-06 09:40:09,204.8,4398943
2021-05-06 09:40:10,204.85,4398973
2021-05-06 09:40:11,204.85,4400417
2021-05-06 09:40:12,204.85,4400417
2021-05-06 09:40:13,204.8,4400489
2021-05-06 09:40:14,204.85,4403689
2021-05-06 09:40:15,204.85,4404299
2021-05-06 09:40:16,204.9,4405307
2021-05-06 09:40:17,204.85,4405427
2021-05-06 09:40:18,204.9,4405828
2021-05-06 09:40:19,204.9,4405882
2021-05-06 09:40:20,204.8,4418607
2021-05-06 09:40:21,204.85,4418707
2021-05-06 09:40:22,204.85,4418827
2021-05-06 09:40:23,204.85,4418837
2021-05-06 09:40:24,204.8,4418992
2021-05-06 09:40:25,204.9,4419703
2021-05-06 09:40:26,204.8,4419903
2021-05-06 09:40:27,204.9,4420013
2021-05-06 09:40:28,204.8,4420313
2021-05-06 09:40:29,204.9,4420329
2021-05-06 09:40:30,204.85,4420429
2021-05-06 09:40:31,204.85,4420829
2021-05-06 09:40:32,204.8,4421629
2021-05-06 09:40:33,204.8,4422176
2021-05-06 09:40:34,204.85,4422191
2021-05-06 09:40:35,204.7,4436650
2021-05-06 09:40:36,204.75,4437902
2021-05-06 09:40:37,204.7,4441672
2021-05-06 09:40:38,204.55,4450762
2021-05-06 09:40:39,204.55,4450847
2021-05-06 09:40:40,204.65,4450855
2021-05-06 09:40:41,204.55,4451305
2021-05-06 09:40:42,204.55,4451375
2021-05-06 09:40:43,204.55,4453034
2021-05-06 09:40:44,204.6,4453259
2021-05-06 09:40:45,204.55,4453759
2021-05-06 09:40:46,204.65,4464818
2021-05-06 09:40:47,204.55,4469817
2021-05-06 09:40:48,204.65,4470432
2021-05-06 09:40:49,204.55,4470708
2021-05-06 09:40:50,204.6,4472429
2021-05-06 09:40:51,204.7,4477064
2021-05-06 09:40:52,204.65,4477389
2021-05-06 09:40:53,204.65,4477705
2021-05-06 09:40:54,204.65,4478221
2021-05-06 09:40:55,204.65,4478437
2021-05-06 09:40:56,204.65,4478999
2021-05-06 09:40:57,204.65,4482122
2021-05-06 09:40:58,204.65,4483259
2021-05-06 09:40:59,204.75,4485666
2021-05-06 09:41:00,204.75,4486166
2021-05-06 09:41:02,204.8,4491300
2021-05-06 09:41:03,204.7,4491855
2021-05-06 09:41:04,204.7,4491875
2021-05-06 09:41:05,204.8,4492925
2021-05-06 09:41:06,204.75,4493845
2021-05-06 09:41:07,204.7,4494881
2021-05-06 09:41:08,204.8,4494911
2021-05-06 09:41:09,204.7,4494942
2021-05-06 09:41:10,204.7,4494970
2021-05-06 09:41:11,204.7,4497651
2021-05-06 09:41:12,204.7,4500307
2021-05-06 09:41:13,204.75,4500828
2021-05-06 09:41:14,204.75,4500856
2021-05-06 09:41:15,204.75,4500946
2021-05-06 09:41:16,204.7,4501147
2021-05-06 09:41:17,204.7,4501689
2021-05-06 09:41:18,204.75,4501989
2021-05-06 09:41:19,204.7,4502439
2021-05-06 09:41:20,204.7,4502949
2021-05-06 09:41:21,204.75,4502975
2021-05-06 09:41:22,204.7,4503180
2021-05-06 09:41:24,204.8,4504785
2021-05-06 09:41:25,204.8,4505135
2021-05-06 09:41:26,204.8,4505172
2021-05-06 09:41:27,204.8,4505294
2021-05-06 09:41:28,204.8,4505898
2021-05-06 09:41:29,204.75,4506051
2021-05-06 09:41:30,204.8,4506714
2021-05-06 09:41:31,204.8,4509005
2021-05-06 09:41:32,204.7,4509621
2021-05-06 09:41:33,204.75,4509642
2021-05-06 09:41:34,204.75,4509642
2021-05-06 09:41:35,204.75,4509999
2021-05-06 09:41:36,204.7,4510092
2021-05-06 09:41:37,204.8,4516607
2021-05-06 09:41:38,204.8,4516625
2021-05-06 09:41:39,204.8,4518775
2021-05-06 09:41:40,204.8,4518989
2021-05-06 09:41:42,204.8,4520094
2021-05-06 09:41:41,204.8,4520094
2021-05-06 09:41:43,204.8,4520597
2021-05-06 09:41:44,204.75,4520663
2021-05-06 09:41:45,204.7,4521813
2021-05-06 09:41:46,204.75,4521824
2021-05-06 09:41:47,204.8,4521950
2021-05-06 09:41:48,204.75,4522160
2021-05-06 09:41:49,204.75,4522904
2021-05-06 09:41:51,204.75,4523931
2021-05-06 09:41:52,204.7,4528537
2021-05-06 09:41:53,204.7,4528678
2021-05-06 09:41:54,204.7,4529185
2021-05-06 09:41:55,204.7,4529362
2021-05-06 09:41:56,204.7,4529362
2021-05-06 09:41:57,204.7,4529751
2021-05-06 09:41:58,204.75,4533083
2021-05-06 09:41:59,204.8,4534173
2021-05-06 09:42:00,204.8,4534174
2021-05-06 09:42:01,204.75,4534299
2021-05-06 09:42:02,204.8,4534318
2021-05-06 09:42:03,204.75,4534669
2021-05-06 09:42:04,204.75,4534687
2021-05-06 09:42:05,204.85,4539678
2021-05-06 09:42:06,204.8,4539694
2021-05-06 09:42:07,204.9,4540699
2021-05-06 09:42:08,204.9,4540702
2021-05-06 09:42:09,204.8,4541176
2021-05-06 09:42:10,204.9,4541247
2021-05-06 09:42:11,204.95,4562903
2021-05-06 09:42:12,204.95,4563404
2021-05-06 09:42:14,204.95,4563550
2021-05-06 09:42:15,204.95,4564607
2021-05-06 09:42:17,204.95,4565997
2021-05-06 09:42:17,204.95,4565997
2021-05-06 09:42:18,204.95,4566828
2021-05-06 09:42:19,204.95,4567328
2021-05-06 09:42:20,204.95,4567630
2021-05-06 09:42:21,204.9,4567854
2021-05-06 09:42:22,204.95,4567867
2021-05-06 09:42:23,204.95,4568030
2021-05-06 09:42:24,204.9,4568199
2021-05-06 09:42:25,204.95,4568349
2021-05-06 09:42:26,204.95,4568409
2021-05-06 09:42:27,204.95,4570310
2021-05-06 09:42:28,204.95,4570427
2021-05-06 09:42:29,204.9,4570437
2021-05-06 09:42:30,204.9,4570731
2021-05-06 09:42:31,204.85,4572182
2021-05-06 09:42:33,204.95,4572424
2021-05-06 09:42:33,204.9,4572425
2021-05-06 09:42:34,204.95,4574424
2021-05-06 09:42:35,204.85,4574539
2021-05-06 09:42:36,204.85,4574939
2021-05-06 09:42:37,204.85,4574971
2021-05-06 09:42:38,204.85,4575128
2021-05-06 09:42:39,204.85,4575471
2021-05-06 09:42:40,204.95,4576121
2021-05-06 09:42:41,204.9,4576630
2021-05-06 09:42:43,204.9,4584121
2021-05-06 09:42:43,204.9,4584141
2021-05-06 09:42:44,204.85,4584997
2021-05-06 09:42:45,204.85,4585147
2021-05-06 09:42:46,204.9,4585996
2021-05-06 09:42:47,204.9,4586534
2021-05-06 09:42:48,204.8,4587139
2021-05-06 09:42:49,204.85,4588489
2021-05-06 09:42:50,204.9,4588606
2021-05-06 09:42:52,204.85,4598028
2021-05-06 09:42:52,204.85,4598018
2021-05-06 09:42:53,204.75,4598458
2021-05-06 09:42:54,204.75,4604974
2021-05-06 09:42:55,204.75,4606183
2021-05-06 09:42:56,204.85,4606226
2021-05-06 09:42:57,204.85,4607158
2021-05-06 09:42:58,204.85,4607222
2021-05-06 09:43:01,204.85,4608691
2021-05-06 09:43:01,204.85,4608691
2021-05-06 09:43:02,204.85,4609311
2021-05-06 09:43:03,204.85,4609315
2021-05-06 09:43:04,204.85,4609661
2021-05-06 09:43:05,204.85,4610171
2021-05-06 09:43:06,204.8,4610275
2021-05-06 09:43:07,204.85,4610315
2021-05-06 09:43:08,204.8,4610525
2021-05-06 09:43:09,204.75,4610533
2021-05-06 09:43:10,204.75,4610833
2021-05-06 09:43:11,204.75,4610873
2021-05-06 09:43:12,204.85,4611612
2021-05-06 09:43:13,204.75,4611652
2021-05-06 09:43:14,204.75,4612223
2021-05-06 09:43:16,204.85,4613452
2021-05-06 09:43:16,204.85,4614965
2021-05-06 09:43:18,204.85,4614969
2021-05-06 09:43:18,204.85,4614969
2021-05-06 09:43:19,204.8,4614971
2021-05-06 09:43:20,204.85,4615102
2021-05-06 09:43:21,204.8,4615287
2021-05-06 09:43:22,204.85,4615307
2021-05-06 09:43:23,204.8,4616068
2021-05-06 09:43:24,204.85,4616188
2021-05-06 09:43:25,204.85,4616270
2021-05-06 09:43:26,204.8,4616285
2021-05-06 09:43:27,204.85,4616360
2021-05-06 09:43:28,204.85,4616360
2021-05-06 09:43:29,204.85,4616560
2021-05-06 09:43:30,204.85,4616560
2021-05-06 09:43:32,204.85,4616762
2021-05-06 09:43:32,204.85,4616812
2021-05-06 09:43:33,204.85,4617036
2021-05-06 09:43:34,204.85,4617266
2021-05-06 09:43:35,204.85,4617816
2021-05-06 09:43:36,204.85,4618051
2021-05-06 09:43:37,204.85,4619216
2021-05-06 09:43:38,204.85,4619268
2021-05-06 09:43:39,204.85,4619507
2021-05-06 09:43:40,204.95,4644559
2021-05-06 09:43:41,204.95,4644559
2021-05-06 09:43:42,204.9,4644604
2021-05-06 09:43:44,204.85,4644694
2021-05-06 09:43:44,204.85,4644694
2021-05-06 09:43:45,204.85,4645804
2021-05-06 09:43:47,204.85,4646136
2021-05-06 09:43:48,204.85,4646136
2021-05-06 09:43:49,204.85,4646382
2021-05-06 09:43:50,204.75,4647068
2021-05-06 09:43:51,204.85,4647578
2021-05-06 09:43:52,204.85,4647578
2021-05-06 09:43:53,204.85,4649383
2021-05-06 09:43:54,204.9,4649665
2021-05-06 09:43:55,204.85,4649716
2021-05-06 09:43:56,204.85,4649740
2021-05-06 09:43:57,204.85,4649740
2021-05-06 09:43:58,204.85,4649940
2021-05-06 09:43:59,204.95,4650392
2021-05-06 09:44:00,204.85,4650892
2021-05-06 09:44:01,204.95,4651302
2021-05-06 09:44:02,204.85,4651416
2021-05-06 09:44:03,204.85,4651526
2021-05-06 09:44:04,204.85,4651878
2021-05-06 09:44:06,204.95,4653108
2021-05-06 09:44:07,204.95,4655063
2021-05-06 09:44:08,204.95,4655265
2021-05-06 09:44:09,204.9,4655267
2021-05-06 09:44:10,204.9,4655348
2021-05-06 09:44:11,204.95,4655398
2021-05-06 09:44:12,204.95,4655508
2021-05-06 09:44:13,204.95,4655524
2021-05-06 09:44:14,204.95,4657274
2021-05-06 09:44:15,204.9,4659434
2021-05-06 09:44:16,204.95,4659859
2021-05-06 09:44:17,204.95,4659870
2021-05-06 09:44:18,204.95,4659975
2021-05-06 09:44:19,204.9,4660520
2021-05-06 09:44:20,204.95,4660572
2021-05-06 09:44:21,204.9,4660872
2021-05-06 09:44:23,204.95,4661316
2021-05-06 09:44:24,204.95,4661418
2021-05-06 09:44:25,204.9,4661558
2021-05-06 09:44:27,204.95,4662126
2021-05-06 09:44:28,204.95,4663236
2021-05-06 09:44:29,204.9,4663254
2021-05-06 09:44:29,204.9,4663254
2021-05-06 09:44:30,204.95,4663898
2021-05-06 09:44:31,204.95,4664429
2021-05-06 09:44:32,204.9,4664672
2021-05-06 09:44:33,204.9,4664675
2021-05-06 09:44:34,204.95,4664682
2021-05-06 09:44:35,204.95,4664922
2021-05-06 09:44:36,204.95,4667690
2021-05-06 09:44:37,204.95,4668206
2021-05-06 09:44:39,204.9,4668548
2021-05-06 09:44:40,205.0,4668959
2021-05-06 09:44:41,205.0,4669514
2021-05-06 09:44:42,205.0,4669946
2021-05-06 09:44:43,205.0,4670746
2021-05-06 09:44:44,205.0,4670758
2021-05-06 09:44:46,204.95,4672867
2021-05-06 09:44:47,205.0,4673127
2021-05-06 09:44:48,205.0,4673171
2021-05-06 09:44:51,205.0,4675844
2021-05-06 09:44:52,205.0,4675895
2021-05-06 09:44:53,205.0,4676476
2021-05-06 09:44:54,205.0,4676580
2021-05-06 09:44:54,205.0,4676579
2021-05-06 09:44:55,205.0,4679932
2021-05-06 09:44:56,205.0,4679974
2021-05-06 09:44:57,204.95,4681024
2021-05-06 09:44:59,204.9,4696309
2021-05-06 09:44:58,205.0,4696278
2021-05-06 09:45:00,205.0,4696826
2021-05-06 09:45:01,204.95,4697025
2021-05-06 09:45:02,204.95,4703023
2021-05-06 09:45:03,204.95,4703315
2021-05-06 09:45:05,204.95,4703820
2021-05-06 09:45:06,205.0,4703875
2021-05-06 09:45:06,204.9,4703936
2021-05-06 09:45:07,204.9,4704092
2021-05-06 09:45:08,205.0,4704940
2021-05-06 09:45:09,205.0,4704970
2021-05-06 09:45:10,205.0,4704990
2021-05-06 09:45:11,205.0,4705367
2021-05-06 09:45:12,205.0,4707921
2021-05-06 09:45:14,204.95,4709671
2021-05-06 09:45:15,204.95,4709872
2021-05-06 09:45:16,204.95,4709873
2021-05-06 09:45:17,204.95,4709896
2021-05-06 09:45:18,205.0,4710046
2021-05-06 09:45:18,205.0,4710046
2021-05-06 09:45:19,205.0,4710596
2021-05-06 09:45:20,205.0,4710718
2021-05-06 09:45:21,205.0,4712418
2021-05-06 09:45:22,205.0,4712980
2021-05-06 09:45:23,205.0,4713384
2021-05-06 09:45:24,204.9,4715248
2021-05-06 09:45:25,204.95,4715489
2021-05-06 09:45:26,204.9,4715909
2021-05-06 09:45:28,205.0,4716929
2021-05-06 09:45:29,205.0,4717229
2021-05-06 09:45:30,204.9,4717705
2021-05-06 09:45:30,204.9,4717705
2021-05-06 09:45:31,204.9,4717939
2021-05-06 09:45:32,204.95,4718359
2021-05-06 09:45:33,204.95,4720015
2021-05-06 09:45:35,204.95,4720058
2021-05-06 09:45:36,204.9,4720458
2021-05-06 09:45:37,204.95,4720621
2021-05-06 09:45:38,204.95,4720624
2021-05-06 09:45:39,204.95,4721630
2021-05-06 09:45:40,204.9,4722784
2021-05-06 09:45:40,204.9,4722784
2021-05-06 09:45:42,205.0,4723590
2021-05-06 09:45:43,204.9,4723931
2021-05-06 09:45:43,204.9,4723931
2021-05-06 09:45:44,204.9,4724481
2021-05-06 09:45:45,204.95,4724531
2021-05-06 09:45:46,205.0,4724968
2021-05-06 09:45:47,205.0,4724968
2021-05-06 09:45:48,204.95,4725269
2021-05-06 09:45:49,204.9,4731180
2021-05-06 09:45:50,204.95,4755547
2021-05-06 09:45:51,204.9,4755770
2021-05-06 09:45:53,204.9,4755871
2021-05-06 09:45:53,204.9,4755871
2021-05-06 09:45:54,204.85,4756671
2021-05-06 09:45:55,204.9,4757193
2021-05-06 09:45:56,204.85,4757243
2021-05-06 09:45:57,204.85,4757329
2021-05-06 09:45:58,204.9,4758389
2021-05-06 09:45:59,204.9,4758600
2021-05-06 09:46:00,204.9,4758600
2021-05-06 09:46:01,204.8,4758850
2021-05-06 09:46:02,204.9,4759010
2021-05-06 09:46:03,204.85,4759062
2021-05-06 09:46:05,204.85,4759507
2021-05-06 09:46:06,204.85,4759764
2021-05-06 09:46:07,204.9,4761370
2021-05-06 09:46:07,204.9,4761370
2021-05-06 09:46:08,204.9,4761372
2021-05-06 09:46:09,204.9,4762128
2021-05-06 09:46:10,204.95,4762330
2021-05-06 09:46:11,204.95,4762330
2021-05-06 09:46:12,204.9,4762870
2021-05-06 09:46:13,204.95,4763431
2021-05-06 09:46:14,204.95,4763496
2021-05-06 09:46:15,204.9,4763996
2021-05-06 09:46:16,205.0,4764246
2021-05-06 09:46:17,204.95,4764247
2021-05-06 09:46:18,204.9,4765349
2021-05-06 09:46:19,204.9,4765349
2021-05-06 09:46:20,204.9,4765349
2021-05-06 09:46:21,204.9,4765380
2021-05-06 09:46:22,204.95,4765381
2021-05-06 09:46:24,204.95,4765800
2021-05-06 09:46:27,204.9,4766770
2021-05-06 09:46:30,204.95,4767148
2021-05-06 09:46:32,204.95,4767260
2021-05-06 09:46:36,204.95,4767905
2021-05-06 09:46:39,204.9,4768907
2021-05-06 09:46:42,204.95,4769543
2021-05-06 09:46:44,204.95,4770864
2021-05-06 09:46:47,204.95,4771416
2021-05-06 09:46:50,204.9,4777739
2021-05-06 09:46:52,204.95,4778466
2021-05-06 09:46:55,204.9,4778919
2021-05-06 09:46:58,204.9,4780712
2021-05-06 09:47:01,204.95,4781732
2021-05-06 09:47:04,204.9,4782244
2021-05-06 09:47:06,204.95,4786390
2021-05-06 09:47:09,204.95,4786870
2021-05-06 09:47:12,204.9,4789573
2021-05-06 09:47:15,204.9,4789907
2021-05-06 09:47:17,204.85,4790716
2021-05-06 09:47:20,204.9,4791378
2021-05-06 09:47:22,204.85,4791783
2021-05-06 09:47:25,204.8,4793784
2021-05-06 09:47:27,204.85,4794337
2021-05-06 09:47:30,204.8,4794946
2021-05-06 09:47:33,204.8,4798428
2021-05-06 09:47:35,204.75,4799464
2021-05-06 09:47:38,204.8,4799677
2021-05-06 09:47:41,204.75,4800292
2021-05-06 09:47:43,204.8,4804206
2021-05-06 09:47:46,204.8,4807850
2021-05-06 09:47:49,204.8,4808460
2021-05-06 09:47:52,204.75,4810703
2021-05-06 09:47:55,204.75,4811909
2021-05-06 09:47:58,204.75,4814412
2021-05-06 09:48:00,204.8,4816163
2021-05-06 09:48:02,204.8,4818316
2021-05-06 09:48:05,204.75,4821009
2021-05-06 09:48:07,204.75,4821770
2021-05-06 09:48:10,204.8,4822742
2021-05-06 09:48:13,204.8,4823409
2021-05-06 09:48:16,204.8,4825684
2021-05-06 09:48:19,204.75,4826463
2021-05-06 09:48:21,204.85,4827200
2021-05-06 09:48:24,204.8,4829340
2021-05-06 09:48:26,204.75,4832327
2021-05-06 09:48:29,204.8,4832630
2021-05-06 09:48:32,204.8,4834695
2021-05-06 09:48:35,204.75,4836096
2021-05-06 09:48:38,204.85,4842382
2021-05-06 09:48:40,204.85,4844227
2021-05-06 09:48:43,204.95,4857387
2021-05-06 09:48:46,204.95,4857622
2021-05-06 09:48:48,204.95,4862032
2021-05-06 09:48:51,204.9,4862433
2021-05-06 09:48:53,205.0,4864969
2021-05-06 09:48:56,204.95,4866422
2021-05-06 09:48:58,205.0,4868488
2021-05-06 09:49:01,205.0,4870374
2021-05-06 09:49:03,205.0,4873530
2021-05-06 09:49:05,205.0,4874800
2021-05-06 09:49:08,205.0,4875012
2021-05-06 09:49:10,205.0,4875933
2021-05-06 09:49:13,205.0,4877453
2021-05-06 09:49:15,205.0,4878024
2021-05-06 09:49:18,205.05,4916703
2021-05-06 09:49:21,205.1,4918627
2021-05-06 09:49:23,205.1,4935778
2021-05-06 09:49:26,205.2,4944973
2021-05-06 09:49:28,205.2,4946424
2021-05-06 09:49:31,205.2,4949248
2021-05-06 09:49:33,205.2,4950845
2021-05-06 09:49:36,205.2,4962026
2021-05-06 09:49:38,205.15,4966074
2021-05-06 09:49:41,205.1,4978943
2021-05-06 09:49:44,205.1,4979828
2021-05-06 09:49:47,205.0,4986768
2021-05-06 09:49:50,205.1,4987622
2021-05-06 09:49:53,205.1,4989953
2021-05-06 09:49:58,205.1,4995299
2021-05-06 09:50:01,204.95,5013599
2021-05-06 09:50:03,204.95,5015219
2021-05-06 09:50:06,204.95,5019847
2021-05-06 09:50:09,205.0,5020669
2021-05-06 09:50:11,205.0,5022840
2021-05-06 09:50:14,205.0,5024976
2021-05-06 09:50:17,204.95,5025577
2021-05-06 09:50:20,205.0,5027419
2021-05-06 09:50:22,205.0,5029291
2021-05-06 09:50:25,204.95,5031729
2021-05-06 09:50:28,204.95,5033667
2021-05-06 09:50:30,204.85,5045803
2021-05-06 09:50:33,204.9,5052350
2021-05-06 09:50:36,204.85,5052463
2021-05-06 09:50:38,204.95,5055372
2021-05-06 09:50:41,204.95,5055532
2021-05-06 09:50:43,204.95,5055882
2021-05-06 09:50:46,204.9,5056093
2021-05-06 09:50:49,204.85,5058106
2021-05-06 09:50:52,204.85,5060394
2021-05-06 09:50:55,204.95,5061018
2021-05-06 09:50:58,204.85,5061189
2021-05-06 09:51:00,204.9,5061844
2021-05-06 09:51:03,204.85,5062387
2021-05-06 09:51:05,204.9,5062411
2021-05-06 09:51:08,204.8,5065790
2021-05-06 09:51:11,204.85,5066228
2021-05-06 09:51:14,204.9,5066451
2021-05-06 09:51:16,204.85,5067136
2021-05-06 09:51:19,204.85,5070421
2021-05-06 09:51:21,204.75,5071455
2021-05-06 09:51:24,204.85,5071795
2021-05-06 09:51:27,204.8,5072249
2021-05-06 09:51:29,204.8,5104142
2021-05-06 09:51:31,204.8,5109204
2021-05-06 09:51:36,204.75,5110687
2021-05-06 09:51:39,204.75,5110929
2021-05-06 09:51:41,204.8,5111223
2021-05-06 09:51:44,204.75,5112515
2021-05-06 09:51:46,204.75,5113092
2021-05-06 09:51:48,204.8,5113691
2021-05-06 09:51:51,204.65,5173128
2021-05-06 09:51:54,204.75,5189194
2021-05-06 09:51:56,204.65,5190416
2021-05-06 09:51:59,204.75,5194189
2021-05-06 09:52:01,204.75,5194814
2021-05-06 09:52:03,204.8,5196331
2021-05-06 09:52:06,204.85,5198224
2021-05-06 09:52:08,204.75,5199736
2021-05-06 09:52:11,204.8,5201105
2021-05-06 09:52:13,204.8,5201457
2021-05-06 09:52:16,204.75,5205869
2021-05-06 09:52:19,204.85,5206517
2021-05-06 09:52:23,204.75,5211453
2021-05-06 09:52:26,204.85,5212503
2021-05-06 09:52:29,204.85,5213873
2021-05-06 09:52:32,204.85,5214726
2021-05-06 09:52:34,204.85,5215066
2021-05-06 09:52:36,204.85,5215299
2021-05-06 09:52:38,204.8,5215310
2021-05-06 09:52:41,204.9,5219872
2021-05-06 09:52:43,204.9,5220099
2021-05-06 09:52:45,204.8,5220359
2021-05-06 09:52:48,204.8,5220674
2021-05-06 09:52:53,204.9,5223965
2021-05-06 09:52:55,204.85,5224363
2021-05-06 09:52:58,204.85,5224547
2021-05-06 09:53:00,204.9,5225191
2021-05-06 09:53:03,204.9,5226376
2021-05-06 09:53:05,204.8,5227059
2021-05-06 09:53:08,204.9,5227518
2021-05-06 09:53:10,204.9,5228619
2021-05-06 09:53:13,204.9,5230292
2021-05-06 09:53:18,204.95,5231398
2021-05-06 09:53:21,204.9,5231957
2021-05-06 09:53:23,204.85,5235224
2021-05-06 09:53:26,205.0,5236794
2021-05-06 09:53:28,204.85,5236819
2021-05-06 09:53:31,205.0,5237454
2021-05-06 09:53:33,205.0,5239060
2021-05-06 09:53:38,204.85,5241844
2021-05-06 09:53:40,204.95,5241873
2021-05-06 09:53:42,204.95,5242535
2021-05-06 09:53:44,204.95,5243156
2021-05-06 09:53:47,204.95,5243207
2021-05-06 09:53:49,204.95,5243860
2021-05-06 09:53:51,204.95,5244130
2021-05-06 09:53:54,204.95,5244370
2021-05-06 09:53:56,204.95,5244374
2021-05-06 09:53:58,204.95,5246225
2021-05-06 09:54:01,204.95,5246750
2021-05-06 09:54:03,204.85,5250824
2021-05-06 09:54:05,204.95,5252164
2021-05-06 09:54:07,204.95,5253456
2021-05-06 09:54:11,204.85,5253506
2021-05-06 09:54:13,204.95,5253593
2021-05-06 09:54:16,204.85,5254324
2021-05-06 09:54:18,204.85,5254416
2021-05-06 09:54:20,204.85,5254566
2021-05-06 09:54:22,204.85,5254905
2021-05-06 09:54:23,204.9,5255339
2021-05-06 09:54:25,204.9,5256785
2021-05-06 09:54:28,204.8,5257015
2021-05-06 09:54:30,204.8,5257719
2021-05-06 09:54:32,204.85,5259110
2021-05-06 09:54:34,204.8,5260355
2021-05-06 09:54:36,204.8,5260407
2021-05-06 09:54:39,204.8,5261044
2021-05-06 09:54:42,204.75,5266687
2021-05-06 09:54:44,204.7,5268915
2021-05-06 09:54:47,204.7,5270937
2021-05-06 09:54:50,204.75,5272079
2021-05-06 09:54:52,204.75,5272419
2021-05-06 09:54:54,204.7,5272548
2021-05-06 09:54:56,204.65,5272873
2021-05-06 09:55:01,204.65,5276650
2021-05-06 09:55:04,204.6,5283358
2021-05-06 09:55:07,204.6,5283773
2021-05-06 09:55:10,204.6,5284938
2021-05-06 09:55:12,204.6,5286674
2021-05-06 09:55:15,204.75,5287780
2021-05-06 09:55:17,204.65,5289282
2021-05-06 09:55:20,204.75,5289413
2021-05-06 09:55:22,204.6,5290058
2021-05-06 09:55:26,204.6,5291583
2021-05-06 09:55:29,204.65,5292118
2021-05-06 09:55:31,204.7,5292852
2021-05-06 09:55:34,204.6,5293522
2021-05-06 09:55:37,204.65,5295179
2021-05-06 09:55:39,204.65,5296836
2021-05-06 09:55:42,204.7,5297523
2021-05-06 09:55:45,204.65,5298574
2021-05-06 09:55:47,204.7,5299277
2021-05-06 09:55:49,204.7,5299359
2021-05-06 09:55:51,204.65,5299422
2021-05-06 09:55:54,204.6,5300137
2021-05-06 09:55:56,204.7,5300349
2021-05-06 09:55:58,204.6,5300581
2021-05-06 09:56:01,204.6,5301161
2021-05-06 09:56:04,204.65,5302370
2021-05-06 09:56:06,204.6,5304025
2021-05-06 09:56:08,204.7,5304751
2021-05-06 09:56:11,204.7,5304905
2021-05-06 09:56:13,204.6,5360288
2021-05-06 09:56:15,204.65,5361537
2021-05-06 09:56:17,204.65,5361580
2021-05-06 09:56:19,204.5,5362782
2021-05-06 09:56:22,204.6,5363915
2021-05-06 09:56:24,204.3,5387489
2021-05-06 09:56:27,204.3,5390936
2021-05-06 09:56:29,204.45,5392284
2021-05-06 09:56:31,204.5,5392762
2021-05-06 09:56:33,204.35,5393522
2021-05-06 09:56:35,204.45,5394194
2021-05-06 09:56:38,204.4,5394521
2021-05-06 09:56:40,204.35,5395232
2021-05-06 09:56:42,204.45,5399803
2021-05-06 09:56:44,204.5,5400954
2021-05-06 09:56:47,204.4,5402339
2021-05-06 09:56:49,204.5,5403710
2021-05-06 09:56:51,204.4,5405686
2021-05-06 09:56:53,204.45,5411740
2021-05-06 09:56:56,204.5,5413077
2021-05-06 09:56:58,204.45,5415593
2021-05-06 09:57:00,204.5,5417220
2021-05-06 09:57:03,204.45,5418454
2021-05-06 09:57:05,204.4,5420457
2021-05-06 09:57:07,204.45,5420703
2021-05-06 09:57:09,204.35,5423271
2021-05-06 09:57:12,204.4,5425679
2021-05-06 09:57:14,204.4,5427058
2021-05-06 09:57:17,204.35,5427487
2021-05-06 09:57:19,204.45,5430002
2021-05-06 09:57:21,204.3,5432166
2021-05-06 09:57:23,204.35,5436045
2021-05-06 09:57:26,204.35,5442369
2021-05-06 09:57:29,204.35,5442798
2021-05-06 09:57:32,204.35,5445004
2021-05-06 09:57:35,204.35,5446551
2021-05-06 09:57:38,204.4,5447685
2021-05-06 09:57:41,204.45,5452182
2021-05-06 09:57:43,204.35,5458210
2021-05-06 09:57:46,204.4,5458372
2021-05-06 09:57:48,204.35,5458902
2021-05-06 09:57:50,204.35,5459656
2021-05-06 09:57:52,204.35,5460338
2021-05-06 09:57:55,204.35,5460492
2021-05-06 09:57:57,204.45,5460607
2021-05-06 09:57:59,204.4,5461267
2021-05-06 09:58:01,204.3,5464741
2021-05-06 09:58:04,204.45,5465255
2021-05-06 09:58:07,204.4,5466203
2021-05-06 09:58:09,204.4,5467723
2021-05-06 09:58:12,204.4,5468111
2021-05-06 09:58:15,204.4,5469809
2021-05-06 09:58:17,204.4,5472418
2021-05-06 09:58:19,204.4,5474586
2021-05-06 09:58:21,204.4,5475596
2021-05-06 09:58:23,204.35,5476647
2021-05-06 09:58:25,204.35,5476647
2021-05-06 09:58:28,204.4,5478254
2021-05-06 09:58:30,204.3,5479231
2021-05-06 09:58:35,204.35,5482066
2021-05-06 09:58:37,204.3,5482128
2021-05-06 09:58:40,204.35,5482357
2021-05-06 09:58:42,204.3,5482916
2021-05-06 09:58:45,204.35,5483074
2021-05-06 09:58:47,204.35,5483823
2021-05-06 09:58:50,204.3,5484147
2021-05-06 09:58:52,204.35,5484634
2021-05-06 09:58:55,204.25,5486587
2021-05-06 09:58:57,204.25,5487317
2021-05-06 09:58:59,204.3,5487802
2021-05-06 09:59:01,204.35,5489467
2021-05-06 09:59:04,204.3,5489692
2021-05-06 09:59:06,204.3,5490015
2021-05-06 09:59:11,204.3,5495220
2021-05-06 09:59:13,204.3,5495935
2021-05-06 09:59:15,204.35,5497698
2021-05-06 09:59:18,204.3,5498178
2021-05-06 09:59:19,204.3,5498753
2021-05-06 09:59:22,204.3,5499153
2021-05-06 09:59:24,204.25,5499428
2021-05-06 09:59:26,204.25,5500408
2021-05-06 09:59:29,204.3,5502039
2021-05-06 09:59:31,204.3,5514183
2021-05-06 09:59:34,204.35,5514394
2021-05-06 09:59:36,204.25,5515329
2021-05-06 09:59:39,204.35,5516584
2021-05-06 09:59:42,204.35,5516940
2021-05-06 09:59:44,204.3,5517255
2021-05-06 09:59:49,204.3,5518069
2021-05-06 09:59:52,204.3,5518567
2021-05-06 09:59:55,204.25,5521162
2021-05-06 09:59:57,204.3,5522216
2021-05-06 09:59:59,204.3,5523068
2021-05-06 10:00:02,204.3,5523897
2021-05-06 10:00:04,204.25,5524372
2021-05-06 10:00:06,204.15,5538661
2021-05-06 10:00:09,204.15,5539671
2021-05-06 10:00:11,204.2,5545256
2021-05-06 10:00:14,204.25,5545306
2021-05-06 10:00:19,204.25,5551623
2021-05-06 10:00:21,204.3,5552130
2021-05-06 10:00:24,204.3,5552485
2021-05-06 10:00:27,204.35,5562144
2021-05-06 10:00:29,204.35,5563139
2021-05-06 10:00:32,204.3,5563609
2021-05-06 10:00:34,204.35,5564743
2021-05-06 10:00:37,204.3,5574486
2021-05-06 10:00:40,204.4,5586307
2021-05-06 10:00:42,204.45,5590021
2021-05-06 10:00:44,204.45,5591274
2021-05-06 10:00:47,204.35,5591579
2021-05-06 10:00:49,204.4,5592201
2021-05-06 10:00:52,204.45,5592312
2021-05-06 10:00:55,204.45,5595878
2021-05-06 10:00:58,204.4,5596405
2021-05-06 10:01:00,204.4,5597302
2021-05-06 10:01:02,204.45,5598558
2021-05-06 10:01:04,204.4,5598568
2021-05-06 10:01:06,204.45,5599016
2021-05-06 10:01:08,204.35,5599060
2021-05-06 10:01:10,204.4,5600161
2021-05-06 10:01:13,204.45,5602218
2021-05-06 10:01:15,204.4,5605210
2021-05-06 10:01:17,204.45,5606765
2021-05-06 10:01:20,204.4,5607694
2021-05-06 10:01:22,204.4,5608039
2021-05-06 10:01:23,204.4,5608064
2021-05-06 10:01:24,204.45,5608114
2021-05-06 10:01:24,204.45,5608114
2021-05-06 10:01:25,204.45,5608155
2021-05-06 10:01:27,204.45,5608739
2021-05-06 10:01:28,204.4,5608939
2021-05-06 10:01:29,204.45,5608967
2021-05-06 10:01:30,204.4,5609027
2021-05-06 10:01:31,204.5,5610081
2021-05-06 10:01:32,204.45,5610206
2021-05-06 10:01:33,204.5,5610546
2021-05-06 10:01:34,204.5,5610546
2021-05-06 10:01:35,204.4,5610821
2021-05-06 10:01:36,204.4,5610821
2021-05-06 10:01:37,204.4,5611122
2021-05-06 10:01:38,204.4,5611756
2021-05-06 10:01:40,204.35,5612512
2021-05-06 10:01:39,204.4,5612511
2021-05-06 10:01:41,204.35,5613098
2021-05-06 10:01:42,204.4,5613341
2021-05-06 10:01:43,204.4,5613341
2021-05-06 10:01:44,204.4,5613341
2021-05-06 10:01:45,204.4,5613341
2021-05-06 10:01:46,204.4,5613541
2021-05-06 10:01:47,204.3,5613884
2021-05-06 10:01:48,204.4,5614387
2021-05-06 10:01:49,204.3,5614594
2021-05-06 10:01:50,204.4,5614928
2021-05-06 10:01:51,204.4,5614978
2021-05-06 10:01:52,204.45,5614989
2021-05-06 10:01:53,204.45,5615040
2021-05-06 10:01:54,204.45,5615058
2021-05-06 10:01:55,204.45,5615058
2021-05-06 10:01:56,204.45,5615133
2021-05-06 10:01:57,204.45,5615192
2021-05-06 10:01:58,204.35,5625002
2021-05-06 10:01:59,204.45,5625331
2021-05-06 10:02:00,204.45,5625331
2021-05-06 10:02:01,204.45,5625331
2021-05-06 10:02:02,204.45,5625333
2021-05-06 10:02:03,204.45,5625383
2021-05-06 10:02:04,204.4,5625408
2021-05-06 10:02:05,204.4,5625408
2021-05-06 10:02:06,204.4,5625597
2021-05-06 10:02:07,204.35,5625638
2021-05-06 10:02:08,204.3,5625738
2021-05-06 10:02:09,204.3,5625740
2021-05-06 10:02:10,204.45,5626141
2021-05-06 10:02:11,204.4,5626149
2021-05-06 10:02:13,204.3,5626749
2021-05-06 10:02:14,204.3,5629780
2021-05-06 10:02:15,204.4,5629980
2021-05-06 10:02:16,204.4,5629980
2021-05-06 10:02:17,204.4,5630291
2021-05-06 10:02:18,204.4,5630751
2021-05-06 10:02:19,204.4,5630751
2021-05-06 10:02:20,204.4,5630822
2021-05-06 10:02:21,204.4,5630822
2021-05-06 10:02:22,204.4,5630922
2021-05-06 10:02:23,204.4,5630922
2021-05-06 10:02:24,204.3,5630960
2021-05-06 10:02:25,204.4,5630965
2021-05-06 10:02:26,204.3,5631250
2021-05-06 10:02:27,204.3,5631866
2021-05-06 10:02:28,204.3,5633267
2021-05-06 10:02:29,204.4,5633406
2021-05-06 10:02:30,204.4,5633416
2021-05-06 10:02:32,204.3,5633609
2021-05-06 10:02:33,204.4,5634628
2021-05-06 10:02:34,204.3,5635414
2021-05-06 10:02:35,204.3,5635514
2021-05-06 10:02:36,204.45,5636515
2021-05-06 10:02:37,204.45,5636515
2021-05-06 10:02:38,204.3,5636565
2021-05-06 10:02:39,204.4,5636649
2021-05-06 10:02:40,204.3,5636674
2021-05-06 10:02:41,204.3,5636974
2021-05-06 10:02:42,204.4,5637724
2021-05-06 10:02:44,204.4,5638697
2021-05-06 10:02:45,204.4,5639698
2021-05-06 10:02:46,204.4,5639698
2021-05-06 10:02:47,204.3,5639772
2021-05-06 10:02:48,204.4,5639812
2021-05-06 10:02:49,204.4,5639812
2021-05-06 10:02:50,204.4,5640902
2021-05-06 10:02:51,204.4,5640912
2021-05-06 10:02:52,204.35,5641118
2021-05-06 10:02:53,204.35,5642281
2021-05-06 10:02:55,204.35,5642683
2021-05-06 10:02:54,204.3,5642631
2021-05-06 10:02:56,204.3,5642995
2021-05-06 10:02:57,204.3,5642995
2021-05-06 10:02:58,204.3,5642995
2021-05-06 10:02:59,204.35,5643031
2021-05-06 10:03:01,204.4,5650573
2021-05-06 10:03:02,204.4,5650959
2021-05-06 10:03:04,204.4,5654410
2021-05-06 10:03:05,204.25,5661953
2021-05-06 10:03:06,204.2,5678970
2021-05-06 10:03:07,204.3,5679090
2021-05-06 10:03:08,204.3,5679141
2021-05-06 10:03:09,204.15,5679396
2021-05-06 10:03:10,204.15,5679690
2021-05-06 10:03:11,204.15,5679691
2021-05-06 10:03:12,204.15,5679701
2021-05-06 10:03:13,204.15,5679704
2021-05-06 10:03:14,204.25,5679708
2021-05-06 10:03:15,204.2,5679768
2021-05-06 10:03:16,204.15,5679776
2021-05-06 10:03:17,204.25,5679882
2021-05-06 10:03:18,204.15,5679922
2021-05-06 10:03:19,204.25,5680472
2021-05-06 10:03:20,204.15,5681256
2021-05-06 10:03:21,204.2,5681837
2021-05-06 10:03:22,204.2,5681838
2021-05-06 10:03:23,204.1,5682338
2021-05-06 10:03:24,204.1,5682338
2021-05-06 10:03:25,204.15,5748058
2021-05-06 10:03:26,204.15,5748058
2021-05-06 10:03:27,204.15,5748408
2021-05-06 10:03:28,204.15,5748720
2021-05-06 10:03:29,204.3,5748870
2021-05-06 10:03:30,204.3,5749021
2021-05-06 10:03:31,204.15,5749121
2021-05-06 10:03:32,204.15,5749121
2021-05-06 10:03:33,204.2,5749122
2021-05-06 10:03:34,204.2,5749122
2021-05-06 10:03:35,204.2,5749168
2021-05-06 10:03:37,204.2,5750719
2021-05-06 10:03:38,204.2,5752305
2021-05-06 10:03:38,204.2,5752305
2021-05-06 10:03:39,204.2,5752505
2021-05-06 10:03:41,204.3,5752692
2021-05-06 10:03:41,204.3,5752702
2021-05-06 10:03:42,204.15,5752860
2021-05-06 10:03:43,204.2,5753230
2021-05-06 10:03:44,204.25,5753499
2021-05-06 10:03:45,204.2,5754079
2021-05-06 10:03:46,204.2,5754130
2021-05-06 10:03:47,204.15,5754454
2021-05-06 10:03:48,204.2,5754597
2021-05-06 10:03:49,204.2,5754899
2021-05-06 10:03:50,204.15,5755124
2021-05-06 10:03:51,204.2,5755125
2021-05-06 10:03:53,204.2,5755311
2021-05-06 10:03:53,204.2,5755482
2021-05-06 10:03:55,204.2,5755489
2021-05-06 10:03:55,204.2,5755489
2021-05-06 10:03:56,204.2,5759803
2021-05-06 10:03:57,204.2,5759903
2021-05-06 10:03:58,204.2,5759904
2021-05-06 10:03:59,204.2,5761926
2021-05-06 10:04:00,204.15,5762038
2021-05-06 10:04:01,204.2,5762349
2021-05-06 10:04:02,204.2,5762874
2021-05-06 10:04:03,204.2,5763027
2021-05-06 10:04:04,204.15,5765222
2021-05-06 10:04:06,204.2,5766738
2021-05-06 10:04:06,204.2,5766738
2021-05-06 10:04:07,204.15,5767773
2021-05-06 10:04:08,204.2,5773098
2021-05-06 10:04:10,204.2,5773103
2021-05-06 10:04:10,204.2,5773103
2021-05-06 10:04:12,204.15,5773770
2021-05-06 10:04:12,204.2,5773980
2021-05-06 10:04:14,204.2,5776320
2021-05-06 10:04:15,204.15,5776477
2021-05-06 10:04:15,204.25,5776527
2021-05-06 10:04:16,204.25,5776572
2021-05-06 10:04:18,204.15,5776977
2021-05-06 10:04:18,204.15,5776977
2021-05-06 10:04:20,204.15,5777691
2021-05-06 10:04:20,204.15,5777691
2021-05-06 10:04:22,204.2,5777954
2021-05-06 10:04:23,204.15,5778239
2021-05-06 10:04:23,204.15,5778239
2021-05-06 10:04:24,204.2,5778249
2021-05-06 10:04:25,204.2,5778253
2021-05-06 10:04:26,204.25,5778640
2021-05-06 10:04:28,204.15,5778671
2021-05-06 10:04:27,204.15,5778671
2021-05-06 10:04:29,204.25,5778686
2021-05-06 10:04:30,204.15,5778970
2021-05-06 10:04:31,204.15,5779010
2021-05-06 10:04:32,204.25,5779343
2021-05-06 10:04:33,204.25,5779343
2021-05-06 10:04:34,204.25,5779343
2021-05-06 10:04:35,204.25,5779403
2021-05-06 10:04:36,204.25,5779403
2021-05-06 10:04:37,204.2,5779413
2021-05-06 10:04:38,204.15,5780413
2021-05-06 10:04:39,204.25,5780713
2021-05-06 10:04:40,204.15,5781288
2021-05-06 10:04:41,204.2,5781329
2021-05-06 10:04:43,204.2,5781329
2021-05-06 10:04:43,204.2,5781329
2021-05-06 10:04:44,204.2,5781542
2021-05-06 10:04:45,204.15,5781544
2021-05-06 10:04:46,204.25,5782002
2021-05-06 10:04:47,204.2,5782037
2021-05-06 10:04:48,204.2,5782038
2021-05-06 10:04:49,204.15,5784595
2021-05-06 10:04:50,204.25,5784973
2021-05-06 10:04:51,204.25,5790030
2021-05-06 10:04:52,204.2,5790060
2021-05-06 10:04:53,204.2,5790060
2021-05-06 10:04:54,204.25,5790061
2021-05-06 10:04:55,204.25,5790061
2021-05-06 10:04:56,204.25,5790066
2021-05-06 10:04:57,204.25,5790129
2021-05-06 10:04:58,204.2,5790613
2021-05-06 10:05:00,204.15,5791118
2021-05-06 10:04:59,204.25,5790626
2021-05-06 10:05:01,204.15,5792168
2021-05-06 10:05:02,204.15,5792168
2021-05-06 10:05:03,204.25,5792208
2021-05-06 10:05:04,204.2,5792209
2021-05-06 10:05:05,204.25,5792832
2021-05-06 10:05:06,204.25,5793332
2021-05-06 10:05:07,204.2,5793528
2021-05-06 10:05:08,204.2,5794104
2021-05-06 10:05:09,204.2,5794314
2021-05-06 10:05:10,204.2,5794314
2021-05-06 10:05:11,204.15,5794414
2021-05-06 10:05:12,204.15,5794564
2021-05-06 10:05:15,204.2,5795480
2021-05-06 10:05:15,204.2,5795590
2021-05-06 10:05:16,204.15,5796050
2021-05-06 10:05:17,204.2,5796100
2021-05-06 10:05:18,204.2,5796170
2021-05-06 10:05:20,204.2,5796180
2021-05-06 10:05:21,204.2,5796733
2021-05-06 10:05:22,204.2,5796734
2021-05-06 10:05:23,204.2,5796734
2021-05-06 10:05:24,204.15,5796959
2021-05-06 10:05:25,204.2,5797265
2021-05-06 10:05:26,204.2,5798173
2021-05-06 10:05:27,204.2,5798388
2021-05-06 10:05:28,204.2,5798712
2021-05-06 10:05:29,204.2,5798712
2021-05-06 10:05:30,204.2,5798895
2021-05-06 10:05:31,204.15,5799004
2021-05-06 10:05:32,204.2,5799108
2021-05-06 10:05:33,204.2,5799586
2021-05-06 10:05:34,204.15,5800095
2021-05-06 10:05:35,204.2,5800550
2021-05-06 10:05:37,204.15,5802265
2021-05-06 10:05:38,204.2,5804233
2021-05-06 10:05:39,204.2,5804238
2021-05-06 10:05:40,204.2,5804239
2021-05-06 10:05:41,204.2,5804239
2021-05-06 10:05:42,204.05,5937285
2021-05-06 10:05:43,204.0,5937295
2021-05-06 10:05:44,203.95,5938407
2021-05-06 10:05:45,204.0,5938610
2021-05-06 10:05:46,204.1,5940439
2021-05-06 10:05:47,204.0,5940639
2021-05-06 10:05:48,204.1,5940651
2021-05-06 10:05:49,204.1,5941663
2021-05-06 10:05:50,204.1,5941677
2021-05-06 10:05:51,204.1,5941677
2021-05-06 10:05:53,204.0,5942107
2021-05-06 10:05:53,204.1,5942178
2021-05-06 10:05:55,204.0,5942650
2021-05-06 10:05:56,204.1,5942720
2021-05-06 10:05:57,204.2,5947297
2021-05-06 10:05:58,204.1,5949823
2021-05-06 10:06:00,204.2,5950309
2021-05-06 10:06:00,204.1,5950305
2021-05-06 10:06:01,204.1,5950330
2021-05-06 10:06:02,204.1,5950335
2021-05-06 10:06:04,204.05,5950585
2021-05-06 10:06:05,204.05,5951535
2021-05-06 10:06:06,204.05,5951735
2021-05-06 10:06:07,204.1,5952260
2021-05-06 10:06:08,204.05,5952543
2021-05-06 10:06:09,204.1,5952544
2021-05-06 10:06:09,204.1,5952544
2021-05-06 10:06:10,204.1,5952544
2021-05-06 10:06:11,204.05,5952630
2021-05-06 10:06:13,204.1,5957912
2021-05-06 10:06:14,204.1,5958929
2021-05-06 10:06:15,204.05,5959269
2021-05-06 10:06:16,204.1,5960613
2021-05-06 10:06:17,204.0,5960618
2021-05-06 10:06:20,204.0,5960791
2021-05-06 10:06:21,204.0,5961696
2021-05-06 10:06:22,204.05,5961996
2021-05-06 10:06:23,204.0,5962347
2021-05-06 10:06:24,204.05,5962349
2021-05-06 10:06:25,204.05,5962349
2021-05-06 10:06:26,204.0,5963132
2021-05-06 10:06:27,204.05,5963137
2021-05-06 10:06:28,204.05,5963187
2021-05-06 10:06:29,204.0,5963287
2021-05-06 10:06:31,204.05,5963838
2021-05-06 10:06:31,204.0,5963868
2021-05-06 10:06:32,204.05,5964023
2021-05-06 10:06:34,204.0,5965091
2021-05-06 10:06:35,204.05,5966109
2021-05-06 10:06:35,204.05,5966109
2021-05-06 10:06:36,204.05,5966109
2021-05-06 10:06:37,204.05,5966149
2021-05-06 10:06:38,204.05,5966307
2021-05-06 10:06:39,204.05,5966737
2021-05-06 10:06:40,204.05,5966737
2021-05-06 10:06:41,204.0,5967285
2021-05-06 10:06:43,204.0,5967370
2021-05-06 10:06:44,204.1,5967804
2021-05-06 10:06:44,204.1,5967864
2021-05-06 10:06:45,204.1,5968433
2021-05-06 10:06:47,204.0,5969408
2021-05-06 10:06:48,204.0,5969908
2021-05-06 10:06:49,204.0,5969908
2021-05-06 10:06:50,204.0,5970428
2021-05-06 10:06:51,204.0,5970428
2021-05-06 10:06:52,204.0,5971712
2021-05-06 10:06:53,204.05,5972043
2021-05-06 10:06:54,204.0,5973068
2021-05-06 10:06:55,204.0,5973150
2021-05-06 10:06:56,204.1,5974170
2021-05-06 10:06:58,204.0,5974190
2021-05-06 10:06:59,204.0,5974240
2021-05-06 10:07:00,204.0,5975618
2021-05-06 10:07:01,204.0,5975618
2021-05-06 10:07:01,204.1,5975979
2021-05-06 10:07:03,204.0,5976018
2021-05-06 10:07:04,204.1,5976020
2021-05-06 10:07:05,204.1,5976084
2021-05-06 10:07:06,204.0,5977084
2021-05-06 10:07:06,204.0,5977084
2021-05-06 10:07:07,204.0,5977374
2021-05-06 10:07:08,204.0,5977476
2021-05-06 10:07:09,204.0,5977476
2021-05-06 10:07:10,204.0,5977760
2021-05-06 10:07:11,204.1,5977761
2021-05-06 10:07:12,204.1,5977793
2021-05-06 10:07:13,204.1,5978893
2021-05-06 10:07:15,204.0,5980593
2021-05-06 10:07:16,204.0,5980593
2021-05-06 10:07:17,204.05,5980704
2021-05-06 10:07:17,204.05,5980714
2021-05-06 10:07:18,204.05,5980716
2021-05-06 10:07:19,204.05,5980777
2021-05-06 10:07:20,204.0,5981465
2021-05-06 10:07:22,204.0,5981803
2021-05-06 10:07:23,204.0,5981804
2021-05-06 10:07:24,204.0,5982335
2021-05-06 10:07:25,204.1,5984911
2021-05-06 10:07:26,204.1,5985037
2021-05-06 10:07:27,204.0,5985332
2021-05-06 10:07:28,204.1,5985674
2021-05-06 10:07:29,204.1,5986557
2021-05-06 10:07:29,204.1,5986557
2021-05-06 10:07:31,204.0,5988711
2021-05-06 10:07:31,204.0,5988711
2021-05-06 10:07:32,204.0,5989045
2021-05-06 10:07:34,204.0,5989165
2021-05-06 10:07:35,204.0,5989285
2021-05-06 10:07:35,204.0,5989285
2021-05-06 10:07:36,204.0,5989285
2021-05-06 10:07:37,204.0,5989438
2021-05-06 10:07:38,204.0,5989488
2021-05-06 10:07:39,204.05,5989538
2021-05-06 10:07:41,204.05,5989920
2021-05-06 10:07:42,204.0,5991023
2021-05-06 10:07:43,204.1,5991359
2021-05-06 10:07:45,204.0,5991645
2021-05-06 10:07:46,204.1,5991696
2021-05-06 10:07:47,204.1,5991868
2021-05-06 10:07:48,204.1,5991883
2021-05-06 10:07:49,204.1,5991883
2021-05-06 10:07:50,204.05,5992166
2021-05-06 10:07:51,204.1,5993141
2021-05-06 10:07:52,204.05,5993174
2021-05-06 10:07:53,204.05,5993677
2021-05-06 10:07:54,204.05,5993677
2021-05-06 10:07:55,204.05,5995511
2021-05-06 10:07:56,204.1,5995739
2021-05-06 10:07:58,204.0,5995771
2021-05-06 10:07:59,204.0,5996085
2021-05-06 10:08:00,204.0,5996085
2021-05-06 10:08:01,204.1,5996585
2021-05-06 10:08:01,204.0,5996795
2021-05-06 10:08:02,204.0,5996964
2021-05-06 10:08:03,204.0,5996974
2021-05-06 10:08:04,204.05,5998315
2021-05-06 10:08:05,204.1,5998337
2021-05-06 10:08:06,204.05,5999338
2021-05-06 10:08:07,204.0,6000843
2021-05-06 10:08:08,204.0,6001156
2021-05-06 10:08:10,204.0,6001356
2021-05-06 10:08:11,204.0,6002596
2021-05-06 10:08:12,204.0,6003198
2021-05-06 10:08:13,204.05,6003200
2021-05-06 10:08:14,204.0,6003201
2021-05-06 10:08:15,204.0,6003201
2021-05-06 10:08:16,204.0,6003301
2021-05-06 10:08:16,204.0,6003301
2021-05-06 10:08:17,204.05,6003609
2021-05-06 10:08:18,204.1,6003610
2021-05-06 10:08:19,204.05,6004163
2021-05-06 10:08:20,204.1,6005362
2021-05-06 10:08:21,204.1,6005385
2021-05-06 10:08:22,204.1,6005485
2021-05-06 10:08:23,204.1,6005587
2021-05-06 10:08:24,204.05,6005611
2021-05-06 10:08:25,204.05,6005813
2021-05-06 10:08:26,204.05,6006195
2021-05-06 10:08:27,204.05,6006204
2021-05-06 10:08:28,204.05,6006354
2021-05-06 10:08:30,204.05,6008908
2021-05-06 10:08:30,204.0,6009908
2021-05-06 10:08:31,204.0,6009908
2021-05-06 10:08:33,204.0,6009973
2021-05-06 10:08:34,204.05,6012289
2021-05-06 10:08:35,204.05,6012580
2021-05-06 10:08:36,204.05,6012780
2021-05-06 10:08:37,204.0,6013080
2021-05-06 10:08:38,204.05,6013194
2021-05-06 10:08:39,204.05,6013194
2021-05-06 10:08:40,204.0,6013394
2021-05-06 10:08:41,204.0,6013519
2021-05-06 10:08:41,204.0,6014314
2021-05-06 10:08:42,204.0,6029956
2021-05-06 10:08:43,203.95,6030682
2021-05-06 10:08:44,204.0,6031509
2021-05-06 10:08:45,204.0,6031667
2021-05-06 10:08:46,203.9,6034445
2021-05-06 10:08:47,203.95,6034462
2021-05-06 10:08:48,203.95,6034579
2021-05-06 10:08:49,203.95,6034834
2021-05-06 10:08:50,203.95,6036025
2021-05-06 10:08:51,203.95,6038270
2021-05-06 10:08:52,203.95,6038276
2021-05-06 10:08:54,203.95,6039411
2021-05-06 10:08:55,203.85,6054544
2021-05-06 10:08:56,203.8,6065405
2021-05-06 10:08:57,203.75,6066736
2021-05-06 10:08:58,203.85,6067638
2021-05-06 10:08:59,203.75,6067743
2021-05-06 10:09:00,203.75,6068571
2021-05-06 10:09:01,203.85,6068577
2021-05-06 10:09:01,203.85,6068579
2021-05-06 10:09:03,203.8,6069621
2021-05-06 10:09:04,203.75,6073191
2021-05-06 10:09:04,203.8,6073591
2021-05-06 10:09:05,203.8,6073961
2021-05-06 10:09:06,203.7,6074192
2021-05-06 10:09:07,203.75,6074203
2021-05-06 10:09:09,203.7,6074735
2021-05-06 10:09:09,203.8,6074837
2021-05-06 10:09:10,203.7,6076086
2021-05-06 10:09:12,203.7,6078751
2021-05-06 10:09:13,203.65,6081083
2021-05-06 10:09:14,203.65,6081153
2021-05-06 10:09:15,203.65,6081231
2021-05-06 10:09:15,203.7,6081256
2021-05-06 10:09:16,203.7,6082219
2021-05-06 10:09:17,203.7,6084553
2021-05-06 10:09:18,203.7,6085515
2021-05-06 10:09:19,203.7,6086190
2021-05-06 10:09:21,203.8,6086512
2021-05-06 10:09:22,203.7,6090682
2021-05-06 10:09:23,203.75,6090883
2021-05-06 10:09:24,203.8,6090933
2021-05-06 10:09:25,203.8,6090933
2021-05-06 10:09:25,203.7,6091033
2021-05-06 10:09:26,203.8,6091151
2021-05-06 10:09:28,203.7,6091641
2021-05-06 10:09:29,203.7,6091896
2021-05-06 10:09:30,203.75,6091898
2021-05-06 10:09:31,203.7,6093041
2021-05-06 10:09:32,203.8,6093292
2021-05-06 10:09:33,203.8,6098547
2021-05-06 10:09:33,203.8,6098747
2021-05-06 10:09:34,203.8,6098757
2021-05-06 10:09:36,203.85,6104155
2021-05-06 10:09:37,203.8,6104330
2021-05-06 10:09:38,203.85,6104335
2021-05-06 10:09:40,203.75,6104978
2021-05-06 10:09:41,203.85,6105135
2021-05-06 10:09:41,203.75,6105235
2021-05-06 10:09:43,203.85,6111365
2021-05-06 10:09:44,203.7,6113565
2021-05-06 10:09:45,203.8,6113812
2021-05-06 10:09:46,203.8,6113893
2021-05-06 10:09:47,203.8,6113893
2021-05-06 10:09:49,203.75,6114470
2021-05-06 10:09:51,203.8,6114904
2021-05-06 10:09:54,203.75,6115454
2021-05-06 10:09:55,203.8,6116584
2021-05-06 10:09:56,203.75,6116714
2021-05-06 10:09:57,203.75,6116963
2021-05-06 10:09:58,203.75,6117023
2021-05-06 10:09:59,203.75,6117423
2021-05-06 10:10:00,203.85,6117424
2021-05-06 10:10:01,203.75,6117648
2021-05-06 10:10:02,203.75,6117688
2021-05-06 10:10:03,203.75,6118213
2021-05-06 10:10:04,203.8,6118219
2021-05-06 10:10:05,203.8,6118536
2021-05-06 10:10:06,203.8,6119130
2021-05-06 10:10:07,203.75,6121643
2021-05-06 10:10:08,203.7,6121646
2021-05-06 10:10:09,203.75,6121796
2021-05-06 10:10:10,203.75,6122549
2021-05-06 10:10:11,203.75,6122872
2021-05-06 10:10:12,203.85,6123021
2021-05-06 10:10:13,203.85,6123171
2021-05-06 10:10:14,203.85,6123405
2021-05-06 10:10:15,203.85,6123430
2021-05-06 10:10:16,203.75,6124689
2021-05-06 10:10:17,203.85,6124813
2021-05-06 10:10:17,203.85,6124815
2021-05-06 10:10:19,203.85,6125194
2021-05-06 10:10:20,203.85,6125694
2021-05-06 10:10:21,203.8,6126094
2021-05-06 10:10:21,203.8,6126094
2021-05-06 10:10:23,203.85,6126115
2021-05-06 10:10:24,203.8,6126135
2021-05-06 10:10:25,203.8,6126635
2021-05-06 10:10:26,203.75,6128018
2021-05-06 10:10:27,203.8,6128528
2021-05-06 10:10:28,203.75,6128658
2021-05-06 10:10:29,203.85,6129566
2021-05-06 10:10:30,203.8,6130171
2021-05-06 10:10:31,203.85,6130676
2021-05-06 10:10:32,203.8,6130888
2021-05-06 10:10:33,203.8,6131388
2021-05-06 10:10:34,203.8,6131644
2021-05-06 10:10:34,203.8,6131644
2021-05-06 10:10:35,203.85,6131873
2021-05-06 10:10:36,203.85,6132978
2021-05-06 10:10:38,203.85,6133055
2021-05-06 10:10:39,203.85,6133055
2021-05-06 10:10:40,203.8,6133359
2021-05-06 10:10:41,203.8,6133361
2021-05-06 10:10:42,203.85,6133481
2021-05-06 10:10:43,203.85,6136064
2021-05-06 10:10:44,203.8,6136418
2021-05-06 10:10:45,203.8,6136478
2021-05-06 10:10:45,203.8,6136528
2021-05-06 10:10:46,203.8,6136528
2021-05-06 10:10:47,203.85,6136779
2021-05-06 10:10:49,203.85,6136936
2021-05-06 10:10:50,203.85,6137031
2021-05-06 10:10:50,203.85,6140389
2021-05-06 10:10:51,203.8,6140514
2021-05-06 10:10:53,203.85,6141254
2021-05-06 10:10:54,203.75,6146020
2021-05-06 10:10:55,203.75,6146770
2021-05-06 10:10:56,203.85,6146887
2021-05-06 10:10:57,203.8,6147088
2021-05-06 10:10:58,203.8,6147093
2021-05-06 10:10:59,203.8,6147093
2021-05-06 10:11:00,203.75,6147902
2021-05-06 10:11:01,203.85,6147905
2021-05-06 10:11:02,203.85,6148113
2021-05-06 10:11:03,203.75,6149735
2021-05-06 10:11:04,203.75,6149847
2021-05-06 10:11:04,203.85,6149848
2021-05-06 10:11:06,203.75,6151218
2021-05-06 10:11:07,203.85,6151278
2021-05-06 10:11:08,203.85,6151479
2021-05-06 10:11:10,203.8,6152037
2021-05-06 10:11:10,203.75,6152047
2021-05-06 10:11:11,203.8,6152057
2021-05-06 10:11:12,203.6,6289300
2021-05-06 10:11:14,203.7,6290454
2021-05-06 10:11:15,203.65,6290620
2021-05-06 10:11:16,203.65,6299974
2021-05-06 10:11:17,203.65,6300646
2021-05-06 10:11:18,203.5,6301517
2021-05-06 10:11:19,203.65,6302652
2021-05-06 10:11:20,203.65,6302654
2021-05-06 10:11:21,203.65,6302669
2021-05-06 10:11:22,203.6,6302750
2021-05-06 10:11:23,203.65,6305621
2021-05-06 10:11:24,203.7,6305734
2021-05-06 10:11:25,203.75,6306005
2021-05-06 10:11:26,203.7,6306007
2021-05-06 10:11:27,203.7,6306012
2021-05-06 10:11:28,203.7,6306482
2021-05-06 10:11:29,203.7,6307082
2021-05-06 10:11:30,203.75,6307084
2021-05-06 10:11:31,203.65,6307623
2021-05-06 10:11:32,203.65,6308133
2021-05-06 10:11:33,203.55,6310982
2021-05-06 10:11:34,203.55,6310997
2021-05-06 10:11:35,203.7,6311007
2021-05-06 10:11:36,203.7,6311108
2021-05-06 10:11:37,203.7,6311318
2021-05-06 10:11:37,203.7,6311318
2021-05-06 10:11:39,203.7,6311431
2021-05-06 10:11:40,203.7,6311534
2021-05-06 10:11:42,203.7,6312115
2021-05-06 10:11:43,203.7,6312474
2021-05-06 10:11:44,203.7,6312893
2021-05-06 10:11:45,203.7,6313895
2021-05-06 10:11:46,203.7,6314125
2021-05-06 10:11:47,203.7,6314135
2021-05-06 10:11:48,203.7,6314155
2021-05-06 10:11:49,203.7,6315156
2021-05-06 10:11:50,203.7,6315156
2021-05-06 10:11:51,203.7,6315644
2021-05-06 10:11:52,203.6,6315995
2021-05-06 10:11:53,203.7,6316075
2021-05-06 10:11:54,203.7,6316301
2021-05-06 10:11:55,203.75,6318083
2021-05-06 10:11:56,203.7,6318683
2021-05-06 10:11:57,203.75,6319236
2021-05-06 10:11:58,203.7,6319253
2021-05-06 10:11:59,203.65,6320203
2021-05-06 10:11:59,203.75,6320232
2021-05-06 10:12:01,203.7,6320234
2021-05-06 10:12:02,203.75,6320969
2021-05-06 10:12:03,203.75,6320969
2021-05-06 10:12:04,203.75,6321997
2021-05-06 10:12:05,203.75,6321997
2021-05-06 10:12:06,203.75,6322001
2021-05-06 10:12:07,203.7,6323129
2021-05-06 10:12:08,203.75,6323407
2021-05-06 10:12:09,203.7,6323456
2021-05-06 10:12:10,203.7,6323610
2021-05-06 10:12:11,203.75,6323920
2021-05-06 10:12:12,203.75,6324124
2021-05-06 10:12:13,203.75,6324164
2021-05-06 10:12:14,203.65,6324268
2021-05-06 10:12:16,203.75,6324554
2021-05-06 10:12:15,203.75,6324550
2021-05-06 10:12:17,203.6,6328054
2021-05-06 10:12:18,203.7,6328296
2021-05-06 10:12:19,203.6,6328608
2021-05-06 10:12:20,203.75,6328986
2021-05-06 10:12:21,203.75,6328997
2021-05-06 10:12:22,203.75,6329012
2021-05-06 10:12:23,203.75,6329061
2021-05-06 10:12:24,203.75,6337072
2021-05-06 10:12:26,203.8,6338406
2021-05-06 10:12:27,203.8,6338755
2021-05-06 10:12:28,203.8,6338819
2021-05-06 10:12:29,203.8,6338819
2021-05-06 10:12:30,203.8,6339029
2021-05-06 10:12:31,203.8,6340196
2021-05-06 10:12:32,203.8,6340273
2021-05-06 10:12:33,203.8,6341949
2021-05-06 10:12:34,203.75,6342049
2021-05-06 10:12:35,203.75,6342071
2021-05-06 10:12:36,203.75,6342111
2021-05-06 10:12:37,203.8,6342372
2021-05-06 10:12:38,203.8,6342479
2021-05-06 10:12:39,203.8,6342604
2021-05-06 10:12:40,203.75,6342869
2021-05-06 10:12:41,203.75,6342869
2021-05-06 10:12:42,203.7,6343471
2021-05-06 10:12:43,203.7,6343621
2021-05-06 10:12:45,203.8,6344186
2021-05-06 10:12:44,203.8,6344186
2021-05-06 10:12:46,203.7,6344697
2021-05-06 10:12:47,203.7,6344716
2021-05-06 10:12:48,203.8,6345017
2021-05-06 10:12:49,203.8,6351107
2021-05-06 10:12:50,203.8,6351231
2021-05-06 10:12:51,203.75,6351251
2021-05-06 10:12:52,203.8,6358282
2021-05-06 10:12:54,203.85,6358525
2021-05-06 10:12:55,203.8,6358675
2021-05-06 10:12:56,203.85,6360676
2021-05-06 10:12:57,203.85,6360776
2021-05-06 10:12:58,203.85,6360876
2021-05-06 10:12:59,203.85,6361027
2021-05-06 10:13:00,203.75,6361519
2021-05-06 10:13:01,203.75,6361569
2021-05-06 10:13:02,203.8,6361590
2021-05-06 10:13:05,203.75,6362157
2021-05-06 10:13:06,203.75,6362157
2021-05-06 10:13:08,203.8,6362942
2021-05-06 10:13:07,203.8,6362762
2021-05-06 10:13:09,203.75,6362962
2021-05-06 10:13:10,203.75,6363083
2021-05-06 10:13:11,203.75,6363083
2021-05-06 10:13:12,203.8,6363223
2021-05-06 10:13:13,203.75,6363428
2021-05-06 10:13:14,203.8,6363731
2021-05-06 10:13:15,203.8,6363832
2021-05-06 10:13:16,203.8,6364473
2021-05-06 10:13:17,203.75,6364524
2021-05-06 10:13:18,203.8,6366237
2021-05-06 10:13:20,203.8,6366287
2021-05-06 10:13:21,203.75,6366687
2021-05-06 10:13:22,203.8,6366688
2021-05-06 10:13:23,203.8,6367997
2021-05-06 10:13:24,203.8,6368540
2021-05-06 10:13:26,203.75,6369566
2021-05-06 10:13:27,203.8,6369594
2021-05-06 10:13:28,203.75,6370095
2021-05-06 10:13:29,203.8,6370306
2021-05-06 10:13:30,203.8,6370306
2021-05-06 10:13:31,203.8,6370308
2021-05-06 10:13:32,203.8,6371371
2021-05-06 10:13:33,203.75,6371446
2021-05-06 10:13:34,203.75,6371446
2021-05-06 10:13:35,203.75,6371446
2021-05-06 10:13:36,203.8,6371456
2021-05-06 10:13:37,203.8,6371907
2021-05-06 10:13:38,203.8,6371913
2021-05-06 10:13:39,203.8,6372221
2021-05-06 10:13:41,203.7,6376383
2021-05-06 10:13:40,203.7,6376383
2021-05-06 10:13:42,203.7,6376512
2021-05-06 10:13:43,203.8,6376533
2021-05-06 10:13:44,203.8,6376786
2021-05-06 10:13:45,203.8,6376800
2021-05-06 10:13:46,203.8,6377298
2021-05-06 10:13:48,203.8,6378423
2021-05-06 10:13:47,203.8,6378423
2021-05-06 10:13:49,203.8,6378488
2021-05-06 10:13:50,203.8,6378758
2021-05-06 10:13:51,203.8,6378758
2021-05-06 10:13:52,203.8,6378868
2021-05-06 10:13:53,203.8,6378937
2021-05-06 10:13:54,203.7,6378987
2021-05-06 10:13:55,203.8,6378992
2021-05-06 10:13:56,203.8,6378994
2021-05-06 10:13:57,203.8,6378994
2021-05-06 10:13:58,203.7,6381000
2021-05-06 10:13:59,203.8,6381350
2021-05-06 10:14:00,203.7,6381351
2021-05-06 10:14:01,203.8,6381646
2021-05-06 10:14:02,203.8,6381698
2021-05-06 10:14:04,203.8,6381740
2021-05-06 10:14:05,203.75,6383041
2021-05-06 10:14:06,203.7,6383287
2021-05-06 10:14:07,203.65,6383863
2021-05-06 10:14:08,203.6,6389285
2021-05-06 10:14:09,203.65,6389437
2021-05-06 10:14:10,203.7,6389988
2021-05-06 10:14:11,203.6,6390190
2021-05-06 10:14:12,203.6,6390886
2021-05-06 10:14:14,203.7,6391145
2021-05-06 10:14:15,203.7,6391161
2021-05-06 10:14:17,203.7,6391271
2021-05-06 10:14:18,203.75,6391275
2021-05-06 10:14:19,203.75,6398611
2021-05-06 10:14:20,203.65,6399563
2021-05-06 10:14:22,203.8,6400416
2021-05-06 10:14:23,203.8,6400420
2021-05-06 10:14:24,203.8,6401968
2021-05-06 10:14:25,203.8,6402180
2021-05-06 10:14:26,203.8,6402180
2021-05-06 10:14:27,203.8,6402220
2021-05-06 10:14:28,203.8,6402305
2021-05-06 10:14:29,203.8,6402813
2021-05-06 10:14:30,203.7,6403828
2021-05-06 10:14:31,203.8,6404026
2021-05-06 10:14:32,203.8,6404076
2021-05-06 10:14:33,203.8,6405005
2021-05-06 10:14:34,203.8,6407189
2021-05-06 10:14:35,203.7,6407191
2021-05-06 10:14:36,203.75,6407507
2021-05-06 10:14:37,203.8,6407797
2021-05-06 10:14:38,203.8,6407869
2021-05-06 10:14:39,203.8,6407871
2021-05-06 10:14:40,203.8,6407886
2021-05-06 10:14:41,203.8,6407947
2021-05-06 10:14:42,203.8,6408054
2021-05-06 10:14:43,203.8,6408061
2021-05-06 10:14:44,203.8,6408061
2021-05-06 10:14:46,203.75,6408393
2021-05-06 10:14:46,203.8,6408391
2021-05-06 10:14:47,203.8,6409064
2021-05-06 10:14:49,203.8,6409604
2021-05-06 10:14:49,203.8,6409604
2021-05-06 10:14:50,203.8,6409809
2021-05-06 10:14:51,203.8,6409810
2021-05-06 10:14:52,203.8,6410810
2021-05-06 10:14:53,203.8,6410962
2021-05-06 10:14:54,203.8,6412153
2021-05-06 10:14:55,203.8,6413771
2021-05-06 10:14:56,203.75,6413879
2021-05-06 10:14:57,203.8,6414049
2021-05-06 10:14:58,203.75,6414170
2021-05-06 10:14:59,203.75,6414381
2021-05-06 10:15:00,203.8,6415126
2021-05-06 10:15:01,203.8,6415126
2021-05-06 10:15:02,203.8,6415471
2021-05-06 10:15:03,203.7,6415813
2021-05-06 10:15:04,203.8,6415952
2021-05-06 10:15:05,203.8,6415960
2021-05-06 10:15:06,203.8,6415960
2021-05-06 10:15:07,203.8,6415969
2021-05-06 10:15:08,203.7,6415978
2021-05-06 10:15:09,203.8,6416103
2021-05-06 10:15:10,203.7,6416806
2021-05-06 10:15:11,203.7,6416806
2021-05-06 10:15:12,203.7,6416946
2021-05-06 10:15:13,203.8,6417446
2021-05-06 10:15:14,203.7,6417966
2021-05-06 10:15:16,203.8,6418568
2021-05-06 10:15:17,203.75,6418878
2021-05-06 10:15:18,203.75,6418878
2021-05-06 10:15:19,203.75,6419582
2021-05-06 10:15:20,203.75,6419582
2021-05-06 10:15:21,203.8,6419870
2021-05-06 10:15:22,203.8,6420096
2021-05-06 10:15:23,203.8,6420296
2021-05-06 10:15:24,203.8,6420296
2021-05-06 10:15:25,203.85,6420596
2021-05-06 10:15:26,203.85,6420686
2021-05-06 10:15:27,204.0,6447514
2021-05-06 10:15:28,204.0,6447514
2021-05-06 10:15:29,203.8,6448189
2021-05-06 10:15:30,203.85,6448192
2021-05-06 10:15:31,203.8,6448255
2021-05-06 10:15:32,203.8,6448424
2021-05-06 10:15:33,203.85,6448605
2021-05-06 10:15:34,203.85,6448899
2021-05-06 10:15:36,203.85,6448899
2021-05-06 10:15:36,203.85,6448899
2021-05-06 10:15:37,203.85,6448899
2021-05-06 10:15:38,203.95,6450008
2021-05-06 10:15:39,203.95,6450514
2021-05-06 10:15:40,203.95,6450615
2021-05-06 10:15:41,203.95,6450786
2021-05-06 10:15:42,204.0,6450996
2021-05-06 10:15:43,204.0,6451162
2021-05-06 10:15:44,204.0,6451174
2021-05-06 10:15:45,204.0,6451293
2021-05-06 10:15:46,204.0,6451295
2021-05-06 10:15:47,203.95,6453200
2021-05-06 10:15:49,203.9,6453451
2021-05-06 10:15:49,203.9,6453451
2021-05-06 10:15:50,203.95,6453607
2021-05-06 10:15:51,203.95,6453607
2021-05-06 10:15:53,203.95,6453755
2021-05-06 10:15:54,203.95,6453828
2021-05-06 10:15:55,203.9,6454101
2021-05-06 10:15:56,203.95,6454853
2021-05-06 10:15:57,203.9,6455588
2021-05-06 10:15:59,203.95,6455669
2021-05-06 10:15:59,203.9,6455670
2021-05-06 10:16:00,203.95,6456221
2021-05-06 10:16:01,203.95,6459898
2021-05-06 10:16:02,203.95,6460419
2021-05-06 10:16:03,203.95,6460490
2021-05-06 10:16:04,204.0,6462544
2021-05-06 10:16:05,203.85,6469715
2021-05-06 10:16:06,203.85,6472312
2021-05-06 10:16:07,203.85,6472814
2021-05-06 10:16:08,203.75,6472835
2021-05-06 10:16:10,203.85,6472952
2021-05-06 10:16:10,203.85,6473434
2021-05-06 10:16:11,203.85,6474439
2021-05-06 10:16:13,203.85,6474549
2021-05-06 10:16:13,203.85,6474559
2021-05-06 10:16:14,203.9,6475169
2021-05-06 10:16:15,203.9,6475170
2021-05-06 10:16:16,203.85,6475201
2021-05-06 10:16:17,203.8,6477391
2021-05-06 10:16:18,203.85,6478946
2021-05-06 10:16:20,203.85,6479678
2021-05-06 10:16:21,203.9,6480242
2021-05-06 10:16:22,203.9,6480343
2021-05-06 10:16:23,203.65,6523803
2021-05-06 10:16:25,203.65,6524376
2021-05-06 10:16:25,203.65,6524376
2021-05-06 10:16:26,203.65,6529378
2021-05-06 10:16:27,203.7,6529798
2021-05-06 10:16:28,203.65,6529819
2021-05-06 10:16:29,203.65,6531490
2021-05-06 10:16:30,203.65,6533392
2021-05-06 10:16:31,203.7,6540399
2021-05-06 10:16:32,203.7,6540514
2021-05-06 10:16:34,203.7,6540524
2021-05-06 10:16:35,203.65,6540887
2021-05-06 10:16:35,203.5,6545932
2021-05-06 10:16:36,203.6,6561450
2021-05-06 10:16:37,203.6,6561654
2021-05-06 10:16:38,203.6,6562265
2021-05-06 10:16:39,203.55,6562357
2021-05-06 10:16:40,203.65,6562821
2021-05-06 10:16:41,203.65,6562846
2021-05-06 10:16:44,203.65,6563281
2021-05-06 10:16:45,203.65,6563283
2021-05-06 10:16:46,203.7,6566178
2021-05-06 10:16:47,203.7,6566218
2021-05-06 10:16:48,203.7,6566730
2021-05-06 10:16:49,203.6,6566839
2021-05-06 10:16:50,203.75,6570160
2021-05-06 10:16:50,203.75,6570369
2021-05-06 10:16:52,203.8,6572610
2021-05-06 10:16:53,203.7,6572855
2021-05-06 10:16:54,203.8,6574121
2021-05-06 10:16:54,203.8,6574121
2021-05-06 10:16:56,203.8,6574175
2021-05-06 10:16:57,203.8,6574830
2021-05-06 10:16:58,203.8,6575080
2021-05-06 10:16:59,203.65,6575216
2021-05-06 10:17:00,203.8,6575998
2021-05-06 10:17:01,203.75,6576038
2021-05-06 10:17:02,203.75,6576287
2021-05-06 10:17:03,203.8,6576850
2021-05-06 10:17:05,203.8,6576850
2021-05-06 10:17:05,203.75,6576952
2021-05-06 10:17:06,203.7,6576974
2021-05-06 10:17:08,203.7,6576974
2021-05-06 10:17:09,203.7,6577006
2021-05-06 10:17:09,203.7,6577006
2021-05-06 10:17:10,203.7,6577108
2021-05-06 10:17:12,203.65,6587963
2021-05-06 10:17:13,203.65,6588372
2021-05-06 10:17:14,203.65,6588394
2021-05-06 10:17:14,203.65,6588394
2021-05-06 10:17:15,203.65,6588396
2021-05-06 10:17:16,203.6,6589842
2021-05-06 10:17:17,203.6,6589966
2021-05-06 10:17:18,203.6,6591438
2021-05-06 10:17:22,203.6,6595778
2021-05-06 10:17:22,203.6,6595782
2021-05-06 10:17:23,203.5,6596782
2021-05-06 10:17:24,203.6,6596857
2021-05-06 10:17:25,203.6,6596858
2021-05-06 10:17:27,203.55,6617678
2021-05-06 10:17:28,203.55,6617853
2021-05-06 10:17:29,203.5,6618904
2021-05-06 10:17:30,203.5,6619112
2021-05-06 10:17:31,203.5,6619117
2021-05-06 10:17:31,203.5,6619143
2021-05-06 10:17:32,203.55,6621130
2021-05-06 10:17:33,203.55,6621131
2021-05-06 10:17:35,203.5,6621147
2021-05-06 10:17:36,203.55,6630492
2021-05-06 10:17:38,203.5,6634943
2021-05-06 10:17:39,203.5,6634943
2021-05-06 10:17:40,203.5,6635328
2021-05-06 10:17:41,203.55,6635734
2021-05-06 10:17:44,203.5,6636054
2021-05-06 10:17:45,203.6,6636075
2021-05-06 10:17:46,203.5,6650982
2021-05-06 10:17:47,203.5,6651108
2021-05-06 10:17:48,203.5,6651388
2021-05-06 10:17:49,203.5,6651510
2021-05-06 10:17:50,203.5,6651595
2021-05-06 10:17:52,203.5,6656159
2021-05-06 10:17:52,203.5,6656191
2021-05-06 10:17:53,203.5,6656191
2021-05-06 10:17:54,203.45,6656503
2021-05-06 10:17:55,203.45,6656737
2021-05-06 10:17:57,203.5,6657278
2021-05-06 10:17:57,203.5,6657331
2021-05-06 10:17:59,203.5,6657345
2021-05-06 10:18:02,203.45,6658146
2021-05-06 10:18:03,203.5,6658596
2021-05-06 10:18:04,203.5,6660227
2021-05-06 10:18:05,203.5,6660935
2021-05-06 10:18:06,203.5,6661237
2021-05-06 10:18:07,203.5,6661843
2021-05-06 10:18:08,203.5,6661902
2021-05-06 10:18:09,203.5,6662215
2021-05-06 10:18:10,203.45,6663749
2021-05-06 10:18:11,203.5,6663820
2021-05-06 10:18:12,203.45,6664325
2021-05-06 10:18:14,203.45,6664610
2021-05-06 10:18:15,203.5,6665321
2021-05-06 10:18:15,203.5,6665321
2021-05-06 10:18:17,203.45,6666343
2021-05-06 10:18:18,203.5,6666351
2021-05-06 10:18:18,203.5,6666360
2021-05-06 10:18:19,203.45,6666663
2021-05-06 10:18:21,203.5,6677660
2021-05-06 10:18:22,203.5,6677660
2021-05-06 10:18:23,203.6,6677673
2021-05-06 10:18:24,203.45,6680073
2021-05-06 10:18:26,203.5,6680239
2021-05-06 10:18:27,203.6,6680873
2021-05-06 10:18:28,203.6,6680873
2021-05-06 10:18:29,203.6,6681523
2021-05-06 10:18:30,203.5,6681948
2021-05-06 10:18:30,203.5,6681948
2021-05-06 10:18:31,203.6,6681953
2021-05-06 10:18:33,203.55,6681993
2021-05-06 10:18:34,203.45,6686993
2021-05-06 10:18:35,203.55,6686996
2021-05-06 10:18:36,203.55,6686996
2021-05-06 10:18:37,203.55,6687374
2021-05-06 10:18:38,203.5,6687449
2021-05-06 10:18:40,203.45,6689076
2021-05-06 10:18:41,203.45,6689375
2021-05-06 10:18:41,203.55,6689377
2021-05-06 10:18:42,203.5,6689467
2021-05-06 10:18:44,203.55,6690672
2021-05-06 10:18:44,203.55,6691577
2021-05-06 10:18:46,203.55,6696488
2021-05-06 10:18:47,203.6,6696490
2021-05-06 10:18:48,203.6,6696502
2021-05-06 10:18:49,203.55,6696509
2021-05-06 10:18:50,203.55,6696747
2021-05-06 10:18:51,203.5,6696903
2021-05-06 10:18:52,203.55,6697085
2021-05-06 10:18:53,203.55,6697085
2021-05-06 10:18:54,203.55,6697085
2021-05-06 10:18:56,203.6,6697088
2021-05-06 10:18:56,203.6,6698138
2021-05-06 10:18:57,203.6,6698139
2021-05-06 10:18:59,203.55,6698191
2021-05-06 10:19:00,203.55,6698886
2021-05-06 10:19:00,203.55,6698916
2021-05-06 10:19:01,203.55,6699796
2021-05-06 10:19:04,203.55,6699811
2021-05-06 10:19:05,203.6,6699831
2021-05-06 10:19:06,203.6,6700333
2021-05-06 10:19:07,203.6,6700333
