timestamp,ltp,volume
2021-05-06 09:07:57,3105.5,7715
2021-05-06 09:15:00,3103.0,7734
2021-05-06 09:15:01,3104.75,7873
2021-05-06 09:15:02,3104.9,8025
2021-05-06 09:15:03,3105.4,8475
2021-05-06 09:15:04,3105.0,8931
2021-05-06 09:15:05,3104.55,9265
2021-05-06 09:15:06,3103.0,9827
2021-05-06 09:15:07,3105.5,12326
2021-05-06 09:15:08,3105.7,13075
2021-05-06 09:15:09,3106.0,13491
2021-05-06 09:15:10,3105.9,13791
2021-05-06 09:15:11,3108.0,14260
2021-05-06 09:15:12,3107.95,16008
2021-05-06 09:15:13,3108.0,16981
2021-05-06 09:15:14,3109.3,17512
2021-05-06 09:15:15,3110.0,18335
2021-05-06 09:15:16,3109.3,18971
2021-05-06 09:15:17,3109.95,19196
2021-05-06 09:15:18,3110.0,19811
2021-05-06 09:15:18,3111.3,20398
2021-05-06 09:15:19,3111.2,20683
2021-05-06 09:15:21,3109.8,22044
2021-05-06 09:15:21,3110.6,23259
2021-05-06 09:15:23,3110.6,23946
2021-05-06 09:15:24,3108.65,28361
2021-05-06 09:15:25,3108.35,29311
2021-05-06 09:15:26,3109.25,31088
2021-05-06 09:15:27,3110.35,31761
2021-05-06 09:15:28,3110.05,34322
2021-05-06 09:15:29,3109.0,34704
2021-05-06 09:15:30,3110.0,35046
2021-05-06 09:15:31,3109.9,36254
2021-05-06 09:15:32,3109.7,37575
2021-05-06 09:15:33,3107.95,38360
2021-05-06 09:15:34,3108.05,39211
2021-05-06 09:15:35,3108.2,39359
2021-05-06 09:15:36,3108.2,39714
2021-05-06 09:15:37,3108.2,39739
2021-05-06 09:15:38,3108.2,39843
2021-05-06 09:15:39,3108.2,40185
2021-05-06 09:15:40,3109.25,40339
2021-05-06 09:15:40,3109.25,40339
2021-05-06 09:15:42,3109.25,40441
2021-05-06 09:15:43,3108.2,40691
2021-05-06 09:15:44,3104.85,43661
2021-05-06 09:15:45,3105.25,45328
2021-05-06 09:15:46,3106.55,45644
2021-05-06 09:15:47,3105.4,45676
2021-05-06 09:15:47,3105.4,45676
2021-05-06 09:15:48,3104.55,47825
2021-05-06 09:15:50,3104.0,48191
2021-05-06 09:15:50,3103.95,48835
2021-05-06 09:15:52,3103.95,49299
2021-05-06 09:15:53,3105.2,49333
2021-05-06 09:15:54,3105.1,49373
2021-05-06 09:15:55,3105.05,49421
2021-05-06 09:15:56,3105.05,49659
2021-05-06 09:15:57,3105.0,49722
2021-05-06 09:15:58,3104.25,49772
2021-05-06 09:15:59,3105.05,49797
2021-05-06 09:16:00,3105.7,50012
2021-05-06 09:16:01,3104.85,50066
2021-05-06 09:16:02,3104.8,50135
2021-05-06 09:16:03,3103.8,50238
2021-05-06 09:16:04,3104.7,50412
2021-05-06 09:16:05,3105.0,50572
2021-05-06 09:16:05,3103.95,50846
2021-05-06 09:16:07,3104.6,51159
2021-05-06 09:16:07,3104.5,51212
2021-05-06 09:16:09,3104.2,51350
2021-05-06 09:16:10,3104.75,51501
2021-05-06 09:16:11,3104.7,51646
2021-05-06 09:16:12,3104.7,51646
2021-05-06 09:16:13,3104.75,51694
2021-05-06 09:16:14,3107.0,52585
2021-05-06 09:16:15,3107.0,53237
2021-05-06 09:16:16,3106.8,53539
2021-05-06 09:16:17,3107.25,53633
2021-05-06 09:16:18,3107.8,54708
2021-05-06 09:16:19,3109.0,54816
2021-05-06 09:16:20,3109.3,55232
2021-05-06 09:16:21,3109.2,55408
2021-05-06 09:16:21,3109.2,55408
2021-05-06 09:16:22,3109.2,55508
2021-05-06 09:16:24,3109.15,55712
2021-05-06 09:16:25,3108.2,55886
2021-05-06 09:16:26,3109.2,55992
2021-05-06 09:16:27,3109.65,56461
2021-05-06 09:16:28,3109.3,56802
2021-05-06 09:16:28,3109.3,56803
2021-05-06 09:16:30,3109.25,57524
2021-05-06 09:16:31,3109.25,58285
2021-05-06 09:16:31,3109.25,58285
2021-05-06 09:16:33,3109.1,59178
2021-05-06 09:16:34,3109.1,59178
2021-05-06 09:16:35,3109.3,59211
2021-05-06 09:16:36,3109.2,59662
2021-05-06 09:16:38,3109.3,60850
2021-05-06 09:16:37,3109.3,60850
2021-05-06 09:16:39,3109.85,60903
2021-05-06 09:16:40,3109.25,61962
2021-05-06 09:16:41,3109.25,62068
2021-05-06 09:16:42,3108.55,62415
2021-05-06 09:16:43,3108.55,62471
2021-05-06 09:16:44,3108.55,62858
2021-05-06 09:16:45,3107.85,63142
2021-05-06 09:16:46,3107.75,63201
2021-05-06 09:16:47,3107.75,63537
2021-05-06 09:16:48,3107.75,63537
2021-05-06 09:16:49,3107.75,63957
2021-05-06 09:16:50,3107.2,63991
2021-05-06 09:16:51,3107.2,63991
2021-05-06 09:16:52,3107.75,64014
2021-05-06 09:16:53,3107.75,64038
2021-05-06 09:16:54,3107.9,64533
2021-05-06 09:16:55,3108.0,64534
2021-05-06 09:16:56,3107.75,64535
2021-05-06 09:16:57,3107.9,64636
2021-05-06 09:16:58,3107.8,64656
2021-05-06 09:16:59,3107.8,64658
2021-05-06 09:17:00,3107.7,65216
2021-05-06 09:17:01,3107.9,65364
2021-05-06 09:17:02,3107.9,65548
2021-05-06 09:17:03,3107.9,65607
2021-05-06 09:17:04,3108.7,65815
2021-05-06 09:17:06,3107.8,66243
2021-05-06 09:17:07,3107.8,66246
2021-05-06 09:17:08,3107.7,66745
2021-05-06 09:17:09,3107.7,67449
2021-05-06 09:17:10,3107.65,67466
2021-05-06 09:17:11,3107.6,67551
2021-05-06 09:17:12,3107.65,67575
2021-05-06 09:17:13,3108.35,67856
2021-05-06 09:17:14,3107.95,68362
2021-05-06 09:17:15,3109.2,68612
2021-05-06 09:17:16,3109.5,68715
2021-05-06 09:17:17,3108.0,68768
2021-05-06 09:17:18,3107.9,68901
2021-05-06 09:17:19,3107.85,69128
2021-05-06 09:17:20,3109.0,69169
2021-05-06 09:17:21,3109.95,70123
2021-05-06 09:17:22,3108.7,70341
2021-05-06 09:17:23,3108.4,70777
2021-05-06 09:17:24,3109.0,70937
2021-05-06 09:17:26,3108.7,70997
2021-05-06 09:17:25,3108.7,70996
2021-05-06 09:17:27,3108.4,71147
2021-05-06 09:17:28,3108.95,71154
2021-05-06 09:17:29,3109.0,71169
2021-05-06 09:17:30,3108.75,71224
2021-05-06 09:17:31,3109.5,71428
2021-05-06 09:17:32,3108.6,71728
2021-05-06 09:17:33,3109.45,72161
2021-05-06 09:17:34,3109.0,72220
2021-05-06 09:17:35,3109.35,72361
2021-05-06 09:17:36,3109.35,72361
2021-05-06 09:17:37,3109.35,72361
2021-05-06 09:17:38,3110.5,73327
2021-05-06 09:17:39,3109.3,73435
2021-05-06 09:17:40,3109.15,73540
2021-05-06 09:17:41,3109.9,73560
2021-05-06 09:17:42,3108.95,73801
2021-05-06 09:17:43,3108.85,75484
2021-05-06 09:17:44,3108.9,75636
2021-05-06 09:17:45,3108.9,75836
2021-05-06 09:17:46,3108.85,75881
2021-05-06 09:17:47,3108.85,75921
2021-05-06 09:17:48,3108.9,76045
2021-05-06 09:17:49,3108.9,76159
2021-05-06 09:17:50,3109.0,76831
2021-05-06 09:17:51,3109.15,76922
2021-05-06 09:17:52,3108.85,76932
2021-05-06 09:17:53,3109.35,77240
2021-05-06 09:17:54,3109.35,77246
2021-05-06 09:17:55,3108.9,77256
2021-05-06 09:17:56,3108.85,77554
2021-05-06 09:17:57,3108.85,77585
2021-05-06 09:17:58,3109.3,77604
2021-05-06 09:17:59,3108.85,77609
2021-05-06 09:18:00,3109.3,77667
2021-05-06 09:18:01,3109.3,77734
2021-05-06 09:18:02,3109.3,77777
2021-05-06 09:18:03,3109.3,77794
2021-05-06 09:18:04,3109.3,77794
2021-05-06 09:18:05,3108.9,77982
2021-05-06 09:18:06,3109.3,78174
2021-05-06 09:18:07,3109.3,78222
2021-05-06 09:18:08,3109.3,78239
2021-05-06 09:18:09,3109.3,78251
2021-05-06 09:18:10,3109.3,78335
2021-05-06 09:18:11,3109.0,78390
2021-05-06 09:18:12,3109.0,78390
2021-05-06 09:18:13,3109.0,78390
2021-05-06 09:18:14,3109.3,78742
2021-05-06 09:18:15,3108.85,79065
2021-05-06 09:18:16,3109.3,79076
2021-05-06 09:18:17,3108.4,81113
2021-05-06 09:18:18,3108.75,81455
2021-05-06 09:18:19,3108.7,81839
2021-05-06 09:18:21,3108.7,81839
2021-05-06 09:18:20,3108.7,81839
2021-05-06 09:18:22,3108.15,81874
2021-05-06 09:18:23,3104.5,83032
2021-05-06 09:18:24,3104.5,83032
2021-05-06 09:18:25,3106.3,83069
2021-05-06 09:18:26,3104.9,83379
2021-05-06 09:18:27,3106.2,83851
2021-05-06 09:18:28,3106.4,83911
2021-05-06 09:18:29,3105.05,83931
2021-05-06 09:18:30,3105.95,83961
2021-05-06 09:18:31,3105.05,84286
2021-05-06 09:18:32,3105.95,84289
2021-05-06 09:18:33,3105.95,84346
2021-05-06 09:18:34,3105.95,85004
2021-05-06 09:18:35,3105.95,85004
2021-05-06 09:18:36,3105.0,85304
2021-05-06 09:18:37,3105.95,85439
2021-05-06 09:18:38,3105.1,85444
2021-05-06 09:18:39,3105.95,85450
2021-05-06 09:18:40,3104.95,86009
2021-05-06 09:18:41,3105.95,86165
2021-05-06 09:18:42,3105.95,86165
2021-05-06 09:18:43,3105.0,86199
2021-05-06 09:18:44,3104.95,86504
2021-05-06 09:18:46,3105.0,86509
2021-05-06 09:18:46,3105.0,86509
2021-05-06 09:18:47,3105.0,86514
2021-05-06 09:18:49,3105.9,86643
2021-05-06 09:18:49,3104.95,86943
2021-05-06 09:18:50,3105.85,87048
2021-05-06 09:18:51,3105.0,87054
2021-05-06 09:18:52,3105.0,87057
2021-05-06 09:18:53,3105.0,87061
2021-05-06 09:18:54,3105.0,87073
2021-05-06 09:18:55,3105.75,87074
2021-05-06 09:18:56,3105.7,87221
2021-05-06 09:18:57,3105.0,87271
2021-05-06 09:18:58,3105.75,87424
2021-05-06 09:18:59,3105.7,87477
2021-05-06 09:19:00,3105.7,87488
2021-05-06 09:19:01,3105.0,87502
2021-05-06 09:19:02,3105.0,87515
2021-05-06 09:19:03,3105.0,87547
2021-05-06 09:19:04,3105.7,87579
2021-05-06 09:19:05,3105.7,87710
2021-05-06 09:19:06,3105.7,87712
2021-05-06 09:19:07,3105.7,87713
2021-05-06 09:19:08,3105.0,87714
2021-05-06 09:19:10,3105.7,87931
2021-05-06 09:19:11,3103.95,91581
2021-05-06 09:19:12,3104.55,92656
2021-05-06 09:19:15,3102.55,93328
2021-05-06 09:19:16,3102.65,93436
2021-05-06 09:19:17,3103.8,93453
2021-05-06 09:19:18,3103.8,93599
2021-05-06 09:19:19,3103.8,93599
2021-05-06 09:19:20,3103.85,93716
2021-05-06 09:19:21,3103.85,94136
2021-05-06 09:19:22,3103.9,94293
2021-05-06 09:19:23,3103.85,94513
2021-05-06 09:19:24,3104.0,94577
2021-05-06 09:19:25,3104.0,94603
2021-05-06 09:19:26,3104.0,94751
2021-05-06 09:19:28,3105.0,95295
2021-05-06 09:19:29,3103.85,95320
2021-05-06 09:19:30,3104.0,95342
2021-05-06 09:19:31,3104.0,95374
2021-05-06 09:19:32,3104.0,95375
2021-05-06 09:19:33,3104.7,95388
2021-05-06 09:19:34,3103.9,96578
2021-05-06 09:19:35,3104.0,96595
2021-05-06 09:19:36,3103.9,96691
2021-05-06 09:19:37,3104.6,96821
2021-05-06 09:19:39,3104.6,96997
2021-05-06 09:19:40,3103.9,97007
2021-05-06 09:19:41,3104.0,97019
2021-05-06 09:19:44,3104.0,97112
2021-05-06 09:19:44,3104.0,97120
2021-05-06 09:19:45,3104.0,97132
2021-05-06 09:19:46,3104.0,97217
2021-05-06 09:19:47,3103.9,97716
2021-05-06 09:19:48,3103.9,97893
2021-05-06 09:19:49,3104.0,97900
2021-05-06 09:19:50,3104.1,98687
2021-05-06 09:19:51,3104.25,98944
2021-05-06 09:19:52,3104.25,99433
2021-05-06 09:19:53,3104.9,99452
2021-05-06 09:19:54,3104.9,99498
2021-05-06 09:19:55,3104.9,99519
2021-05-06 09:19:56,3100.8,102407
2021-05-06 09:19:57,3103.0,103304
2021-05-06 09:19:58,3103.15,103568
2021-05-06 09:19:59,3102.75,103605
2021-05-06 09:20:00,3101.35,103887
2021-05-06 09:20:01,3101.55,104189
2021-05-06 09:20:02,3102.85,104316
2021-05-06 09:20:03,3100.95,105926
2021-05-06 09:20:04,3100.95,105933
2021-05-06 09:20:05,3101.35,107085
2021-05-06 09:20:06,3101.35,107309
2021-05-06 09:20:07,3100.9,107599
2021-05-06 09:20:08,3101.45,107924
2021-05-06 09:20:09,3101.25,107931
2021-05-06 09:20:10,3101.25,107932
2021-05-06 09:20:11,3101.3,107994
2021-05-06 09:20:12,3100.85,108141
2021-05-06 09:20:13,3101.9,108561
2021-05-06 09:20:14,3100.3,108854
2021-05-06 09:20:15,3100.35,108971
2021-05-06 09:20:16,3101.4,110286
2021-05-06 09:20:18,3100.9,110312
2021-05-06 09:20:18,3100.9,110312
2021-05-06 09:20:19,3101.65,110324
2021-05-06 09:20:20,3101.6,111572
2021-05-06 09:20:21,3100.3,111736
2021-05-06 09:20:22,3101.5,112813
2021-05-06 09:20:23,3101.15,112814
2021-05-06 09:20:24,3100.95,112987
2021-05-06 09:20:25,3100.0,113133
2021-05-06 09:20:26,3100.4,113327
2021-05-06 09:20:27,3100.25,113438
2021-05-06 09:20:28,3100.9,113462
2021-05-06 09:20:29,3100.45,113774
2021-05-06 09:20:30,3100.55,113854
2021-05-06 09:20:31,3101.8,113944
2021-05-06 09:20:32,3100.1,115076
2021-05-06 09:20:33,3099.45,115561
2021-05-06 09:20:34,3100.9,115848
2021-05-06 09:20:35,3100.85,115909
2021-05-06 09:20:36,3100.8,115911
2021-05-06 09:20:37,3100.7,116148
2021-05-06 09:20:38,3100.0,116199
2021-05-06 09:20:40,3099.4,116287
2021-05-06 09:20:41,3099.5,116305
2021-05-06 09:20:42,3099.65,116307
2021-05-06 09:20:43,3099.95,116318
2021-05-06 09:20:44,3099.95,116318
2021-05-06 09:20:45,3099.95,116328
2021-05-06 09:20:46,3099.95,116328
2021-05-06 09:20:47,3098.6,116640
2021-05-06 09:20:48,3099.9,116807
2021-05-06 09:20:49,3099.7,117578
2021-05-06 09:20:50,3098.3,117639
2021-05-06 09:20:51,3098.3,117751
2021-05-06 09:20:52,3098.45,118625
2021-05-06 09:20:53,3098.0,118964
2021-05-06 09:20:55,3097.35,118984
2021-05-06 09:20:56,3098.35,119008
2021-05-06 09:20:57,3097.15,119177
2021-05-06 09:20:57,3097.0,119488
2021-05-06 09:20:58,3096.8,119746
2021-05-06 09:20:59,3098.25,119857
2021-05-06 09:21:00,3097.05,119867
2021-05-06 09:21:01,3097.75,120386
2021-05-06 09:21:02,3096.6,120485
2021-05-06 09:21:03,3096.05,120585
2021-05-06 09:21:04,3096.6,120629
2021-05-06 09:21:05,3096.95,120806
2021-05-06 09:21:06,3097.05,120990
2021-05-06 09:21:07,3097.05,121120
2021-05-06 09:21:08,3096.0,121131
2021-05-06 09:21:09,3096.6,121212
2021-05-06 09:21:10,3097.05,123136
2021-05-06 09:21:11,3096.95,124732
2021-05-06 09:21:12,3096.75,124738
2021-05-06 09:21:13,3097.5,124743
2021-05-06 09:21:14,3097.5,124748
2021-05-06 09:21:15,3097.2,125456
2021-05-06 09:21:16,3097.85,125625
2021-05-06 09:21:17,3097.85,125625
2021-05-06 09:21:19,3098.85,125686
2021-05-06 09:21:19,3098.85,125691
2021-05-06 09:21:20,3098.65,125748
2021-05-06 09:21:21,3098.65,125758
2021-05-06 09:21:22,3097.45,125759
2021-05-06 09:21:24,3097.45,125824
2021-05-06 09:21:25,3098.5,125826
2021-05-06 09:21:26,3098.5,125826
2021-05-06 09:21:27,3098.55,125930
2021-05-06 09:21:27,3097.45,125932
2021-05-06 09:21:29,3098.45,126040
2021-05-06 09:21:29,3098.45,126040
2021-05-06 09:21:30,3097.45,126117
2021-05-06 09:21:31,3098.45,126144
2021-05-06 09:21:33,3098.45,126163
2021-05-06 09:21:33,3097.45,126370
2021-05-06 09:21:34,3097.45,126660
2021-05-06 09:21:35,3098.3,126667
2021-05-06 09:21:36,3098.3,126672
2021-05-06 09:21:37,3097.5,126678
2021-05-06 09:21:38,3098.3,126722
2021-05-06 09:21:39,3098.3,126813
2021-05-06 09:21:40,3098.3,126858
2021-05-06 09:21:41,3098.3,126859
2021-05-06 09:21:42,3098.05,127134
2021-05-06 09:21:44,3099.0,127199
2021-05-06 09:21:45,3099.4,127378
2021-05-06 09:21:46,3098.45,127422
2021-05-06 09:21:46,3098.45,127424
2021-05-06 09:21:47,3098.45,127424
2021-05-06 09:21:48,3099.0,127490
2021-05-06 09:21:49,3099.0,127490
2021-05-06 09:21:50,3098.35,128165
2021-05-06 09:21:51,3098.8,129048
2021-05-06 09:21:52,3098.8,129052
2021-05-06 09:21:54,3098.8,129052
2021-05-06 09:21:54,3098.75,129710
2021-05-06 09:21:56,3097.05,133226
2021-05-06 09:21:57,3096.75,133854
2021-05-06 09:21:58,3095.4,135356
2021-05-06 09:21:59,3094.95,136089
2021-05-06 09:22:00,3094.7,136110
2021-05-06 09:22:01,3094.7,136293
2021-05-06 09:22:03,3093.85,136752
2021-05-06 09:22:02,3093.15,136690
2021-05-06 09:22:04,3093.2,137729
2021-05-06 09:22:05,3092.3,137739
2021-05-06 09:22:07,3092.25,137928
2021-05-06 09:22:06,3093.2,137861
2021-05-06 09:22:08,3092.25,138032
2021-05-06 09:22:09,3091.8,138263
2021-05-06 09:22:10,3092.25,138384
2021-05-06 09:22:11,3091.5,138431
2021-05-06 09:22:12,3091.5,138432
2021-05-06 09:22:14,3091.2,138707
2021-05-06 09:22:15,3091.05,138807
2021-05-06 09:22:16,3092.0,138808
2021-05-06 09:22:16,3092.0,138809
2021-05-06 09:22:17,3090.0,139706
2021-05-06 09:22:18,3091.0,139919
2021-05-06 09:22:19,3089.6,139957
2021-05-06 09:22:20,3091.3,140294
2021-05-06 09:22:21,3089.5,140395
2021-05-06 09:22:22,3089.9,140555
2021-05-06 09:22:23,3089.9,140652
2021-05-06 09:22:24,3092.35,141591
2021-05-06 09:22:25,3090.65,141660
2021-05-06 09:22:26,3091.9,141818
2021-05-06 09:22:27,3091.95,141902
2021-05-06 09:22:28,3092.25,141982
2021-05-06 09:22:29,3092.45,142203
2021-05-06 09:22:30,3092.6,143610
2021-05-06 09:22:31,3093.05,144025
2021-05-06 09:22:33,3093.1,144057
2021-05-06 09:22:34,3094.0,144124
2021-05-06 09:22:34,3093.1,144125
2021-05-06 09:22:36,3094.0,144155
2021-05-06 09:22:36,3093.95,144516
2021-05-06 09:22:37,3093.2,144617
2021-05-06 09:22:40,3093.2,144619
2021-05-06 09:22:40,3093.2,144624
2021-05-06 09:22:41,3092.85,144769
2021-05-06 09:22:42,3093.2,144770
2021-05-06 09:22:43,3092.85,144812
2021-05-06 09:22:44,3093.2,145007
2021-05-06 09:22:45,3093.2,145007
2021-05-06 09:22:46,3092.9,145026
2021-05-06 09:22:48,3092.9,145063
2021-05-06 09:22:49,3092.9,145152
2021-05-06 09:22:50,3092.9,145152
2021-05-06 09:22:52,3092.9,145405
2021-05-06 09:22:53,3092.9,145405
2021-05-06 09:22:54,3092.85,145695
2021-05-06 09:22:56,3092.85,145695
2021-05-06 09:22:56,3093.2,145699
2021-05-06 09:22:57,3093.2,145745
2021-05-06 09:22:58,3093.2,145745
2021-05-06 09:22:59,3094.15,146880
2021-05-06 09:23:00,3093.7,146881
2021-05-06 09:23:02,3095.85,147161
2021-05-06 09:23:02,3093.95,147172
2021-05-06 09:23:04,3095.0,147198
2021-05-06 09:23:05,3095.5,147698
2021-05-06 09:23:06,3094.4,147703
2021-05-06 09:23:08,3094.2,147704
2021-05-06 09:23:08,3094.2,147754
2021-05-06 09:23:10,3095.4,147758
2021-05-06 09:23:11,3094.6,147806
2021-05-06 09:23:12,3094.3,153567
2021-05-06 09:23:14,3094.15,153667
2021-05-06 09:23:15,3094.6,153748
2021-05-06 09:23:16,3094.15,153813
2021-05-06 09:23:17,3094.0,154616
2021-05-06 09:23:19,3094.2,155047
2021-05-06 09:23:20,3094.2,155125
2021-05-06 09:23:21,3094.1,156206
2021-05-06 09:23:22,3094.55,156211
2021-05-06 09:23:25,3094.6,157156
2021-05-06 09:23:26,3094.15,157166
2021-05-06 09:23:27,3094.15,157169
2021-05-06 09:23:29,3094.1,157918
2021-05-06 09:23:30,3094.55,158028
2021-05-06 09:23:31,3094.55,158047
2021-05-06 09:23:32,3094.55,158078
2021-05-06 09:23:33,3094.1,158089
2021-05-06 09:23:34,3094.1,158089
2021-05-06 09:23:35,3094.15,158093
2021-05-06 09:23:36,3094.55,158156
2021-05-06 09:23:37,3094.15,158160
2021-05-06 09:23:38,3093.1,161058
2021-05-06 09:23:39,3092.95,161059
2021-05-06 09:23:40,3092.95,161616
2021-05-06 09:23:40,3092.95,161736
2021-05-06 09:23:42,3092.3,161936
2021-05-06 09:23:43,3092.3,161941
2021-05-06 09:23:43,3092.9,161963
2021-05-06 09:23:44,3092.3,161971
2021-05-06 09:23:45,3092.9,161989
2021-05-06 09:23:47,3092.9,161989
2021-05-06 09:23:48,3091.0,162337
2021-05-06 09:23:48,3091.0,162337
2021-05-06 09:23:50,3091.0,162350
2021-05-06 09:23:51,3092.0,162433
2021-05-06 09:23:52,3091.0,162533
2021-05-06 09:23:53,3091.0,162566
2021-05-06 09:23:53,3091.0,162566
2021-05-06 09:23:54,3091.0,162568
2021-05-06 09:23:56,3091.6,163573
2021-05-06 09:23:57,3090.95,163648
2021-05-06 09:23:58,3091.0,163657
2021-05-06 09:23:59,3091.55,163779
2021-05-06 09:24:00,3091.55,163811
2021-05-06 09:24:00,3091.0,163812
2021-05-06 09:24:01,3091.0,163812
2021-05-06 09:24:02,3091.2,163818
2021-05-06 09:24:04,3091.5,163990
2021-05-06 09:24:05,3091.0,164002
2021-05-06 09:24:06,3091.0,164002
2021-05-06 09:24:06,3091.0,164017
2021-05-06 09:24:09,3091.0,164071
2021-05-06 09:24:10,3091.0,164083
2021-05-06 09:24:11,3091.0,164095
2021-05-06 09:24:12,3091.0,164355
2021-05-06 09:24:13,3090.8,165971
2021-05-06 09:24:14,3090.8,165972
2021-05-06 09:24:15,3090.0,165973
2021-05-06 09:24:16,3090.0,166130
2021-05-06 09:24:17,3090.0,166701
2021-05-06 09:24:18,3090.0,166703
2021-05-06 09:24:19,3090.0,166703
2021-05-06 09:24:20,3090.0,166715
2021-05-06 09:24:21,3090.0,166743
2021-05-06 09:24:22,3090.8,166773
2021-05-06 09:24:23,3090.0,166795
2021-05-06 09:24:24,3090.0,166875
2021-05-06 09:24:25,3090.0,166915
2021-05-06 09:24:26,3090.0,166952
2021-05-06 09:24:27,3090.8,166996
2021-05-06 09:24:28,3090.0,167013
2021-05-06 09:24:29,3090.8,167023
2021-05-06 09:24:30,3090.8,167136
2021-05-06 09:24:31,3090.0,167138
2021-05-06 09:24:32,3090.0,167158
2021-05-06 09:24:33,3089.35,170023
2021-05-06 09:24:34,3089.05,170127
2021-05-06 09:24:35,3088.35,170241
2021-05-06 09:24:36,3088.3,170561
2021-05-06 09:24:38,3088.15,170654
2021-05-06 09:24:39,3088.05,171896
2021-05-06 09:24:40,3088.05,171940
2021-05-06 09:24:43,3088.05,172041
2021-05-06 09:24:44,3088.05,172141
2021-05-06 09:24:45,3088.15,172148
2021-05-06 09:24:46,3088.1,172229
2021-05-06 09:24:47,3088.05,172239
2021-05-06 09:24:48,3088.0,172340
2021-05-06 09:24:50,3088.05,172360
2021-05-06 09:24:51,3088.0,172810
2021-05-06 09:24:52,3088.0,172900
2021-05-06 09:24:53,3088.0,172934
2021-05-06 09:24:54,3088.0,173034
2021-05-06 09:24:55,3088.0,173803
2021-05-06 09:24:56,3087.95,173807
2021-05-06 09:24:57,3087.45,173887
2021-05-06 09:24:58,3087.85,173941
2021-05-06 09:24:59,3087.5,174429
2021-05-06 09:25:00,3087.5,174602
2021-05-06 09:25:01,3086.75,174642
2021-05-06 09:25:02,3087.5,174647
2021-05-06 09:25:03,3086.9,174755
2021-05-06 09:25:05,3090.0,176511
2021-05-06 09:25:06,3089.05,176558
2021-05-06 09:25:07,3087.95,176772
2021-05-06 09:25:09,3087.0,176833
2021-05-06 09:25:12,3087.0,176875
2021-05-06 09:25:13,3087.0,176910
2021-05-06 09:25:14,3087.85,176944
2021-05-06 09:25:15,3087.85,176944
2021-05-06 09:25:16,3087.85,176954
2021-05-06 09:25:17,3087.0,177436
2021-05-06 09:25:18,3087.0,177438
2021-05-06 09:25:19,3087.0,177438
2021-05-06 09:25:20,3087.0,177458
2021-05-06 09:25:21,3087.25,177463
2021-05-06 09:25:22,3087.25,177463
2021-05-06 09:25:23,3087.25,177466
2021-05-06 09:25:24,3087.25,177466
2021-05-06 09:25:25,3087.25,177511
2021-05-06 09:25:26,3087.25,177512
2021-05-06 09:25:27,3088.0,178022
2021-05-06 09:25:28,3087.25,178025
2021-05-06 09:25:29,3087.25,178025
2021-05-06 09:25:31,3087.25,178034
2021-05-06 09:25:32,3087.85,178122
2021-05-06 09:25:34,3088.2,178458
2021-05-06 09:25:33,3087.25,178123
2021-05-06 09:25:35,3089.15,178462
2021-05-06 09:25:36,3088.45,178592
2021-05-06 09:25:37,3089.15,178633
2021-05-06 09:25:38,3088.9,178645
2021-05-06 09:25:39,3088.9,178685
2021-05-06 09:25:40,3088.9,178686
2021-05-06 09:25:41,3088.9,178962
2021-05-06 09:25:42,3088.95,179055
2021-05-06 09:25:43,3088.0,179159
2021-05-06 09:25:44,3089.0,179229
2021-05-06 09:25:45,3089.0,179231
2021-05-06 09:25:46,3088.9,179244
2021-05-06 09:25:47,3088.9,179244
2021-05-06 09:25:48,3088.5,179248
2021-05-06 09:25:49,3088.85,179254
2021-05-06 09:25:50,3089.15,179510
2021-05-06 09:25:51,3088.65,179555
2021-05-06 09:25:52,3088.65,179628
2021-05-06 09:25:53,3088.65,179629
2021-05-06 09:25:54,3089.0,179630
2021-05-06 09:25:55,3089.0,179643
2021-05-06 09:25:56,3089.0,179643
2021-05-06 09:25:57,3088.65,179653
2021-05-06 09:25:58,3088.65,179654
2021-05-06 09:25:58,3088.65,179654
2021-05-06 09:26:00,3088.65,179654
2021-05-06 09:26:01,3088.7,179729
2021-05-06 09:26:02,3089.0,179763
2021-05-06 09:26:03,3089.0,179765
2021-05-06 09:26:04,3089.0,179765
2021-05-06 09:26:05,3089.45,179803
2021-05-06 09:26:06,3088.65,179890
2021-05-06 09:26:07,3088.65,179900
2021-05-06 09:26:08,3088.65,179901
2021-05-06 09:26:09,3089.4,179912
2021-05-06 09:26:10,3088.55,180059
2021-05-06 09:26:11,3089.35,180079
2021-05-06 09:26:12,3089.35,180079
2021-05-06 09:26:13,3089.0,180082
2021-05-06 09:26:14,3089.35,180116
2021-05-06 09:26:15,3089.0,180117
2021-05-06 09:26:16,3089.25,180118
2021-05-06 09:26:17,3089.25,180128
2021-05-06 09:26:18,3089.0,180141
2021-05-06 09:26:19,3089.0,180158
2021-05-06 09:26:20,3089.25,180168
2021-05-06 09:26:21,3089.2,180173
2021-05-06 09:26:22,3089.2,180173
2021-05-06 09:26:23,3089.05,180456
2021-05-06 09:26:23,3089.05,180456
2021-05-06 09:26:25,3089.2,180457
2021-05-06 09:26:26,3089.15,182285
2021-05-06 09:26:27,3089.15,182285
2021-05-06 09:26:28,3089.05,182390
2021-05-06 09:26:28,3089.05,182390
2021-05-06 09:26:30,3088.95,182393
2021-05-06 09:26:31,3089.05,182497
2021-05-06 09:26:32,3089.05,182497
2021-05-06 09:26:33,3089.05,182551
2021-05-06 09:26:33,3089.05,182551
2021-05-06 09:26:34,3089.05,182994
2021-05-06 09:26:36,3090.15,183978
2021-05-06 09:26:37,3091.95,184038
2021-05-06 09:26:38,3091.3,184714
2021-05-06 09:26:39,3092.8,184721
2021-05-06 09:26:39,3092.8,184721
2021-05-06 09:26:41,3091.65,184741
2021-05-06 09:26:42,3092.85,184843
2021-05-06 09:26:43,3093.2,184904
2021-05-06 09:26:44,3092.0,184915
2021-05-06 09:26:44,3092.0,184915
2021-05-06 09:26:46,3092.85,185206
2021-05-06 09:26:47,3093.3,185230
2021-05-06 09:26:48,3093.15,185237
2021-05-06 09:26:49,3093.15,185312
2021-05-06 09:26:49,3093.25,185362
2021-05-06 09:26:51,3093.4,185460
2021-05-06 09:26:52,3093.4,185460
2021-05-06 09:26:53,3093.25,185486
2021-05-06 09:26:54,3093.35,185909
2021-05-06 09:26:55,3093.7,186039
2021-05-06 09:26:56,3093.7,186039
2021-05-06 09:26:57,3093.25,186104
2021-05-06 09:26:58,3093.25,186141
2021-05-06 09:26:59,3093.3,186181
2021-05-06 09:26:59,3093.7,186180
2021-05-06 09:27:00,3093.2,187508
2021-05-06 09:27:02,3092.75,187813
2021-05-06 09:27:03,3092.15,187873
2021-05-06 09:27:04,3092.05,188141
2021-05-06 09:27:05,3092.15,188161
2021-05-06 09:27:05,3090.05,188888
2021-05-06 09:27:07,3091.35,189025
2021-05-06 09:27:08,3091.3,189029
2021-05-06 09:27:10,3091.15,189340
2021-05-06 09:27:11,3091.15,189340
2021-05-06 09:27:12,3091.15,189342
2021-05-06 09:27:13,3090.15,189343
2021-05-06 09:27:14,3090.15,189373
2021-05-06 09:27:15,3090.15,189376
2021-05-06 09:27:15,3090.15,189376
2021-05-06 09:27:17,3090.15,189376
2021-05-06 09:27:18,3090.15,189377
2021-05-06 09:27:19,3090.7,189382
2021-05-06 09:27:20,3090.7,189408
2021-05-06 09:27:21,3090.65,189560
2021-05-06 09:27:22,3090.65,189560
2021-05-06 09:27:23,3090.1,189562
2021-05-06 09:27:24,3090.1,189638
2021-05-06 09:27:25,3090.15,189767
2021-05-06 09:27:26,3090.15,189769
2021-05-06 09:27:27,3090.15,189769
2021-05-06 09:27:28,3090.1,189770
2021-05-06 09:27:29,3090.0,190869
2021-05-06 09:27:30,3089.85,191037
2021-05-06 09:27:31,3089.85,191037
2021-05-06 09:27:32,3089.85,191037
2021-05-06 09:27:33,3089.05,191038
2021-05-06 09:27:34,3089.8,191048
2021-05-06 09:27:35,3089.8,191069
2021-05-06 09:27:36,3089.8,191080
2021-05-06 09:27:37,3089.8,191080
2021-05-06 09:27:38,3089.05,191229
2021-05-06 09:27:39,3088.95,191607
2021-05-06 09:27:40,3088.95,191607
2021-05-06 09:27:42,3089.05,192066
2021-05-06 09:27:41,3089.05,192066
2021-05-06 09:27:43,3089.1,192115
2021-05-06 09:27:44,3089.25,192119
2021-05-06 09:27:46,3089.25,192270
2021-05-06 09:27:47,3089.1,192370
2021-05-06 09:27:48,3089.05,193108
2021-05-06 09:27:49,3088.85,193115
2021-05-06 09:27:50,3088.85,193176
2021-05-06 09:27:51,3088.85,193176
2021-05-06 09:27:52,3088.85,193176
2021-05-06 09:27:53,3088.85,193192
2021-05-06 09:27:54,3088.85,193192
2021-05-06 09:27:55,3088.85,193192
2021-05-06 09:27:56,3088.8,193193
2021-05-06 09:27:57,3088.8,193198
2021-05-06 09:27:58,3087.95,193199
2021-05-06 09:27:59,3088.8,193209
2021-05-06 09:28:00,3087.85,193284
2021-05-06 09:28:01,3087.85,193284
2021-05-06 09:28:02,3088.0,193295
2021-05-06 09:28:03,3088.0,193295
2021-05-06 09:28:04,3088.0,193295
2021-05-06 09:28:05,3088.0,193295
2021-05-06 09:28:06,3088.85,194294
2021-05-06 09:28:08,3088.1,194295
2021-05-06 09:28:07,3088.1,194295
2021-05-06 09:28:09,3088.1,194296
2021-05-06 09:28:10,3088.8,194298
2021-05-06 09:28:11,3088.8,194298
2021-05-06 09:28:12,3088.2,194333
2021-05-06 09:28:13,3088.2,194333
2021-05-06 09:28:14,3088.75,194410
2021-05-06 09:28:15,3088.8,194535
2021-05-06 09:28:16,3088.3,194615
2021-05-06 09:28:18,3088.25,194676
2021-05-06 09:28:17,3088.25,194676
2021-05-06 09:28:19,3088.75,194679
2021-05-06 09:28:20,3086.2,196271
2021-05-06 09:28:21,3087.35,196354
2021-05-06 09:28:23,3086.0,197006
2021-05-06 09:28:22,3086.0,197006
2021-05-06 09:28:24,3087.0,197355
2021-05-06 09:28:25,3087.0,197381
2021-05-06 09:28:26,3086.0,197435
2021-05-06 09:28:27,3087.0,197440
2021-05-06 09:28:28,3086.0,197443
2021-05-06 09:28:29,3086.0,197443
2021-05-06 09:28:30,3087.0,197453
2021-05-06 09:28:31,3087.0,197463
2021-05-06 09:28:32,3086.0,197471
2021-05-06 09:28:33,3086.0,197472
2021-05-06 09:28:34,3086.0,197472
2021-05-06 09:28:35,3086.9,197560
2021-05-06 09:28:36,3086.0,197569
2021-05-06 09:28:37,3086.9,197674
2021-05-06 09:28:38,3086.0,197776
2021-05-06 09:28:39,3086.0,197776
2021-05-06 09:28:40,3086.0,197787
2021-05-06 09:28:41,3086.0,197787
2021-05-06 09:28:42,3086.9,197797
2021-05-06 09:28:43,3086.0,197798
2021-05-06 09:28:44,3086.85,197799
2021-05-06 09:28:45,3086.0,197819
2021-05-06 09:28:46,3086.0,197839
2021-05-06 09:28:47,3086.0,197952
2021-05-06 09:28:48,3086.0,197952
2021-05-06 09:28:49,3086.7,197988
2021-05-06 09:28:50,3086.7,197988
2021-05-06 09:28:51,3086.0,198192
2021-05-06 09:28:52,3086.1,198242
2021-05-06 09:28:53,3086.4,198276
2021-05-06 09:28:54,3086.1,198627
2021-05-06 09:28:57,3086.0,198687
2021-05-06 09:28:56,3086.0,198687
2021-05-06 09:28:58,3086.35,198745
2021-05-06 09:28:59,3086.35,198977
2021-05-06 09:29:00,3086.45,200049
2021-05-06 09:29:01,3086.45,200050
2021-05-06 09:29:02,3086.45,200050
2021-05-06 09:29:03,3086.45,200100
2021-05-06 09:29:04,3086.35,200112
2021-05-06 09:29:05,3086.35,200187
2021-05-06 09:29:07,3086.2,200190
2021-05-06 09:29:08,3086.2,200190
2021-05-06 09:29:09,3086.8,200529
2021-05-06 09:29:10,3086.3,200630
2021-05-06 09:29:11,3086.85,200643
2021-05-06 09:29:12,3086.4,200686
2021-05-06 09:29:13,3086.4,200686
2021-05-06 09:29:14,3086.5,200688
2021-05-06 09:29:15,3087.8,200703
2021-05-06 09:29:16,3087.3,200804
2021-05-06 09:29:17,3088.6,200871
2021-05-06 09:29:18,3088.6,200888
2021-05-06 09:29:19,3088.6,200888
2021-05-06 09:29:20,3088.7,200934
2021-05-06 09:29:21,3088.7,200934
2021-05-06 09:29:22,3088.6,200954
2021-05-06 09:29:23,3088.7,200962
2021-05-06 09:29:24,3088.7,200977
2021-05-06 09:29:25,3088.7,201007
2021-05-06 09:29:26,3090.0,201114
2021-05-06 09:29:27,3090.0,201115
2021-05-06 09:29:29,3089.25,201116
2021-05-06 09:29:29,3089.25,201116
2021-05-06 09:29:31,3090.0,201122
2021-05-06 09:29:32,3090.0,201122
2021-05-06 09:29:34,3090.0,201128
2021-05-06 09:29:35,3090.0,201140
2021-05-06 09:29:36,3090.0,201143
2021-05-06 09:29:37,3090.0,201144
2021-05-06 09:29:38,3090.15,201155
2021-05-06 09:29:40,3090.1,201168
2021-05-06 09:29:40,3090.1,201168
2021-05-06 09:29:42,3091.0,201183
2021-05-06 09:29:43,3091.1,201184
2021-05-06 09:29:45,3092.0,201360
2021-05-06 09:29:46,3092.15,201365
2021-05-06 09:29:47,3092.9,201422
2021-05-06 09:29:48,3092.0,201457
2021-05-06 09:29:50,3093.8,201553
2021-05-06 09:29:50,3093.8,201553
2021-05-06 09:29:51,3092.5,201579
2021-05-06 09:29:52,3093.6,201586
2021-05-06 09:29:53,3093.4,201633
2021-05-06 09:29:55,3093.4,201701
2021-05-06 09:29:55,3093.4,201701
2021-05-06 09:29:56,3093.6,201751
2021-05-06 09:29:57,3093.6,201751
2021-05-06 09:29:58,3093.45,201761
2021-05-06 09:30:00,3093.6,201771
2021-05-06 09:30:00,3093.6,201771
2021-05-06 09:30:01,3093.6,201772
2021-05-06 09:30:03,3093.8,201999
2021-05-06 09:30:05,3093.55,202157
2021-05-06 09:30:05,3093.55,202157
2021-05-06 09:30:06,3094.0,202375
2021-05-06 09:30:07,3094.15,202413
2021-05-06 09:30:08,3094.05,202414
2021-05-06 09:30:10,3094.15,202463
2021-05-06 09:30:10,3094.15,202526
2021-05-06 09:30:11,3094.05,202577
2021-05-06 09:30:12,3094.15,202640
2021-05-06 09:30:14,3094.15,202652
2021-05-06 09:30:16,3094.05,202771
2021-05-06 09:30:16,3094.15,202766
2021-05-06 09:30:17,3094.05,202771
2021-05-06 09:30:18,3094.05,202771
2021-05-06 09:30:19,3094.05,202796
2021-05-06 09:30:21,3094.15,202910
2021-05-06 09:30:21,3094.15,202910
2021-05-06 09:30:22,3094.05,203187
2021-05-06 09:30:23,3091.25,205696
2021-05-06 09:30:24,3091.0,205697
2021-05-06 09:30:26,3091.0,205697
2021-05-06 09:30:26,3090.95,206046
2021-05-06 09:30:27,3090.2,206047
2021-05-06 09:30:28,3090.2,206399
2021-05-06 09:30:29,3090.2,206399
2021-05-06 09:30:30,3090.95,206480
2021-05-06 09:30:32,3090.95,206480
2021-05-06 09:30:33,3090.95,206481
2021-05-06 09:30:33,3090.95,206481
2021-05-06 09:30:34,3090.2,206482
2021-05-06 09:30:35,3090.2,206482
2021-05-06 09:30:36,3090.95,206595
2021-05-06 09:30:38,3090.95,206595
2021-05-06 09:30:38,3090.95,206707
2021-05-06 09:30:39,3090.95,206725
2021-05-06 09:30:40,3090.3,206726
2021-05-06 09:30:43,3090.4,206734
2021-05-06 09:30:43,3090.4,206734
2021-05-06 09:30:44,3090.4,206734
2021-05-06 09:30:45,3090.95,206744
2021-05-06 09:30:48,3090.95,206863
2021-05-06 09:30:48,3090.95,206863
2021-05-06 09:30:49,3090.95,206963
2021-05-06 09:30:50,3090.6,206983
2021-05-06 09:30:51,3090.6,206983
2021-05-06 09:30:53,3090.2,207023
2021-05-06 09:30:53,3090.2,207023
2021-05-06 09:30:54,3090.2,207023
2021-05-06 09:30:55,3090.2,207229
2021-05-06 09:30:56,3090.9,207238
2021-05-06 09:30:58,3090.9,207339
2021-05-06 09:30:58,3090.9,207339
2021-05-06 09:30:59,3090.9,207339
2021-05-06 09:31:00,3091.0,207527
2021-05-06 09:31:01,3090.45,207555
2021-05-06 09:31:03,3090.45,207589
2021-05-06 09:31:03,3090.45,207589
2021-05-06 09:31:04,3090.45,207589
2021-05-06 09:31:05,3088.7,209989
2021-05-06 09:31:06,3089.15,210064
2021-05-06 09:31:07,3089.1,210602
2021-05-06 09:31:08,3089.1,210602
2021-05-06 09:31:10,3089.1,210602
2021-05-06 09:31:10,3089.1,210602
2021-05-06 09:31:11,3089.1,210602
2021-05-06 09:31:12,3090.0,210610
2021-05-06 09:31:14,3090.4,210620
2021-05-06 09:31:16,3090.4,210698
2021-05-06 09:31:16,3090.4,210698
2021-05-06 09:31:17,3090.0,210699
2021-05-06 09:31:19,3089.9,210804
2021-05-06 09:31:21,3089.7,211340
2021-05-06 09:31:22,3088.75,211341
2021-05-06 09:31:24,3088.75,211344
2021-05-06 09:31:26,3088.9,211456
2021-05-06 09:31:26,3088.9,211456
2021-05-06 09:31:27,3088.9,211461
2021-05-06 09:31:28,3088.0,211788
2021-05-06 09:31:30,3088.9,211901
2021-05-06 09:31:31,3088.0,211988
2021-05-06 09:31:31,3088.9,212030
2021-05-06 09:31:32,3088.9,212150
2021-05-06 09:31:33,3088.9,212150
2021-05-06 09:31:35,3088.9,212152
2021-05-06 09:31:36,3088.9,212206
2021-05-06 09:31:36,3088.9,212206
2021-05-06 09:31:37,3088.9,212206
2021-05-06 09:31:38,3088.1,212207
2021-05-06 09:31:40,3088.1,212243
2021-05-06 09:31:41,3088.8,212247
2021-05-06 09:31:41,3088.8,212247
2021-05-06 09:31:42,3088.75,212453
2021-05-06 09:31:43,3088.1,212494
2021-05-06 09:31:45,3088.1,212494
2021-05-06 09:31:46,3088.7,212514
2021-05-06 09:31:46,3088.05,212511
2021-05-06 09:31:47,3088.75,212515
2021-05-06 09:31:48,3088.7,212519
2021-05-06 09:31:50,3088.7,212523
2021-05-06 09:31:51,3088.7,212523
2021-05-06 09:31:51,3088.7,212523
2021-05-06 09:31:52,3088.7,212523
2021-05-06 09:31:53,3088.05,212528
2021-05-06 09:31:55,3088.65,212531
2021-05-06 09:31:56,3088.65,212656
2021-05-06 09:31:56,3088.65,212656
2021-05-06 09:31:57,3088.05,212662
2021-05-06 09:31:58,3088.05,212694
2021-05-06 09:32:00,3088.05,212748
2021-05-06 09:32:01,3088.6,212755
2021-05-06 09:32:01,3090.0,213644
2021-05-06 09:32:02,3090.3,213646
2021-05-06 09:32:03,3090.3,213646
2021-05-06 09:32:05,3090.3,213669
2021-05-06 09:32:06,3090.3,213669
2021-05-06 09:32:06,3090.3,213669
2021-05-06 09:32:07,3090.4,214126
2021-05-06 09:32:08,3090.4,214126
2021-05-06 09:32:10,3091.0,214229
2021-05-06 09:32:11,3092.0,214297
2021-05-06 09:32:11,3092.0,214483
2021-05-06 09:32:12,3092.05,214499
2021-05-06 09:32:13,3093.05,214640
2021-05-06 09:32:15,3093.05,214652
2021-05-06 09:32:16,3094.1,214736
2021-05-06 09:32:16,3094.1,214748
2021-05-06 09:32:17,3094.1,214750
2021-05-06 09:32:19,3094.1,214750
2021-05-06 09:32:21,3093.3,214866
2021-05-06 09:32:22,3093.3,214866
2021-05-06 09:32:22,3093.3,214866
2021-05-06 09:32:23,3094.45,214937
2021-05-06 09:32:24,3093.3,214955
2021-05-06 09:32:26,3093.2,216521
2021-05-06 09:32:27,3092.95,216531
2021-05-06 09:32:27,3092.9,216541
2021-05-06 09:32:28,3092.8,216543
2021-05-06 09:32:29,3092.85,216570
2021-05-06 09:32:31,3092.8,216576
2021-05-06 09:32:32,3092.8,216577
2021-05-06 09:32:32,3092.8,216577
2021-05-06 09:32:33,3092.8,216577
2021-05-06 09:32:34,3092.8,216577
2021-05-06 09:32:36,3092.8,216577
2021-05-06 09:32:37,3092.0,216587
2021-05-06 09:32:38,3092.0,216587
2021-05-06 09:32:38,3092.8,216597
2021-05-06 09:32:39,3093.0,216948
2021-05-06 09:32:40,3093.3,217141
2021-05-06 09:32:42,3093.3,217141
2021-05-06 09:32:43,3093.3,217141
2021-05-06 09:32:43,3093.3,217141
2021-05-06 09:32:44,3092.8,217151
2021-05-06 09:32:45,3093.0,217156
2021-05-06 09:32:47,3093.3,217626
2021-05-06 09:32:48,3092.8,217631
2021-05-06 09:32:48,3092.8,217631
2021-05-06 09:32:49,3092.8,217654
2021-05-06 09:32:50,3092.8,217654
2021-05-06 09:32:52,3093.0,217739
2021-05-06 09:32:53,3093.25,217800
2021-05-06 09:32:53,3093.0,217817
2021-05-06 09:32:54,3093.25,217847
2021-05-06 09:32:56,3093.25,217892
2021-05-06 09:32:58,3093.25,217918
2021-05-06 09:32:59,3091.9,218705
2021-05-06 09:32:59,3090.2,218806
2021-05-06 09:33:00,3091.35,218899
2021-05-06 09:33:01,3090.5,218900
2021-05-06 09:33:03,3091.35,218950
2021-05-06 09:33:04,3091.35,218950
2021-05-06 09:33:04,3091.35,218950
2021-05-06 09:33:05,3091.25,218951
2021-05-06 09:33:06,3091.25,218951
2021-05-06 09:33:08,3090.5,218953
2021-05-06 09:33:09,3090.5,218953
2021-05-06 09:33:09,3090.5,218953
2021-05-06 09:33:10,3091.0,218997
2021-05-06 09:33:11,3091.2,219056
2021-05-06 09:33:12,3091.0,219071
2021-05-06 09:33:14,3091.15,219120
2021-05-06 09:33:15,3091.15,219140
2021-05-06 09:33:15,3091.15,219140
2021-05-06 09:33:16,3091.15,219185
2021-05-06 09:33:17,3090.9,219215
2021-05-06 09:33:19,3091.15,219225
2021-05-06 09:33:20,3091.15,219225
2021-05-06 09:33:20,3091.15,219225
2021-05-06 09:33:21,3091.15,219230
2021-05-06 09:33:22,3091.15,219230
2021-05-06 09:33:24,3090.0,220039
2021-05-06 09:33:25,3089.05,220342
2021-05-06 09:33:25,3089.05,220342
2021-05-06 09:33:26,3089.05,220352
2021-05-06 09:33:27,3088.5,220386
2021-05-06 09:33:30,3089.05,220410
2021-05-06 09:33:31,3088.5,220644
2021-05-06 09:33:31,3088.5,220644
2021-05-06 09:33:32,3089.05,220721
2021-05-06 09:33:33,3089.05,220723
2021-05-06 09:33:35,3089.05,221014
2021-05-06 09:33:36,3089.05,221014
2021-05-06 09:33:37,3088.55,221044
2021-05-06 09:33:37,3088.55,221044
2021-05-06 09:33:38,3088.55,221150
2021-05-06 09:33:40,3089.0,221151
2021-05-06 09:33:41,3089.0,221151
2021-05-06 09:33:41,3088.55,221204
2021-05-06 09:33:42,3088.55,221204
2021-05-06 09:33:44,3088.95,221205
2021-05-06 09:33:45,3088.5,221206
2021-05-06 09:33:46,3088.5,221385
2021-05-06 09:33:46,3088.5,221385
2021-05-06 09:33:47,3088.5,221385
2021-05-06 09:33:49,3088.5,221385
2021-05-06 09:33:50,3088.5,221385
2021-05-06 09:33:51,3088.5,221385
2021-05-06 09:33:51,3088.85,221388
2021-05-06 09:33:52,3088.85,221388
2021-05-06 09:33:54,3088.6,221425
2021-05-06 09:33:55,3088.6,221455
2021-05-06 09:33:56,3088.6,221455
2021-05-06 09:33:56,3088.6,221455
2021-05-06 09:33:57,3088.85,221485
2021-05-06 09:33:59,3088.8,221486
2021-05-06 09:34:00,3088.65,221615
2021-05-06 09:34:01,3088.8,221636
2021-05-06 09:34:02,3088.65,221663
2021-05-06 09:34:04,3088.8,221665
2021-05-06 09:34:05,3088.8,221709
2021-05-06 09:34:06,3088.7,221719
2021-05-06 09:34:06,3088.7,221720
2021-05-06 09:34:07,3088.75,221724
2021-05-06 09:34:09,3088.65,221755
2021-05-06 09:34:10,3088.6,221841
2021-05-06 09:34:11,3088.35,222888
2021-05-06 09:34:11,3088.05,223040
2021-05-06 09:34:12,3088.45,223647
2021-05-06 09:34:14,3088.45,223647
2021-05-06 09:34:15,3088.45,223647
2021-05-06 09:34:16,3088.85,224284
2021-05-06 09:34:16,3088.85,224284
2021-05-06 09:34:17,3088.4,224763
2021-05-06 09:34:19,3088.65,224976
2021-05-06 09:34:20,3088.55,225211
2021-05-06 09:34:21,3088.55,225222
2021-05-06 09:34:22,3088.55,225291
2021-05-06 09:34:23,3088.65,225521
2021-05-06 09:34:24,3088.65,225641
2021-05-06 09:34:24,3088.65,225641
2021-05-06 09:34:25,3088.65,225641
2021-05-06 09:34:27,3089.0,225767
2021-05-06 09:34:28,3088.55,225779
2021-05-06 09:34:29,3088.55,225780
2021-05-06 09:34:29,3088.6,225960
2021-05-06 09:34:30,3089.0,226014
2021-05-06 09:34:31,3090.0,226349
2021-05-06 09:34:33,3088.6,226350
2021-05-06 09:34:34,3089.0,226352
2021-05-06 09:34:35,3089.0,226352
2021-05-06 09:34:36,3088.6,226353
2021-05-06 09:34:37,3088.6,226387
2021-05-06 09:34:39,3088.6,226387
2021-05-06 09:34:40,3088.6,226387
2021-05-06 09:34:41,3088.6,226387
2021-05-06 09:34:42,3089.0,226438
2021-05-06 09:34:42,3089.0,226438
2021-05-06 09:34:43,3089.0,226438
2021-05-06 09:34:45,3089.0,226438
2021-05-06 09:34:46,3089.0,226438
2021-05-06 09:34:47,3089.0,226438
2021-05-06 09:34:47,3088.6,226463
2021-05-06 09:34:48,3088.6,226463
2021-05-06 09:34:49,3088.05,227161
2021-05-06 09:34:51,3088.15,227372
2021-05-06 09:34:52,3088.6,227438
2021-05-06 09:34:53,3088.6,227531
2021-05-06 09:34:54,3088.6,227531
2021-05-06 09:34:54,3088.6,227531
2021-05-06 09:34:55,3088.6,227533
2021-05-06 09:34:57,3088.65,227545
2021-05-06 09:34:58,3088.65,227545
2021-05-06 09:34:59,3088.6,227548
2021-05-06 09:34:59,3088.6,227548
2021-05-06 09:35:00,3088.6,227552
2021-05-06 09:35:02,3088.7,227846
2021-05-06 09:35:03,3089.05,228093
2021-05-06 09:35:04,3089.05,228093
2021-05-06 09:35:04,3089.95,228103
2021-05-06 09:35:05,3089.95,228104
2021-05-06 09:35:07,3089.95,228104
2021-05-06 09:35:08,3089.95,228104
2021-05-06 09:35:09,3089.9,228134
2021-05-06 09:35:09,3089.9,228134
2021-05-06 09:35:10,3089.9,228134
2021-05-06 09:35:12,3089.9,228134
2021-05-06 09:35:13,3089.9,228134
2021-05-06 09:35:14,3089.1,228177
2021-05-06 09:35:15,3089.85,228209
2021-05-06 09:35:16,3089.9,228298
2021-05-06 09:35:17,3089.9,228298
2021-05-06 09:35:18,3089.15,228317
2021-05-06 09:35:20,3089.1,228355
2021-05-06 09:35:21,3089.9,228421
2021-05-06 09:35:22,3089.9,228421
2021-05-06 09:35:22,3089.9,228421
2021-05-06 09:35:23,3089.9,228428
2021-05-06 09:35:25,3089.9,228428
2021-05-06 09:35:27,3089.9,228448
2021-05-06 09:35:28,3090.0,228864
2021-05-06 09:35:30,3091.0,228995
2021-05-06 09:35:31,3091.0,228995
2021-05-06 09:35:32,3089.85,229288
2021-05-06 09:35:32,3089.85,229288
2021-05-06 09:35:33,3090.8,229319
2021-05-06 09:35:35,3090.25,229619
2021-05-06 09:35:36,3090.25,229619
2021-05-06 09:35:37,3090.8,229621
2021-05-06 09:35:37,3090.25,229626
2021-05-06 09:35:38,3090.8,229627
2021-05-06 09:35:40,3090.8,229629
2021-05-06 09:35:41,3090.8,229659
2021-05-06 09:35:42,3090.75,229669
2021-05-06 09:35:42,3090.75,229669
2021-05-06 09:35:43,3090.25,229730
2021-05-06 09:35:46,3090.7,229750
2021-05-06 09:35:47,3090.25,229751
2021-05-06 09:35:49,3090.65,229827
2021-05-06 09:35:50,3090.6,229906
2021-05-06 09:35:51,3090.6,229906
2021-05-06 09:35:52,3090.25,229910
2021-05-06 09:35:54,3090.25,229910
2021-05-06 09:35:55,3090.25,229923
2021-05-06 09:35:56,3090.55,229924
2021-05-06 09:35:57,3090.55,229942
2021-05-06 09:35:57,3090.55,229942
2021-05-06 09:35:58,3090.55,229942
2021-05-06 09:36:00,3090.3,230005
2021-05-06 09:36:01,3090.3,230012
2021-05-06 09:36:02,3090.3,230018
2021-05-06 09:36:03,3090.25,230349
2021-05-06 09:36:04,3090.25,230356
2021-05-06 09:36:06,3090.5,230359
2021-05-06 09:36:05,3090.5,230359
2021-05-06 09:36:07,3090.2,230449
2021-05-06 09:36:09,3090.2,230885
2021-05-06 09:36:09,3090.45,230913
2021-05-06 09:36:11,3090.45,230913
2021-05-06 09:36:12,3090.45,230913
2021-05-06 09:36:13,3090.4,230918
2021-05-06 09:36:15,3090.4,230918
2021-05-06 09:36:15,3090.4,230918
2021-05-06 09:36:17,3090.15,231036
2021-05-06 09:36:18,3090.15,231071
2021-05-06 09:36:20,3090.15,231071
2021-05-06 09:36:20,3090.15,231071
2021-05-06 09:36:22,3091.4,231976
2021-05-06 09:36:23,3092.85,232584
2021-05-06 09:36:24,3092.85,232584
2021-05-06 09:36:25,3092.85,232584
2021-05-06 09:36:27,3092.85,232585
2021-05-06 09:36:29,3092.85,232585
2021-05-06 09:36:30,3092.7,233342
2021-05-06 09:36:31,3091.25,233474
2021-05-06 09:36:32,3092.35,233500
2021-05-06 09:36:33,3091.15,233568
2021-05-06 09:36:34,3091.15,233680
2021-05-06 09:36:35,3091.15,233680
2021-05-06 09:36:36,3092.1,233687
2021-05-06 09:36:37,3092.0,233690
2021-05-06 09:36:37,3092.0,233690
2021-05-06 09:36:38,3092.0,233694
2021-05-06 09:36:39,3092.0,233694
2021-05-06 09:36:40,3091.2,233723
2021-05-06 09:36:42,3091.2,233723
2021-05-06 09:36:43,3091.95,233738
2021-05-06 09:36:43,3091.95,233738
2021-05-06 09:36:45,3091.95,233739
2021-05-06 09:36:46,3091.95,233764
2021-05-06 09:36:47,3091.95,233764
2021-05-06 09:36:48,3091.95,233768
2021-05-06 09:36:48,3091.95,233768
2021-05-06 09:36:50,3091.95,233818
2021-05-06 09:36:51,3091.95,233818
2021-05-06 09:36:52,3091.95,233819
2021-05-06 09:36:53,3091.95,233823
2021-05-06 09:36:53,3091.95,233823
2021-05-06 09:36:55,3091.95,233827
2021-05-06 09:36:56,3091.2,233882
2021-05-06 09:36:57,3091.5,233902
2021-05-06 09:36:58,3092.05,234273
2021-05-06 09:36:59,3092.0,234283
2021-05-06 09:37:00,3092.0,234283
2021-05-06 09:37:01,3092.0,234283
2021-05-06 09:37:02,3092.0,234285
2021-05-06 09:37:02,3091.95,234325
2021-05-06 09:37:04,3091.95,234325
2021-05-06 09:37:05,3091.6,234740
2021-05-06 09:37:06,3091.6,234844
2021-05-06 09:37:07,3091.7,234867
2021-05-06 09:37:08,3091.7,234867
2021-05-06 09:37:09,3091.7,234867
2021-05-06 09:37:10,3091.9,234930
2021-05-06 09:37:11,3091.9,234930
2021-05-06 09:37:12,3091.9,234990
2021-05-06 09:37:13,3091.9,235492
2021-05-06 09:37:14,3091.6,235547
2021-05-06 09:37:15,3091.6,235549
2021-05-06 09:37:16,3091.6,235700
2021-05-06 09:37:17,3091.6,235700
2021-05-06 09:37:18,3091.6,235700
2021-05-06 09:37:19,3091.0,235703
2021-05-06 09:37:20,3091.0,235703
2021-05-06 09:37:21,3091.0,235703
2021-05-06 09:37:22,3091.0,235704
2021-05-06 09:37:22,3091.0,235704
2021-05-06 09:37:23,3091.55,235705
2021-05-06 09:37:24,3091.55,236026
2021-05-06 09:37:27,3091.5,236064
2021-05-06 09:37:27,3091.5,236064
2021-05-06 09:37:28,3091.5,236064
2021-05-06 09:37:30,3091.5,236074
2021-05-06 09:37:31,3091.5,236075
2021-05-06 09:37:32,3091.5,236180
2021-05-06 09:37:33,3091.4,236205
2021-05-06 09:37:34,3091.4,236205
2021-05-06 09:37:35,3091.3,236533
2021-05-06 09:37:36,3090.5,236664
2021-05-06 09:37:37,3091.15,236769
2021-05-06 09:37:38,3090.25,236862
2021-05-06 09:37:40,3090.25,236862
2021-05-06 09:37:41,3090.25,236862
2021-05-06 09:37:41,3090.25,236862
2021-05-06 09:37:42,3091.15,237042
2021-05-06 09:37:43,3091.1,237043
2021-05-06 09:37:45,3091.1,237043
2021-05-06 09:37:46,3091.1,237043
2021-05-06 09:37:48,3090.45,237048
2021-05-06 09:37:49,3091.0,237065
2021-05-06 09:37:50,3091.1,237115
2021-05-06 09:37:51,3091.0,237134
2021-05-06 09:37:52,3091.05,237467
2021-05-06 09:37:53,3091.0,237524
2021-05-06 09:37:54,3091.0,237524
2021-05-06 09:37:55,3090.6,237535
2021-05-06 09:37:56,3090.6,237535
2021-05-06 09:37:56,3090.6,237535
2021-05-06 09:37:57,3091.05,237540
2021-05-06 09:37:58,3091.0,237869
2021-05-06 09:37:59,3090.2,237897
2021-05-06 09:38:02,3090.2,237983
2021-05-06 09:38:03,3090.15,237990
2021-05-06 09:38:04,3090.2,237997
2021-05-06 09:38:05,3090.2,237997
2021-05-06 09:38:06,3090.2,237997
2021-05-06 09:38:07,3090.2,237997
2021-05-06 09:38:08,3090.3,238102
2021-05-06 09:38:09,3090.2,238103
2021-05-06 09:38:10,3090.2,238103
2021-05-06 09:38:11,3090.2,238142
2021-05-06 09:38:12,3090.3,238214
2021-05-06 09:38:13,3090.3,238214
2021-05-06 09:38:14,3090.2,238219
2021-05-06 09:38:15,3090.2,238220
2021-05-06 09:38:16,3090.15,238221
2021-05-06 09:38:17,3090.2,238223
2021-05-06 09:38:18,3090.2,238223
2021-05-06 09:38:19,3090.2,238223
2021-05-06 09:38:20,3090.2,238225
2021-05-06 09:38:21,3090.2,238271
2021-05-06 09:38:22,3090.2,238271
2021-05-06 09:38:23,3090.2,238274
2021-05-06 09:38:24,3090.2,238274
2021-05-06 09:38:25,3090.2,238274
2021-05-06 09:38:26,3090.2,238274
2021-05-06 09:38:28,3090.7,238861
2021-05-06 09:38:29,3091.0,238862
2021-05-06 09:38:30,3090.7,238903
2021-05-06 09:38:31,3090.75,238913
2021-05-06 09:38:32,3090.75,238913
2021-05-06 09:38:33,3090.75,238913
2021-05-06 09:38:34,3090.75,238913
2021-05-06 09:38:35,3090.75,238913
2021-05-06 09:38:36,3090.75,238913
2021-05-06 09:38:37,3090.75,238927
2021-05-06 09:38:39,3090.7,238962
2021-05-06 09:38:41,3090.75,238970
2021-05-06 09:38:42,3090.75,238980
2021-05-06 09:38:43,3090.75,238980
2021-05-06 09:38:44,3090.75,238980
2021-05-06 09:38:45,3090.75,238980
2021-05-06 09:38:46,3090.7,238983
2021-05-06 09:38:47,3090.7,238983
2021-05-06 09:38:48,3090.7,238983
2021-05-06 09:38:49,3090.7,238983
2021-05-06 09:38:50,3090.75,238986
2021-05-06 09:38:51,3090.75,238986
2021-05-06 09:38:52,3090.75,239001
2021-05-06 09:38:53,3090.75,239001
2021-05-06 09:38:54,3090.75,239001
2021-05-06 09:38:56,3090.75,239001
2021-05-06 09:38:57,3090.75,239013
2021-05-06 09:38:58,3090.75,239106
2021-05-06 09:38:59,3090.75,239107
2021-05-06 09:39:00,3090.75,239107
2021-05-06 09:39:01,3090.75,239107
2021-05-06 09:39:02,3090.75,239107
2021-05-06 09:39:03,3090.75,239115
2021-05-06 09:39:04,3090.75,239115
2021-05-06 09:39:05,3090.75,239115
2021-05-06 09:39:06,3090.75,239115
2021-05-06 09:39:07,3090.75,239115
2021-05-06 09:39:08,3090.75,239121
2021-05-06 09:39:09,3090.75,239121
2021-05-06 09:39:10,3090.75,239413
2021-05-06 09:39:11,3090.75,239413
2021-05-06 09:39:12,3090.75,239426
2021-05-06 09:39:13,3090.7,239429
2021-05-06 09:39:14,3090.7,239429
2021-05-06 09:39:15,3090.7,239429
2021-05-06 09:39:16,3090.75,239430
2021-05-06 09:39:17,3090.75,239471
2021-05-06 09:39:18,3090.75,239471
2021-05-06 09:39:19,3090.7,239503
2021-05-06 09:39:21,3090.75,239682
2021-05-06 09:39:22,3090.75,239712
2021-05-06 09:39:23,3090.6,240212
2021-05-06 09:39:24,3090.6,240341
2021-05-06 09:39:25,3090.6,240341
2021-05-06 09:39:26,3090.65,240344
2021-05-06 09:39:27,3090.65,240344
2021-05-06 09:39:28,3090.65,240344
2021-05-06 09:39:29,3090.65,240344
2021-05-06 09:39:31,3090.65,240370
2021-05-06 09:39:32,3090.65,240372
2021-05-06 09:39:33,3090.65,240372
2021-05-06 09:39:34,3090.65,240422
2021-05-06 09:39:35,3090.65,240422
2021-05-06 09:39:36,3090.65,240427
2021-05-06 09:39:37,3090.65,240446
2021-05-06 09:39:38,3090.65,240526
2021-05-06 09:39:39,3090.65,240526
2021-05-06 09:39:40,3090.65,240768
2021-05-06 09:39:41,3090.65,240768
2021-05-06 09:39:42,3090.65,240768
2021-05-06 09:39:43,3090.65,240768
2021-05-06 09:39:44,3090.65,240768
2021-05-06 09:39:45,3090.65,240770
2021-05-06 09:39:46,3090.65,240781
2021-05-06 09:39:47,3090.65,240781
2021-05-06 09:39:48,3090.65,240883
2021-05-06 09:39:49,3090.65,240883
2021-05-06 09:39:50,3090.65,240883
2021-05-06 09:39:51,3090.65,240883
2021-05-06 09:39:52,3090.65,240962
2021-05-06 09:39:53,3090.65,240962
2021-05-06 09:39:54,3090.65,240986
2021-05-06 09:39:55,3090.65,240986
2021-05-06 09:39:56,3090.65,240991
2021-05-06 09:39:57,3090.65,240991
2021-05-06 09:39:58,3090.65,241003
2021-05-06 09:39:59,3090.65,241012
2021-05-06 09:40:00,3090.6,241015
2021-05-06 09:40:01,3090.6,241015
2021-05-06 09:40:02,3090.6,241112
2021-05-06 09:40:03,3090.6,241213
2021-05-06 09:40:04,3090.6,241213
2021-05-06 09:40:05,3090.5,241731
2021-05-06 09:40:06,3090.55,241977
2021-05-06 09:40:07,3090.45,242546
2021-05-06 09:40:08,3089.6,242704
2021-05-06 09:40:09,3089.6,242704
2021-05-06 09:40:10,3089.6,242711
2021-05-06 09:40:11,3089.55,242826
2021-05-06 09:40:12,3089.55,242826
2021-05-06 09:40:13,3089.55,242826
2021-05-06 09:40:14,3089.55,242826
2021-05-06 09:40:15,3089.55,242826
2021-05-06 09:40:16,3089.5,242951
2021-05-06 09:40:17,3089.5,242951
2021-05-06 09:40:18,3089.05,243081
2021-05-06 09:40:19,3089.05,243081
2021-05-06 09:40:20,3089.05,243081
2021-05-06 09:40:21,3089.45,243116
2021-05-06 09:40:22,3089.05,243117
2021-05-06 09:40:23,3089.45,243120
2021-05-06 09:40:24,3089.45,243120
2021-05-06 09:40:26,3089.05,243160
2021-05-06 09:40:26,3089.45,243150
2021-05-06 09:40:27,3089.45,243161
2021-05-06 09:40:28,3089.05,243172
2021-05-06 09:40:29,3089.05,243172
2021-05-06 09:40:30,3089.05,243172
2021-05-06 09:40:32,3089.45,243259
2021-05-06 09:40:33,3089.45,243259
2021-05-06 09:40:34,3089.45,243303
2021-05-06 09:40:35,3089.45,243313
2021-05-06 09:40:37,3089.05,243413
2021-05-06 09:40:37,3089.05,243413
2021-05-06 09:40:38,3089.05,243418
2021-05-06 09:40:40,3089.45,243468
2021-05-06 09:40:40,3089.45,243468
2021-05-06 09:40:41,3089.05,243479
2021-05-06 09:40:42,3089.05,243529
2021-05-06 09:40:43,3089.05,243529
2021-05-06 09:40:44,3089.45,243649
2021-05-06 09:40:45,3089.45,243649
2021-05-06 09:40:46,3089.45,243649
2021-05-06 09:40:47,3089.45,243649
2021-05-06 09:40:49,3089.05,243656
2021-05-06 09:40:49,3089.05,243656
2021-05-06 09:40:51,3089.45,244023
2021-05-06 09:40:52,3089.05,244033
2021-05-06 09:40:53,3089.05,244035
2021-05-06 09:40:55,3089.45,244039
2021-05-06 09:40:56,3089.45,244119
2021-05-06 09:40:57,3089.45,244119
2021-05-06 09:40:59,3089.45,244145
2021-05-06 09:40:59,3089.45,244145
2021-05-06 09:41:00,3089.05,244177
2021-05-06 09:41:02,3089.4,244216
2021-05-06 09:41:03,3089.1,244219
2021-05-06 09:41:04,3089.1,244219
2021-05-06 09:41:05,3089.4,244221
2021-05-06 09:41:06,3089.4,244221
2021-05-06 09:41:07,3089.1,244272
2021-05-06 09:41:08,3089.35,244421
2021-05-06 09:41:09,3089.1,244570
2021-05-06 09:41:10,3089.35,244580
2021-05-06 09:41:11,3089.05,244959
2021-05-06 09:41:12,3089.05,245024
2021-05-06 09:41:13,3089.05,245024
2021-05-06 09:41:14,3089.05,245024
2021-05-06 09:41:15,3089.1,245053
2021-05-06 09:41:16,3089.1,245053
2021-05-06 09:41:17,3089.1,245056
2021-05-06 09:41:18,3089.0,245237
2021-05-06 09:41:19,3089.0,245237
2021-05-06 09:41:20,3089.0,245237
2021-05-06 09:41:22,3089.0,245237
2021-05-06 09:41:23,3089.0,245238
2021-05-06 09:41:24,3089.0,245263
2021-05-06 09:41:25,3089.0,245263
2021-05-06 09:41:26,3089.0,245263
2021-05-06 09:41:27,3088.95,245279
2021-05-06 09:41:28,3088.65,245309
2021-05-06 09:41:29,3088.65,245309
2021-05-06 09:41:30,3088.65,245395
2021-05-06 09:41:31,3088.65,245424
2021-05-06 09:41:33,3088.5,245474
2021-05-06 09:41:33,3088.85,245485
2021-05-06 09:41:35,3088.85,245485
2021-05-06 09:41:35,3088.85,245485
2021-05-06 09:41:36,3088.85,245485
2021-05-06 09:41:37,3088.5,245605
2021-05-06 09:41:38,3088.0,245813
2021-05-06 09:41:39,3088.0,245823
2021-05-06 09:41:40,3088.5,245824
2021-05-06 09:41:41,3088.0,245874
2021-05-06 09:41:42,3088.0,245944
2021-05-06 09:41:43,3088.0,245986
2021-05-06 09:41:44,3088.0,246017
2021-05-06 09:41:46,3088.0,246082
2021-05-06 09:41:46,3088.0,246082
2021-05-06 09:41:47,3088.0,246082
2021-05-06 09:41:48,3088.5,246161
2021-05-06 09:41:49,3088.5,246166
2021-05-06 09:41:50,3088.0,246169
2021-05-06 09:41:51,3088.0,246179
2021-05-06 09:41:53,3088.0,246184
2021-05-06 09:41:54,3088.5,246259
2021-05-06 09:41:56,3088.0,246309
2021-05-06 09:41:55,3088.5,246259
2021-05-06 09:41:57,3088.0,246314
2021-05-06 09:41:58,3088.5,246324
2021-05-06 09:41:59,3088.5,246324
2021-05-06 09:42:00,3088.5,246324
2021-05-06 09:42:01,3088.0,246367
2021-05-06 09:42:03,3088.0,246572
2021-05-06 09:42:04,3088.0,246572
2021-05-06 09:42:05,3088.5,246575
2021-05-06 09:42:06,3088.5,246575
2021-05-06 09:42:07,3088.5,246575
2021-05-06 09:42:08,3088.5,246655
2021-05-06 09:42:10,3088.0,246660
2021-05-06 09:42:11,3088.0,246660
2021-05-06 09:42:12,3088.5,246685
2021-05-06 09:42:11,3088.0,246660
2021-05-06 09:42:13,3088.4,246687
2021-05-06 09:42:15,3088.2,246702
2021-05-06 09:42:15,3088.3,246751
2021-05-06 09:42:16,3088.2,246766
2021-05-06 09:42:17,3088.2,246855
2021-05-06 09:42:18,3088.2,246855
2021-05-06 09:42:20,3088.2,246910
2021-05-06 09:42:20,3088.2,246910
2021-05-06 09:42:22,3088.2,246910
2021-05-06 09:42:23,3088.0,246918
2021-05-06 09:42:24,3088.0,247118
2021-05-06 09:42:25,3088.0,247118
2021-05-06 09:42:25,3088.0,247128
2021-05-06 09:42:26,3088.0,247128
2021-05-06 09:42:27,3088.0,247128
2021-05-06 09:42:28,3088.0,247128
2021-05-06 09:42:29,3088.15,247277
2021-05-06 09:42:30,3088.15,247277
2021-05-06 09:42:31,3088.15,247277
2021-05-06 09:42:32,3088.15,247398
2021-05-06 09:42:33,3088.15,247398
2021-05-06 09:42:35,3088.0,247551
2021-05-06 09:42:36,3088.1,247561
2021-05-06 09:42:36,3088.1,247624
2021-05-06 09:42:38,3088.1,247634
2021-05-06 09:42:39,3088.1,247634
2021-05-06 09:42:40,3088.05,247635
2021-05-06 09:42:41,3088.05,247708
2021-05-06 09:42:42,3088.05,247708
2021-05-06 09:42:43,3088.05,247739
2021-05-06 09:42:44,3088.05,247760
2021-05-06 09:42:45,3088.05,247761
2021-05-06 09:42:46,3087.95,247834
2021-05-06 09:42:47,3087.9,248478
2021-05-06 09:42:48,3088.0,248503
2021-05-06 09:42:49,3088.0,248503
2021-05-06 09:42:50,3088.0,248503
2021-05-06 09:42:51,3087.95,248576
2021-05-06 09:42:52,3087.95,248580
2021-05-06 09:42:53,3087.95,248580
2021-05-06 09:42:54,3087.95,248580
2021-05-06 09:42:55,3087.95,248580
2021-05-06 09:42:56,3087.95,248746
2021-05-06 09:42:57,3088.0,248759
2021-05-06 09:42:58,3088.0,248759
2021-05-06 09:42:59,3088.0,248759
2021-05-06 09:43:00,3087.9,248791
2021-05-06 09:43:00,3087.9,248791
2021-05-06 09:43:01,3087.9,248841
2021-05-06 09:43:02,3087.3,249075
2021-05-06 09:43:03,3087.5,249083
2021-05-06 09:43:04,3087.5,249083
2021-05-06 09:43:05,3087.5,249083
2021-05-06 09:43:07,3087.5,249143
2021-05-06 09:43:08,3087.5,249143
2021-05-06 09:43:09,3087.5,249143
2021-05-06 09:43:10,3087.5,249143
2021-05-06 09:43:11,3086.55,250135
2021-05-06 09:43:12,3087.4,250351
2021-05-06 09:43:13,3087.4,250351
2021-05-06 09:43:14,3087.35,250379
2021-05-06 09:43:15,3087.35,250379
2021-05-06 09:43:16,3087.0,250492
2021-05-06 09:43:17,3087.0,250492
2021-05-06 09:43:18,3087.0,250492
2021-05-06 09:43:19,3086.95,250504
2021-05-06 09:43:19,3086.95,250502
2021-05-06 09:43:21,3086.95,250516
2021-05-06 09:43:22,3086.95,250518
2021-05-06 09:43:23,3086.95,250671
2021-05-06 09:43:24,3086.95,250671
2021-05-06 09:43:25,3086.95,250871
2021-05-06 09:43:26,3086.5,250872
2021-05-06 09:43:27,3086.5,250872
2021-05-06 09:43:27,3086.5,250872
2021-05-06 09:43:28,3086.5,250872
2021-05-06 09:43:30,3086.5,250906
2021-05-06 09:43:30,3086.9,250986
2021-05-06 09:43:31,3086.35,251046
2021-05-06 09:43:32,3086.9,251055
2021-05-06 09:43:33,3086.9,251075
2021-05-06 09:43:34,3086.7,251080
2021-05-06 09:43:35,3086.8,251082
2021-05-06 09:43:36,3086.8,251082
2021-05-06 09:43:37,3086.8,251082
2021-05-06 09:43:38,3086.8,251110
2021-05-06 09:43:39,3086.8,251118
2021-05-06 09:43:40,3086.5,251231
2021-05-06 09:43:42,3086.5,251231
2021-05-06 09:43:43,3086.5,251231
2021-05-06 09:43:44,3086.35,251286
2021-05-06 09:43:45,3086.35,251286
2021-05-06 09:43:46,3086.5,251303
2021-05-06 09:43:47,3086.75,251306
2021-05-06 09:43:48,3086.75,251308
2021-05-06 09:43:49,3086.75,251387
2021-05-06 09:43:50,3086.5,251390
2021-05-06 09:43:51,3086.5,251398
2021-05-06 09:43:52,3086.5,251398
2021-05-06 09:43:53,3086.5,251449
2021-05-06 09:43:54,3086.7,251546
2021-05-06 09:43:54,3086.7,251504
2021-05-06 09:43:56,3086.7,251546
2021-05-06 09:43:57,3086.7,251546
2021-05-06 09:43:58,3086.35,251570
2021-05-06 09:44:00,3086.35,251670
2021-05-06 09:44:01,3086.65,251720
2021-05-06 09:44:01,3086.65,251720
2021-05-06 09:44:02,3086.65,251720
2021-05-06 09:44:03,3086.15,251995
2021-05-06 09:44:05,3086.6,252009
2021-05-06 09:44:07,3086.6,252049
2021-05-06 09:44:08,3086.6,252051
2021-05-06 09:44:09,3086.6,252051
2021-05-06 09:44:09,3086.1,252101
2021-05-06 09:44:10,3086.55,252103
2021-05-06 09:44:11,3086.55,252105
2021-05-06 09:44:12,3086.55,252110
2021-05-06 09:44:13,3086.55,252139
2021-05-06 09:44:14,3086.55,252139
2021-05-06 09:44:16,3086.5,252205
2021-05-06 09:44:17,3086.5,252205
2021-05-06 09:44:18,3086.5,252205
2021-05-06 09:44:19,3086.0,252680
2021-05-06 09:44:19,3085.0,254159
2021-05-06 09:44:20,3084.2,254183
2021-05-06 09:44:21,3084.9,254935
2021-05-06 09:44:22,3084.1,255202
2021-05-06 09:44:23,3084.9,255255
2021-05-06 09:44:24,3084.15,255257
2021-05-06 09:44:26,3084.15,255272
2021-05-06 09:44:27,3084.15,255322
2021-05-06 09:44:28,3084.9,255409
2021-05-06 09:44:28,3084.9,255409
2021-05-06 09:44:29,3084.0,255659
2021-05-06 09:44:30,3084.15,255709
2021-05-06 09:44:31,3084.0,255756
2021-05-06 09:44:32,3084.0,255756
2021-05-06 09:44:34,3084.8,255782
2021-05-06 09:44:35,3084.0,255812
2021-05-06 09:44:36,3084.0,255833
2021-05-06 09:44:37,3084.55,255845
2021-05-06 09:44:38,3084.55,255849
2021-05-06 09:44:39,3084.55,255849
2021-05-06 09:44:40,3084.55,255859
2021-05-06 09:44:41,3084.55,255859
2021-05-06 09:44:42,3084.0,255860
2021-05-06 09:44:43,3084.0,255873
2021-05-06 09:44:46,3084.5,256582
2021-05-06 09:44:47,3084.0,256595
2021-05-06 09:44:48,3085.25,259277
2021-05-06 09:44:48,3085.25,259277
2021-05-06 09:44:49,3085.45,259363
2021-05-06 09:44:50,3085.7,260019
2021-05-06 09:44:51,3085.35,260103
2021-05-06 09:44:53,3085.35,260103
2021-05-06 09:44:54,3085.85,260109
2021-05-06 09:44:55,3085.85,260129
2021-05-06 09:44:56,3085.7,260139
2021-05-06 09:44:56,3085.75,260327
2021-05-06 09:44:57,3085.75,260327
2021-05-06 09:44:58,3085.8,260335
2021-05-06 09:44:59,3085.8,260335
2021-05-06 09:45:01,3085.8,260463
2021-05-06 09:45:02,3085.75,261131
2021-05-06 09:45:03,3084.7,261274
2021-05-06 09:45:03,3084.55,261461
2021-05-06 09:45:05,3084.65,261467
2021-05-06 09:45:06,3083.8,261512
2021-05-06 09:45:07,3084.65,261517
2021-05-06 09:45:08,3084.0,261568
2021-05-06 09:45:09,3084.05,261668
2021-05-06 09:45:10,3084.65,261775
2021-05-06 09:45:11,3084.6,261776
2021-05-06 09:45:11,3084.6,261776
2021-05-06 09:45:15,3084.6,261777
2021-05-06 09:45:16,3084.6,261777
2021-05-06 09:45:17,3084.05,261859
2021-05-06 09:45:17,3084.05,261859
2021-05-06 09:45:18,3084.6,261867
2021-05-06 09:45:19,3084.05,262047
2021-05-06 09:45:20,3084.05,262129
2021-05-06 09:45:22,3084.05,262129
2021-05-06 09:45:23,3084.5,262160
2021-05-06 09:45:24,3084.5,262185
2021-05-06 09:45:26,3084.5,262259
2021-05-06 09:45:27,3084.5,262259
2021-05-06 09:45:28,3084.5,262269
2021-05-06 09:45:29,3084.5,262271
2021-05-06 09:45:30,3084.5,262271
2021-05-06 09:45:30,3084.5,262271
2021-05-06 09:45:31,3084.5,262273
2021-05-06 09:45:32,3084.5,262273
2021-05-06 09:45:33,3084.4,262293
2021-05-06 09:45:35,3084.4,262510
2021-05-06 09:45:36,3084.45,262586
2021-05-06 09:45:37,3084.45,262587
2021-05-06 09:45:38,3084.5,262650
2021-05-06 09:45:39,3085.0,262757
2021-05-06 09:45:40,3085.0,262757
2021-05-06 09:45:42,3085.75,262907
2021-05-06 09:45:41,3085.75,262907
2021-05-06 09:45:43,3085.75,262907
2021-05-06 09:45:44,3085.0,262962
2021-05-06 09:45:45,3085.0,262964
2021-05-06 09:45:45,3085.0,262964
2021-05-06 09:45:46,3085.0,262966
2021-05-06 09:45:47,3085.0,262966
2021-05-06 09:45:48,3085.0,262966
2021-05-06 09:45:49,3085.0,262967
2021-05-06 09:45:50,3085.5,263057
2021-05-06 09:45:52,3085.0,263114
2021-05-06 09:45:53,3085.0,263114
2021-05-06 09:45:54,3085.0,263114
2021-05-06 09:45:54,3085.0,263114
2021-05-06 09:45:55,3085.0,263201
2021-05-06 09:45:56,3085.0,263201
2021-05-06 09:45:57,3085.5,263209
2021-05-06 09:45:59,3085.0,263214
2021-05-06 09:45:59,3085.0,263214
2021-05-06 09:46:00,3085.5,263273
2021-05-06 09:46:01,3085.5,263273
2021-05-06 09:46:02,3085.5,263273
2021-05-06 09:46:03,3085.5,263323
2021-05-06 09:46:05,3085.45,263575
2021-05-06 09:46:06,3085.35,263677
2021-05-06 09:46:07,3085.35,263798
2021-05-06 09:46:08,3085.35,263798
2021-05-06 09:46:08,3085.25,263874
2021-05-06 09:46:10,3085.35,264039
2021-05-06 09:46:11,3085.25,264040
2021-05-06 09:46:12,3085.4,264041
2021-05-06 09:46:13,3086.0,264191
2021-05-06 09:46:14,3086.0,264191
2021-05-06 09:46:15,3086.0,264261
2021-05-06 09:46:15,3086.0,264261
2021-05-06 09:46:17,3085.6,264414
2021-05-06 09:46:18,3085.6,264414
2021-05-06 09:46:19,3085.6,264414
2021-05-06 09:46:20,3085.6,264414
2021-05-06 09:46:22,3085.5,264446
2021-05-06 09:46:23,3085.5,264446
2021-05-06 09:46:24,3085.5,264446
2021-05-06 09:46:25,3085.9,264456
2021-05-06 09:46:25,3085.5,264476
2021-05-06 09:46:27,3085.9,264533
2021-05-06 09:46:28,3086.0,264550
2021-05-06 09:46:28,3086.0,264640
2021-05-06 09:46:29,3086.0,264640
2021-05-06 09:46:30,3086.0,264640
2021-05-06 09:46:31,3086.0,264690
2021-05-06 09:46:33,3085.5,264716
2021-05-06 09:46:34,3085.5,264716
2021-05-06 09:46:35,3086.25,264914
2021-05-06 09:46:36,3086.25,264914
2021-05-06 09:46:37,3086.25,264915
2021-05-06 09:46:38,3086.25,264915
2021-05-06 09:46:39,3086.25,264915
2021-05-06 09:46:40,3087.0,265045
2021-05-06 09:46:41,3086.25,265135
2021-05-06 09:46:41,3086.25,265155
2021-05-06 09:46:42,3086.25,265160
2021-05-06 09:46:43,3086.25,265175
2021-05-06 09:46:44,3086.9,265216
2021-05-06 09:46:45,3086.9,265217
2021-05-06 09:46:47,3086.9,265217
2021-05-06 09:46:48,3087.6,265314
2021-05-06 09:46:48,3087.6,265314
2021-05-06 09:46:49,3087.75,265334
2021-05-06 09:46:51,3087.4,265392
2021-05-06 09:46:52,3087.4,265392
2021-05-06 09:46:53,3087.8,265510
2021-05-06 09:46:54,3088.0,265653
2021-05-06 09:46:55,3088.0,265653
2021-05-06 09:46:57,3087.25,266867
2021-05-06 09:46:58,3087.0,267063
2021-05-06 09:46:59,3086.9,267064
2021-05-06 09:47:00,3087.4,267142
2021-05-06 09:47:01,3087.4,267142
2021-05-06 09:47:02,3087.4,267142
2021-05-06 09:47:03,3087.4,267142
2021-05-06 09:47:04,3087.1,267180
2021-05-06 09:47:05,3086.95,267833
2021-05-06 09:47:06,3086.95,267833
2021-05-06 09:47:07,3086.95,267833
2021-05-06 09:47:08,3086.05,267843
2021-05-06 09:47:09,3086.05,267843
2021-05-06 09:47:10,3086.0,267900
2021-05-06 09:47:11,3086.85,267902
2021-05-06 09:47:12,3086.85,267902
2021-05-06 09:47:13,3086.85,267902
2021-05-06 09:47:14,3086.85,267985
2021-05-06 09:47:16,3086.85,268028
2021-05-06 09:47:17,3086.85,268030
2021-05-06 09:47:18,3086.85,268030
2021-05-06 09:47:18,3086.85,268030
2021-05-06 09:47:19,3086.85,268030
2021-05-06 09:47:20,3086.85,268030
2021-05-06 09:47:21,3086.85,268075
2021-05-06 09:47:23,3087.0,268575
2021-05-06 09:47:24,3086.85,268578
2021-05-06 09:47:25,3086.85,268586
2021-05-06 09:47:26,3086.85,268602
2021-05-06 09:47:27,3086.85,268602
2021-05-06 09:47:28,3086.0,268927
2021-05-06 09:47:29,3086.85,268957
2021-05-06 09:47:30,3086.85,268957
2021-05-06 09:47:31,3086.85,268957
2021-05-06 09:47:32,3086.0,269002
2021-05-06 09:47:33,3086.0,269027
2021-05-06 09:47:34,3085.95,269527
2021-05-06 09:47:35,3086.4,269748
2021-05-06 09:47:36,3085.95,269764
2021-05-06 09:47:37,3085.5,269772
2021-05-06 09:47:37,3085.5,269772
2021-05-06 09:47:38,3085.95,269832
2021-05-06 09:47:39,3085.95,269833
2021-05-06 09:47:40,3085.95,269833
2021-05-06 09:47:41,3085.8,269834
2021-05-06 09:47:43,3085.9,270043
2021-05-06 09:47:44,3085.9,270070
2021-05-06 09:47:45,3085.9,270070
2021-05-06 09:47:46,3085.5,270169
2021-05-06 09:47:47,3085.2,270296
2021-05-06 09:47:48,3085.2,270296
2021-05-06 09:47:49,3085.85,271153
2021-05-06 09:47:49,3085.85,271153
2021-05-06 09:47:50,3084.7,271478
2021-05-06 09:47:51,3085.05,271591
2021-05-06 09:47:52,3084.05,271609
2021-05-06 09:47:53,3082.0,272921
2021-05-06 09:47:55,3083.3,273625
2021-05-06 09:47:56,3083.25,273928
2021-05-06 09:47:57,3083.25,274138
2021-05-06 09:47:58,3083.2,274188
2021-05-06 09:47:59,3083.2,274188
2021-05-06 09:48:00,3082.65,274189
2021-05-06 09:48:01,3083.2,274538
2021-05-06 09:48:02,3084.15,274563
2021-05-06 09:48:03,3084.2,274588
2021-05-06 09:48:04,3085.15,274690
2021-05-06 09:48:04,3084.15,274590
2021-05-06 09:48:05,3084.05,274791
2021-05-06 09:48:07,3084.25,274806
2021-05-06 09:48:08,3084.6,274894
2021-05-06 09:48:09,3083.95,274989
2021-05-06 09:48:10,3083.95,274989
2021-05-06 09:48:11,3084.55,275009
2021-05-06 09:48:12,3083.6,275036
2021-05-06 09:48:13,3084.55,275040
2021-05-06 09:48:14,3084.55,275040
2021-05-06 09:48:15,3083.65,275095
2021-05-06 09:48:16,3084.55,275096
2021-05-06 09:48:17,3084.55,275096
2021-05-06 09:48:18,3084.5,275097
2021-05-06 09:48:19,3084.0,275715
2021-05-06 09:48:20,3083.95,275733
2021-05-06 09:48:21,3083.95,275974
2021-05-06 09:48:22,3083.9,275984
2021-05-06 09:48:23,3083.0,276165
2021-05-06 09:48:24,3083.95,276175
2021-05-06 09:48:25,3084.3,276375
2021-05-06 09:48:26,3083.9,276379
2021-05-06 09:48:27,3083.0,276430
2021-05-06 09:48:28,3083.85,276510
2021-05-06 09:48:29,3083.85,276514
2021-05-06 09:48:30,3083.8,276519
2021-05-06 09:48:31,3083.45,276679
2021-05-06 09:48:32,3083.65,276680
2021-05-06 09:48:33,3083.75,276705
2021-05-06 09:48:34,3083.75,276705
2021-05-06 09:48:35,3083.75,276705
2021-05-06 09:48:36,3083.5,276706
2021-05-06 09:48:37,3083.5,276713
2021-05-06 09:48:38,3083.5,276757
2021-05-06 09:48:39,3083.5,276760
2021-05-06 09:48:40,3083.5,276761
2021-05-06 09:48:41,3083.0,276777
2021-05-06 09:48:42,3083.5,276821
2021-05-06 09:48:43,3083.5,276821
2021-05-06 09:48:44,3083.5,276831
2021-05-06 09:48:46,3083.5,276831
2021-05-06 09:48:47,3083.5,276831
2021-05-06 09:48:48,3083.5,277031
2021-05-06 09:48:49,3083.5,277031
2021-05-06 09:48:51,3083.5,277126
2021-05-06 09:48:52,3083.0,277139
2021-05-06 09:48:53,3083.0,277142
2021-05-06 09:48:54,3083.5,277221
2021-05-06 09:48:55,3083.5,277247
2021-05-06 09:48:56,3083.0,277299
2021-05-06 09:48:57,3083.0,277309
2021-05-06 09:48:58,3083.65,277371
2021-05-06 09:48:59,3083.65,277371
2021-05-06 09:49:00,3083.5,277497
2021-05-06 09:49:01,3083.5,277672
2021-05-06 09:49:02,3083.5,277682
2021-05-06 09:49:03,3083.5,277687
2021-05-06 09:49:04,3083.0,277787
2021-05-06 09:49:05,3083.0,277787
2021-05-06 09:49:06,3083.25,277866
2021-05-06 09:49:07,3083.0,278166
2021-05-06 09:49:08,3083.5,278168
2021-05-06 09:49:09,3083.5,278168
2021-05-06 09:49:10,3083.0,278305
2021-05-06 09:49:11,3083.0,278335
2021-05-06 09:49:12,3083.0,278366
2021-05-06 09:49:13,3083.0,278366
2021-05-06 09:49:14,3083.5,278504
2021-05-06 09:49:15,3083.25,278534
2021-05-06 09:49:16,3083.25,278534
2021-05-06 09:49:17,3083.25,278534
2021-05-06 09:49:18,3083.25,278534
2021-05-06 09:49:20,3083.25,278534
2021-05-06 09:49:21,3083.25,278534
2021-05-06 09:49:22,3083.25,278534
2021-05-06 09:49:23,3083.25,278537
2021-05-06 09:49:24,3083.45,278569
2021-05-06 09:49:25,3083.45,278580
2021-05-06 09:49:26,3083.45,278616
2021-05-06 09:49:28,3083.45,278643
2021-05-06 09:49:27,3083.45,278616
2021-05-06 09:49:29,3083.45,278653
2021-05-06 09:49:30,3083.25,278654
2021-05-06 09:49:31,3083.45,278733
2021-05-06 09:49:32,3083.4,278907
2021-05-06 09:49:33,3083.45,278980
2021-05-06 09:49:34,3083.25,279080
2021-05-06 09:49:35,3083.2,279137
2021-05-06 09:49:36,3083.4,279150
2021-05-06 09:49:37,3083.0,279175
2021-05-06 09:49:38,3083.4,279186
2021-05-06 09:49:39,3083.35,279253
2021-05-06 09:49:40,3083.0,279353
2021-05-06 09:49:41,3083.4,279404
2021-05-06 09:49:42,3083.4,279410
2021-05-06 09:49:43,3083.4,279410
2021-05-06 09:49:44,3083.4,279412
2021-05-06 09:49:45,3083.4,279420
2021-05-06 09:49:46,3083.4,279420
2021-05-06 09:49:47,3083.35,279426
2021-05-06 09:49:48,3083.4,279490
2021-05-06 09:49:49,3083.4,279530
2021-05-06 09:49:50,3083.4,279555
2021-05-06 09:49:51,3083.4,279608
2021-05-06 09:49:52,3083.45,279685
2021-05-06 09:49:53,3083.4,279691
2021-05-06 09:49:54,3083.4,279742
2021-05-06 09:49:55,3083.4,279742
2021-05-06 09:49:56,3083.45,279743
2021-05-06 09:49:57,3083.45,279743
2021-05-06 09:49:58,3083.45,279743
2021-05-06 09:49:59,3083.45,279743
2021-05-06 09:50:00,3083.4,279761
2021-05-06 09:50:01,3083.4,279861
2021-05-06 09:50:02,3083.4,280079
2021-05-06 09:50:03,3083.4,280079
2021-05-06 09:50:04,3083.35,280180
2021-05-06 09:50:05,3083.35,280277
2021-05-06 09:50:06,3083.25,280307
2021-05-06 09:50:07,3083.3,280362
2021-05-06 09:50:08,3083.3,280417
2021-05-06 09:50:09,3083.3,280537
2021-05-06 09:50:10,3083.25,280959
2021-05-06 09:50:11,3083.25,280964
2021-05-06 09:50:12,3083.3,280989
2021-05-06 09:50:13,3083.25,281189
2021-05-06 09:50:14,3083.3,281190
2021-05-06 09:50:15,3083.25,281293
2021-05-06 09:50:16,3083.25,281293
2021-05-06 09:50:17,3083.3,281360
2021-05-06 09:50:18,3083.1,281387
2021-05-06 09:50:19,3083.3,281389
2021-05-06 09:50:20,3083.0,281649
2021-05-06 09:50:23,3083.3,281689
2021-05-06 09:50:24,3083.3,281689
2021-05-06 09:50:25,3083.15,281729
2021-05-06 09:50:26,3083.0,282434
2021-05-06 09:50:27,3083.3,282444
2021-05-06 09:50:28,3083.15,282454
2021-05-06 09:50:29,3083.15,282454
2021-05-06 09:50:30,3083.3,282640
2021-05-06 09:50:31,3083.0,282761
2021-05-06 09:50:32,3083.2,282771
2021-05-06 09:50:33,3083.2,282875
2021-05-06 09:50:34,3084.0,283451
2021-05-06 09:50:35,3083.95,283501
2021-05-06 09:50:36,3083.65,283513
2021-05-06 09:50:37,3083.85,283517
2021-05-06 09:50:38,3083.8,283521
2021-05-06 09:50:39,3083.85,283522
2021-05-06 09:50:40,3083.8,283525
2021-05-06 09:50:41,3085.65,284391
2021-05-06 09:50:42,3085.65,284391
2021-05-06 09:50:43,3085.0,284465
2021-05-06 09:50:44,3084.95,284466
2021-05-06 09:50:45,3084.95,284472
2021-05-06 09:50:46,3084.95,284473
2021-05-06 09:50:47,3084.95,284517
2021-05-06 09:50:48,3085.0,284673
2021-05-06 09:50:49,3084.95,284690
2021-05-06 09:50:50,3085.0,284706
2021-05-06 09:50:51,3084.95,284707
2021-05-06 09:50:52,3085.0,284838
2021-05-06 09:50:53,3084.95,284863
2021-05-06 09:50:54,3084.95,284863
2021-05-06 09:50:55,3084.95,284863
2021-05-06 09:50:57,3085.0,284879
2021-05-06 09:50:57,3085.0,284879
2021-05-06 09:50:58,3085.0,284879
2021-05-06 09:50:59,3085.25,284884
2021-05-06 09:51:00,3086.0,284973
2021-05-06 09:51:01,3086.0,284973
2021-05-06 09:51:02,3086.0,284973
2021-05-06 09:51:03,3086.0,284973
2021-05-06 09:51:04,3086.0,284973
2021-05-06 09:51:05,3086.0,284998
2021-05-06 09:51:06,3085.4,285015
2021-05-06 09:51:07,3086.0,285052
2021-05-06 09:51:08,3086.9,285133
2021-05-06 09:51:09,3086.55,285137
2021-05-06 09:51:10,3087.0,285163
2021-05-06 09:51:11,3087.0,285181
2021-05-06 09:51:12,3087.0,285363
2021-05-06 09:51:13,3086.95,285365
2021-05-06 09:51:14,3087.0,285415
2021-05-06 09:51:15,3087.0,285482
2021-05-06 09:51:16,3087.0,285482
2021-05-06 09:51:17,3086.7,285542
2021-05-06 09:51:18,3086.95,285547
2021-05-06 09:51:19,3086.95,285547
2021-05-06 09:51:20,3086.95,285547
2021-05-06 09:51:21,3086.95,285552
2021-05-06 09:51:22,3086.95,285557
2021-05-06 09:51:24,3086.95,285617
2021-05-06 09:51:25,3085.75,285677
2021-05-06 09:51:26,3085.75,285677
2021-05-06 09:51:27,3086.85,285778
2021-05-06 09:51:28,3086.85,285778
2021-05-06 09:51:29,3086.8,285786
2021-05-06 09:51:31,3086.8,285887
2021-05-06 09:51:32,3086.8,285893
2021-05-06 09:51:34,3086.8,285894
2021-05-06 09:51:35,3086.8,285894
2021-05-06 09:51:36,3086.8,285894
2021-05-06 09:51:37,3086.8,285894
2021-05-06 09:51:38,3086.8,285894
2021-05-06 09:51:39,3086.8,285904
2021-05-06 09:51:40,3086.8,285904
2021-05-06 09:51:41,3086.8,285904
2021-05-06 09:51:43,3086.8,285904
2021-05-06 09:51:43,3086.0,285954
2021-05-06 09:51:44,3086.8,286004
2021-05-06 09:51:45,3086.8,286010
2021-05-06 09:51:46,3086.8,286012
2021-05-06 09:51:47,3086.8,286012
2021-05-06 09:51:48,3086.8,286109
2021-05-06 09:51:49,3086.8,286139
2021-05-06 09:51:50,3086.8,286139
2021-05-06 09:51:51,3086.0,286144
2021-05-06 09:51:52,3086.0,286144
2021-05-06 09:51:54,3086.0,286244
2021-05-06 09:51:54,3086.0,286277
2021-05-06 09:51:55,3086.0,286288
2021-05-06 09:51:56,3085.85,286297
2021-05-06 09:51:57,3086.0,286348
2021-05-06 09:51:58,3085.85,286448
2021-05-06 09:51:59,3085.85,286448
2021-05-06 09:52:00,3085.85,286460
2021-05-06 09:52:02,3085.85,286485
2021-05-06 09:52:02,3085.85,286485
2021-05-06 09:52:03,3085.85,286485
2021-05-06 09:52:05,3085.85,286519
2021-05-06 09:52:06,3085.85,286590
2021-05-06 09:52:07,3085.85,286590
2021-05-06 09:52:08,3085.85,286590
2021-05-06 09:52:10,3085.75,286611
2021-05-06 09:52:11,3085.75,286611
2021-05-06 09:52:13,3085.85,286682
2021-05-06 09:52:13,3085.85,286682
2021-05-06 09:52:14,3085.75,286695
2021-05-06 09:52:15,3085.85,287155
2021-05-06 09:52:16,3085.85,287155
2021-05-06 09:52:17,3086.0,287302
2021-05-06 09:52:18,3086.0,287302
2021-05-06 09:52:19,3086.3,287304
2021-05-06 09:52:20,3086.35,287383
2021-05-06 09:52:21,3086.35,287383
2021-05-06 09:52:22,3085.95,287393
2021-05-06 09:52:24,3085.95,287393
2021-05-06 09:52:24,3085.95,287425
2021-05-06 09:52:25,3085.95,287427
2021-05-06 09:52:26,3085.95,287428
2021-05-06 09:52:27,3085.85,287431
2021-05-06 09:52:28,3085.95,287436
2021-05-06 09:52:29,3085.95,287436
2021-05-06 09:52:31,3085.95,287437
2021-05-06 09:52:32,3085.85,287542
2021-05-06 09:52:34,3085.95,287553
2021-05-06 09:52:34,3085.95,287553
2021-05-06 09:52:35,3085.85,287554
2021-05-06 09:52:36,3085.85,287554
2021-05-06 09:52:37,3086.35,287724
2021-05-06 09:52:38,3086.35,287724
2021-05-06 09:52:40,3085.95,287725
2021-05-06 09:52:41,3086.75,287826
2021-05-06 09:52:43,3086.75,287827
2021-05-06 09:52:44,3086.75,287851
2021-05-06 09:52:45,3086.9,287866
2021-05-06 09:52:46,3086.9,287949
2021-05-06 09:52:48,3086.9,287949
2021-05-06 09:52:48,3086.9,287986
2021-05-06 09:52:49,3086.95,287987
2021-05-06 09:52:51,3086.95,287987
2021-05-06 09:52:52,3087.0,288033
2021-05-06 09:52:52,3087.0,288033
2021-05-06 09:52:53,3087.0,288033
2021-05-06 09:52:54,3087.0,288033
2021-05-06 09:52:55,3086.65,288247
2021-05-06 09:52:56,3087.0,288252
2021-05-06 09:52:57,3086.65,288263
2021-05-06 09:52:58,3086.9,288265
2021-05-06 09:52:59,3086.9,288265
2021-05-06 09:53:00,3086.9,288265
2021-05-06 09:53:01,3086.9,288770
2021-05-06 09:53:02,3086.65,288815
2021-05-06 09:53:03,3086.65,289122
2021-05-06 09:53:05,3086.9,289227
2021-05-06 09:53:06,3086.85,289230
2021-05-06 09:53:07,3086.85,289230
2021-05-06 09:53:07,3086.85,289230
2021-05-06 09:53:08,3086.85,289230
2021-05-06 09:53:09,3086.85,289230
2021-05-06 09:53:10,3086.65,289307
2021-05-06 09:53:11,3086.85,289335
2021-05-06 09:53:12,3086.85,289335
2021-05-06 09:53:13,3086.85,289335
2021-05-06 09:53:15,3086.85,289415
2021-05-06 09:53:17,3086.85,289636
2021-05-06 09:53:18,3086.85,289636
2021-05-06 09:53:19,3086.85,289637
2021-05-06 09:53:20,3086.75,289677
2021-05-06 09:53:20,3086.85,289639
2021-05-06 09:53:21,3085.9,289697
2021-05-06 09:53:22,3085.9,289697
2021-05-06 09:53:23,3085.55,289749
2021-05-06 09:53:24,3086.65,289751
2021-05-06 09:53:25,3086.6,289752
2021-05-06 09:53:26,3086.55,289753
2021-05-06 09:53:27,3086.55,289753
2021-05-06 09:53:28,3086.55,289753
2021-05-06 09:53:29,3086.55,289779
2021-05-06 09:53:31,3086.5,289784
2021-05-06 09:53:32,3086.55,289823
2021-05-06 09:53:33,3086.5,289852
2021-05-06 09:53:34,3086.5,289858
2021-05-06 09:53:35,3086.5,289874
2021-05-06 09:53:36,3086.55,289928
2021-05-06 09:53:37,3086.4,289958
2021-05-06 09:53:38,3086.6,290058
2021-05-06 09:53:39,3086.6,290058
2021-05-06 09:53:40,3086.4,290074
2021-05-06 09:53:42,3086.0,290078
2021-05-06 09:53:43,3086.5,290083
2021-05-06 09:53:44,3085.15,290183
2021-05-06 09:53:45,3085.15,290183
2021-05-06 09:53:45,3086.25,290198
2021-05-06 09:53:46,3086.25,290198
2021-05-06 09:53:47,3086.25,290198
2021-05-06 09:53:48,3086.25,290198
2021-05-06 09:53:49,3085.25,290219
2021-05-06 09:53:50,3085.25,290219
2021-05-06 09:53:52,3085.25,290219
2021-05-06 09:53:53,3085.25,290219
2021-05-06 09:53:54,3086.2,290278
2021-05-06 09:53:54,3086.2,290278
2021-05-06 09:53:55,3086.2,290278
2021-05-06 09:53:56,3085.15,290337
2021-05-06 09:53:57,3085.15,290337
2021-05-06 09:53:58,3085.15,290337
2021-05-06 09:54:00,3085.1,290369
2021-05-06 09:54:01,3085.25,290444
2021-05-06 09:54:02,3085.25,290464
2021-05-06 09:54:03,3085.25,290572
2021-05-06 09:54:03,3085.25,290572
2021-05-06 09:54:04,3085.25,290572
2021-05-06 09:54:05,3085.0,290602
2021-05-06 09:54:06,3085.0,290627
2021-05-06 09:54:07,3085.2,290652
2021-05-06 09:54:08,3085.25,290756
2021-05-06 09:54:09,3085.25,290756
2021-05-06 09:54:10,3085.15,290766
2021-05-06 09:54:12,3085.25,290776
2021-05-06 09:54:13,3085.25,290776
2021-05-06 09:54:14,3085.0,290826
2021-05-06 09:54:15,3085.25,290883
2021-05-06 09:54:15,3085.25,290883
2021-05-06 09:54:16,3085.25,290883
2021-05-06 09:54:17,3085.25,290952
2021-05-06 09:54:18,3085.25,290977
2021-05-06 09:54:19,3085.25,290997
2021-05-06 09:54:20,3085.35,291029
2021-05-06 09:54:21,3086.6,291329
2021-05-06 09:54:22,3085.75,291336
2021-05-06 09:54:23,3086.7,291362
2021-05-06 09:54:24,3086.75,291449
2021-05-06 09:54:26,3086.75,291449
2021-05-06 09:54:27,3086.75,291450
2021-05-06 09:54:28,3087.0,291543
2021-05-06 09:54:28,3087.0,291543
2021-05-06 09:54:29,3086.2,291544
2021-05-06 09:54:30,3086.2,291544
2021-05-06 09:54:31,3086.2,291544
2021-05-06 09:54:32,3086.2,291544
2021-05-06 09:54:33,3086.2,291544
2021-05-06 09:54:37,3086.2,291586
2021-05-06 09:54:38,3086.2,291611
2021-05-06 09:54:39,3086.2,291611
2021-05-06 09:54:39,3086.2,291611
2021-05-06 09:54:40,3086.95,291637
2021-05-06 09:54:41,3086.95,291637
2021-05-06 09:54:43,3086.95,291637
2021-05-06 09:54:43,3086.95,291637
2021-05-06 09:54:44,3086.95,291637
2021-05-06 09:54:45,3086.9,291697
2021-05-06 09:54:46,3087.0,291837
2021-05-06 09:54:47,3087.0,291837
2021-05-06 09:54:48,3087.0,292027
2021-05-06 09:54:49,3087.0,292027
2021-05-06 09:54:50,3086.2,292047
2021-05-06 09:54:52,3086.95,292049
2021-05-06 09:54:53,3086.95,292049
2021-05-06 09:54:55,3086.95,292049
2021-05-06 09:54:56,3086.95,292049
2021-05-06 09:54:57,3086.95,292049
2021-05-06 09:54:58,3086.5,292052
2021-05-06 09:55:00,3086.85,292067
2021-05-06 09:55:00,3086.85,292067
2021-05-06 09:55:01,3086.4,292132
2021-05-06 09:55:02,3086.85,292137
2021-05-06 09:55:03,3086.85,292137
2021-05-06 09:55:04,3086.85,292145
2021-05-06 09:55:05,3086.85,292145
2021-05-06 09:55:06,3086.4,292146
2021-05-06 09:55:08,3086.85,292148
2021-05-06 09:55:09,3086.85,292148
2021-05-06 09:55:12,3086.85,292158
2021-05-06 09:55:13,3086.85,292158
2021-05-06 09:55:14,3086.85,292277
2021-05-06 09:55:14,3086.85,292302
2021-05-06 09:55:15,3086.85,292303
2021-05-06 09:55:16,3086.85,292303
2021-05-06 09:55:17,3086.85,292323
2021-05-06 09:55:19,3086.4,292415
2021-05-06 09:55:20,3086.85,292425
2021-05-06 09:55:21,3086.85,292527
2021-05-06 09:55:22,3086.4,292528
2021-05-06 09:55:22,3086.4,292528
2021-05-06 09:55:23,3086.4,292528
2021-05-06 09:55:25,3086.4,292528
2021-05-06 09:55:26,3086.4,292528
2021-05-06 09:55:28,3086.85,292584
2021-05-06 09:55:28,3086.85,292587
2021-05-06 09:55:29,3086.85,292627
2021-05-06 09:55:30,3086.4,292628
2021-05-06 09:55:31,3086.85,292641
2021-05-06 09:55:33,3086.85,292726
2021-05-06 09:55:33,3086.85,292726
2021-05-06 09:55:34,3086.5,292769
2021-05-06 09:55:35,3086.5,292769
2021-05-06 09:55:36,3086.5,292769
2021-05-06 09:55:37,3086.75,292773
2021-05-06 09:55:38,3086.75,292773
2021-05-06 09:55:39,3086.75,292773
2021-05-06 09:55:40,3086.75,292773
2021-05-06 09:55:41,3086.75,292785
2021-05-06 09:55:42,3086.75,292785
2021-05-06 09:55:43,3086.75,292785
2021-05-06 09:55:45,3086.75,292785
2021-05-06 09:55:46,3086.75,292808
2021-05-06 09:55:46,3086.75,292808
2021-05-06 09:55:47,3086.75,292808
2021-05-06 09:55:48,3086.75,292843
2021-05-06 09:55:49,3086.75,292848
2021-05-06 09:55:50,3086.75,292848
2021-05-06 09:55:51,3086.75,292848
2021-05-06 09:55:52,3086.75,292848
2021-05-06 09:55:53,3086.75,292849
2021-05-06 09:55:55,3086.75,292869
2021-05-06 09:55:56,3086.5,292899
2021-05-06 09:55:57,3086.75,293048
2021-05-06 09:55:58,3086.75,293058
2021-05-06 09:55:59,3086.75,293188
2021-05-06 09:56:00,3086.75,293188
2021-05-06 09:56:01,3086.75,293188
2021-05-06 09:56:02,3086.7,293241
2021-05-06 09:56:02,3086.7,293241
2021-05-06 09:56:03,3086.7,293241
2021-05-06 09:56:04,3086.7,293246
2021-05-06 09:56:05,3086.7,293306
2021-05-06 09:56:06,3086.5,293307
2021-05-06 09:56:07,3086.5,293307
2021-05-06 09:56:08,3086.5,293308
2021-05-06 09:56:09,3086.5,293309
2021-05-06 09:56:10,3086.5,293309
2021-05-06 09:56:11,3086.7,293314
2021-05-06 09:56:12,3086.7,293314
2021-05-06 09:56:13,3086.7,293314
2021-05-06 09:56:14,3086.7,293395
2021-05-06 09:56:15,3086.7,293395
2021-05-06 09:56:16,3086.7,293395
2021-05-06 09:56:17,3086.7,293396
2021-05-06 09:56:18,3086.7,293396
2021-05-06 09:56:19,3086.7,293396
2021-05-06 09:56:21,3086.7,293406
2021-05-06 09:56:22,3087.15,294185
2021-05-06 09:56:23,3087.15,294185
2021-05-06 09:56:23,3087.15,294185
2021-05-06 09:56:24,3087.45,294335
2021-05-06 09:56:25,3087.5,294394
2021-05-06 09:56:26,3087.5,294394
2021-05-06 09:56:27,3087.5,294394
2021-05-06 09:56:28,3087.5,294473
2021-05-06 09:56:30,3087.0,294478
2021-05-06 09:56:31,3087.0,294480
2021-05-06 09:56:32,3087.5,294482
2021-05-06 09:56:33,3087.5,294493
2021-05-06 09:56:34,3087.5,294493
2021-05-06 09:56:35,3087.5,294493
2021-05-06 09:56:36,3087.0,294494
2021-05-06 09:56:37,3087.0,294495
2021-05-06 09:56:38,3087.5,294497
2021-05-06 09:56:39,3087.0,294527
2021-05-06 09:56:39,3087.0,294527
2021-05-06 09:56:40,3086.55,295216
2021-05-06 09:56:41,3087.35,295217
2021-05-06 09:56:42,3086.9,295467
2021-05-06 09:56:43,3086.9,295469
2021-05-06 09:56:44,3087.35,295471
2021-05-06 09:56:45,3087.35,295475
2021-05-06 09:56:46,3087.35,295475
2021-05-06 09:56:47,3087.35,295475
2021-05-06 09:56:49,3087.35,295475
2021-05-06 09:56:50,3087.35,295475
2021-05-06 09:56:51,3087.35,295484
2021-05-06 09:56:52,3087.35,295782
2021-05-06 09:56:52,3087.35,295782
2021-05-06 09:56:54,3087.35,295872
2021-05-06 09:56:55,3087.35,295877
2021-05-06 09:56:56,3087.35,295943
2021-05-06 09:56:57,3087.35,295943
2021-05-06 09:56:57,3087.35,295943
2021-05-06 09:56:58,3087.35,295943
2021-05-06 09:56:59,3087.45,296000
2021-05-06 09:57:00,3087.35,296019
2021-05-06 09:57:01,3087.45,296042
2021-05-06 09:57:03,3087.45,296042
2021-05-06 09:57:04,3087.45,296042
2021-05-06 09:57:05,3087.35,296087
2021-05-06 09:57:05,3087.35,296087
2021-05-06 09:57:06,3087.35,296087
2021-05-06 09:57:07,3087.35,296087
2021-05-06 09:57:08,3087.35,296088
2021-05-06 09:57:09,3087.35,296097
2021-05-06 09:57:11,3087.35,296097
2021-05-06 09:57:12,3087.35,296117
2021-05-06 09:57:13,3087.35,296117
2021-05-06 09:57:14,3087.35,296196
2021-05-06 09:57:14,3087.35,296196
2021-05-06 09:57:15,3087.35,296202
2021-05-06 09:57:16,3087.35,296202
2021-05-06 09:57:17,3087.35,296202
2021-05-06 09:57:19,3087.25,296284
2021-05-06 09:57:20,3087.25,296351
2021-05-06 09:57:21,3087.3,296359
2021-05-06 09:57:22,3087.25,296409
2021-05-06 09:57:23,3087.25,296410
2021-05-06 09:57:24,3087.3,296527
2021-05-06 09:57:25,3087.25,296568
2021-05-06 09:57:26,3087.25,296758
2021-05-06 09:57:27,3087.25,296758
2021-05-06 09:57:27,3087.25,296766
2021-05-06 09:57:28,3085.25,297721
2021-05-06 09:57:30,3086.1,298031
2021-05-06 09:57:31,3086.1,298081
2021-05-06 09:57:32,3086.1,298081
2021-05-06 09:57:33,3086.1,298081
2021-05-06 09:57:34,3085.25,298167
2021-05-06 09:57:35,3085.25,298167
2021-05-06 09:57:36,3085.25,298167
2021-05-06 09:57:37,3085.25,298167
2021-05-06 09:57:39,3086.05,298171
2021-05-06 09:57:40,3086.05,298231
2021-05-06 09:57:41,3086.05,298231
2021-05-06 09:57:42,3086.05,298231
2021-05-06 09:57:43,3086.05,298231
2021-05-06 09:57:45,3085.25,298321
2021-05-06 09:57:46,3085.25,298341
2021-05-06 09:57:48,3085.25,298341
2021-05-06 09:57:49,3085.25,298341
2021-05-06 09:57:50,3085.25,298426
2021-05-06 09:57:51,3085.25,298426
2021-05-06 09:57:52,3085.5,298504
2021-05-06 09:57:53,3085.5,298529
2021-05-06 09:57:53,3085.5,298529
2021-05-06 09:57:56,3084.95,299609
2021-05-06 09:57:57,3084.85,299698
2021-05-06 09:57:58,3083.7,299831
2021-05-06 09:57:58,3083.7,299831
2021-05-06 09:58:00,3083.05,300160
2021-05-06 09:58:01,3083.05,300170
2021-05-06 09:58:02,3083.75,300334
2021-05-06 09:58:03,3083.75,300334
2021-05-06 09:58:04,3083.0,300339
2021-05-06 09:58:05,3083.0,300339
2021-05-06 09:58:05,3083.0,300339
2021-05-06 09:58:07,3083.0,300339
2021-05-06 09:58:08,3083.0,300339
2021-05-06 09:58:09,3083.0,300339
2021-05-06 09:58:10,3083.0,300429
2021-05-06 09:58:11,3083.0,300429
2021-05-06 09:58:12,3083.0,300429
2021-05-06 09:58:13,3083.0,300429
2021-05-06 09:58:14,3083.75,300976
2021-05-06 09:58:15,3083.75,300976
2021-05-06 09:58:16,3083.75,301147
2021-05-06 09:58:17,3083.0,301157
2021-05-06 09:58:18,3083.0,301164
2021-05-06 09:58:19,3083.75,301174
2021-05-06 09:58:20,3083.7,301176
2021-05-06 09:58:20,3083.7,301176
2021-05-06 09:58:22,3083.7,301191
2021-05-06 09:58:23,3083.05,301246
2021-05-06 09:58:24,3083.75,301306
2021-05-06 09:58:25,3083.75,301306
2021-05-06 09:58:26,3083.75,301306
2021-05-06 09:58:27,3083.75,301311
2021-05-06 09:58:28,3083.75,301311
2021-05-06 09:58:29,3083.7,301320
2021-05-06 09:58:30,3083.7,301320
2021-05-06 09:58:31,3083.7,301368
2021-05-06 09:58:32,3083.7,301373
2021-05-06 09:58:33,3083.7,301373
2021-05-06 09:58:33,3083.15,301377
2021-05-06 09:58:35,3085.25,301952
2021-05-06 09:58:36,3085.25,301952
2021-05-06 09:58:36,3085.25,301952
2021-05-06 09:58:37,3085.2,302026
2021-05-06 09:58:39,3085.2,302048
2021-05-06 09:58:40,3085.75,302058
2021-05-06 09:58:41,3085.75,302058
2021-05-06 09:58:41,3085.75,302058
2021-05-06 09:58:42,3085.75,302086
2021-05-06 09:58:43,3085.85,302117
2021-05-06 09:58:45,3085.75,302684
2021-05-06 09:58:47,3084.85,302696
2021-05-06 09:58:49,3084.85,302928
2021-05-06 09:58:51,3083.95,302947
2021-05-06 09:58:52,3083.95,302947
2021-05-06 09:58:53,3083.5,303054
2021-05-06 09:58:54,3083.7,303084
2021-05-06 09:58:55,3084.15,303087
2021-05-06 09:58:56,3084.15,303087
2021-05-06 09:58:58,3084.15,303088
2021-05-06 09:58:59,3084.15,303109
2021-05-06 09:59:00,3084.15,303109
2021-05-06 09:59:01,3084.15,303110
2021-05-06 09:59:02,3084.1,303237
2021-05-06 09:59:03,3084.1,303237
2021-05-06 09:59:04,3083.85,303353
2021-05-06 09:59:05,3083.85,303353
2021-05-06 09:59:06,3083.85,303353
2021-05-06 09:59:07,3083.85,303378
2021-05-06 09:59:07,3083.85,303378
2021-05-06 09:59:08,3083.85,303388
2021-05-06 09:59:10,3084.75,303392
2021-05-06 09:59:11,3085.0,303595
2021-05-06 09:59:12,3085.15,303596
2021-05-06 09:59:13,3085.0,303671
2021-05-06 09:59:14,3085.15,303741
2021-05-06 09:59:14,3085.0,303671
2021-05-06 09:59:15,3085.75,303778
2021-05-06 09:59:17,3085.75,303778
2021-05-06 09:59:18,3085.75,303841
2021-05-06 09:59:19,3085.75,303841
2021-05-06 09:59:19,3085.75,303841
2021-05-06 09:59:20,3085.75,303841
2021-05-06 09:59:22,3085.55,303842
2021-05-06 09:59:23,3085.55,303842
2021-05-06 09:59:24,3085.55,303842
2021-05-06 09:59:25,3085.0,303846
2021-05-06 09:59:26,3085.55,303847
2021-05-06 09:59:26,3085.55,303847
2021-05-06 09:59:28,3085.55,303935
2021-05-06 09:59:30,3085.55,303935
2021-05-06 09:59:30,3085.55,303935
2021-05-06 09:59:31,3085.55,303935
2021-05-06 09:59:32,3085.55,303942
2021-05-06 09:59:34,3085.55,303942
2021-05-06 09:59:35,3085.55,303942
2021-05-06 09:59:36,3085.55,304042
2021-05-06 09:59:37,3085.55,304042
2021-05-06 09:59:38,3085.0,304142
2021-05-06 09:59:39,3085.0,304142
2021-05-06 09:59:40,3085.55,304241
2021-05-06 09:59:41,3085.55,304241
2021-05-06 09:59:42,3085.55,304460
2021-05-06 09:59:43,3085.55,304460
2021-05-06 09:59:44,3085.55,304460
2021-05-06 09:59:45,3085.55,304486
2021-05-06 09:59:46,3085.0,304496
2021-05-06 09:59:47,3085.0,304496
2021-05-06 09:59:48,3085.0,305228
2021-05-06 09:59:49,3084.0,305241
2021-05-06 09:59:50,3084.0,305241
2021-05-06 09:59:51,3083.2,305251
2021-05-06 09:59:52,3083.2,305251
2021-05-06 09:59:53,3083.2,305251
2021-05-06 09:59:54,3083.95,305499
2021-05-06 09:59:55,3083.95,305499
2021-05-06 09:59:56,3083.95,305499
2021-05-06 09:59:57,3083.2,305507
2021-05-06 09:59:58,3083.2,305507
2021-05-06 09:59:59,3083.9,305512
2021-05-06 10:00:00,3083.9,305573
2021-05-06 10:00:01,3083.15,305774
2021-05-06 10:00:03,3083.15,305774
2021-05-06 10:00:04,3083.15,305774
2021-05-06 10:00:05,3083.15,305774
2021-05-06 10:00:07,3083.15,305774
2021-05-06 10:00:08,3083.15,305774
2021-05-06 10:00:09,3083.85,305786
2021-05-06 10:00:11,3083.85,305800
2021-05-06 10:00:10,3083.85,305800
2021-05-06 10:00:12,3083.85,305800
2021-05-06 10:00:13,3083.85,305800
2021-05-06 10:00:14,3083.5,305939
2021-05-06 10:00:15,3083.5,305939
2021-05-06 10:00:16,3083.5,305939
2021-05-06 10:00:17,3083.35,305945
2021-05-06 10:00:19,3083.35,305945
2021-05-06 10:00:18,3083.35,305945
2021-05-06 10:00:20,3083.35,305945
2021-05-06 10:00:21,3083.15,306074
2021-05-06 10:00:22,3083.15,306074
2021-05-06 10:00:23,3083.0,306219
2021-05-06 10:00:24,3083.25,306239
2021-05-06 10:00:25,3083.0,306339
2021-05-06 10:00:26,3083.25,306350
2021-05-06 10:00:27,3083.0,306415
2021-05-06 10:00:28,3083.15,306416
2021-05-06 10:00:29,3083.15,306533
2021-05-06 10:00:30,3083.15,306591
2021-05-06 10:00:31,3083.15,306614
2021-05-06 10:00:32,3083.15,306732
2021-05-06 10:00:33,3083.15,306732
2021-05-06 10:00:34,3083.15,306912
2021-05-06 10:00:35,3083.15,306912
2021-05-06 10:00:36,3083.0,307062
2021-05-06 10:00:38,3083.0,307062
2021-05-06 10:00:39,3083.0,307086
2021-05-06 10:00:40,3083.0,307086
2021-05-06 10:00:41,3083.0,307087
2021-05-06 10:00:42,3083.0,307127
2021-05-06 10:00:43,3083.15,307134
2021-05-06 10:00:44,3083.0,307173
2021-05-06 10:00:45,3083.15,307176
2021-05-06 10:00:46,3083.15,307176
2021-05-06 10:00:47,3083.15,307176
2021-05-06 10:00:48,3083.15,307176
2021-05-06 10:00:49,3083.0,307183
2021-05-06 10:00:50,3083.15,307273
2021-05-06 10:00:51,3083.15,307273
2021-05-06 10:00:52,3082.75,307652
2021-05-06 10:00:53,3082.0,307965
2021-05-06 10:00:54,3082.7,307970
2021-05-06 10:00:55,3082.0,308129
2021-05-06 10:00:56,3082.0,308130
2021-05-06 10:00:57,3082.7,308150
2021-05-06 10:00:58,3082.7,308151
2021-05-06 10:00:59,3082.7,308151
2021-05-06 10:01:00,3082.7,308151
2021-05-06 10:01:01,3082.7,308159
2021-05-06 10:01:02,3082.7,308159
2021-05-06 10:01:03,3082.0,308171
2021-05-06 10:01:04,3082.7,308191
2021-05-06 10:01:05,3082.7,308191
2021-05-06 10:01:06,3082.7,308194
2021-05-06 10:01:07,3082.7,308212
2021-05-06 10:01:08,3082.35,308313
2021-05-06 10:01:09,3082.0,308323
2021-05-06 10:01:10,3082.0,308504
2021-05-06 10:01:11,3082.0,308554
2021-05-06 10:01:12,3082.0,308554
2021-05-06 10:01:13,3082.0,308569
2021-05-06 10:01:14,3082.35,308629
2021-05-06 10:01:15,3082.35,308629
2021-05-06 10:01:17,3082.1,308698
2021-05-06 10:01:18,3082.25,308701
2021-05-06 10:01:19,3082.25,308701
2021-05-06 10:01:21,3082.25,308701
2021-05-06 10:01:20,3082.25,308701
2021-05-06 10:01:22,3082.1,308733
2021-05-06 10:01:23,3082.2,308861
2021-05-06 10:01:25,3082.1,308943
2021-05-06 10:01:24,3082.2,308893
2021-05-06 10:01:26,3082.0,309043
2021-05-06 10:01:27,3082.0,309052
2021-05-06 10:01:28,3082.0,309059
2021-05-06 10:01:29,3082.0,309059
2021-05-06 10:01:30,3082.1,309183
2021-05-06 10:01:31,3082.1,309183
2021-05-06 10:01:32,3082.0,309483
2021-05-06 10:01:33,3082.1,309767
2021-05-06 10:01:34,3082.0,309832
2021-05-06 10:01:35,3082.05,310011
2021-05-06 10:01:36,3082.05,310011
2021-05-06 10:01:37,3082.0,310047
2021-05-06 10:01:38,3082.05,310144
2021-05-06 10:01:39,3082.0,310218
2021-05-06 10:01:40,3082.0,310275
2021-05-06 10:01:41,3082.0,310275
2021-05-06 10:01:42,3082.0,310275
2021-05-06 10:01:43,3081.2,310329
2021-05-06 10:01:44,3081.2,310329
2021-05-06 10:01:45,3081.1,310547
2021-05-06 10:01:46,3081.0,310697
2021-05-06 10:01:47,3081.2,310702
2021-05-06 10:01:48,3081.2,310702
2021-05-06 10:01:49,3081.2,310802
2021-05-06 10:01:50,3081.2,310807
2021-05-06 10:01:51,3081.0,310812
2021-05-06 10:01:52,3081.0,310814
2021-05-06 10:01:53,3081.0,310814
2021-05-06 10:01:54,3081.0,311009
2021-05-06 10:01:56,3081.15,311116
2021-05-06 10:01:57,3081.2,311155
2021-05-06 10:01:58,3081.2,311155
2021-05-06 10:01:58,3081.2,311155
2021-05-06 10:01:59,3081.0,311355
2021-05-06 10:02:00,3081.15,311371
2021-05-06 10:02:01,3081.15,311371
2021-05-06 10:02:02,3081.15,311402
2021-05-06 10:02:03,3080.95,311478
2021-05-06 10:02:04,3081.0,311529
2021-05-06 10:02:05,3081.0,311579
2021-05-06 10:02:06,3081.0,311853
2021-05-06 10:02:07,3081.0,311961
2021-05-06 10:02:08,3081.0,312144
2021-05-06 10:02:09,3080.95,312169
2021-05-06 10:02:11,3081.0,312298
2021-05-06 10:02:11,3081.0,312298
2021-05-06 10:02:13,3079.0,315317
2021-05-06 10:02:15,3079.65,316586
2021-05-06 10:02:15,3079.55,315679
2021-05-06 10:02:16,3079.55,316956
2021-05-06 10:02:17,3079.45,317221
2021-05-06 10:02:18,3079.45,317221
2021-05-06 10:02:19,3079.45,317221
2021-05-06 10:02:20,3079.2,317384
2021-05-06 10:02:21,3080.15,317389
2021-05-06 10:02:22,3080.0,317442
2021-05-06 10:02:24,3078.35,317793
2021-05-06 10:02:27,3078.4,318343
2021-05-06 10:02:27,3078.4,318343
2021-05-06 10:02:28,3078.45,318361
2021-05-06 10:02:29,3079.75,318536
2021-05-06 10:02:30,3078.25,319166
2021-05-06 10:02:32,3078.75,319486
2021-05-06 10:02:33,3080.0,319734
2021-05-06 10:02:34,3080.0,319744
2021-05-06 10:02:35,3079.3,319775
2021-05-06 10:02:36,3078.5,319795
2021-05-06 10:02:37,3078.5,319795
2021-05-06 10:02:38,3078.5,319810
2021-05-06 10:02:39,3079.3,319850
2021-05-06 10:02:40,3078.0,320170
2021-05-06 10:02:41,3078.0,320307
2021-05-06 10:02:43,3078.15,320799
2021-05-06 10:02:43,3078.15,320799
2021-05-06 10:02:45,3078.15,320799
2021-05-06 10:02:45,3078.0,320807
2021-05-06 10:02:46,3078.1,320821
2021-05-06 10:02:47,3078.1,320936
2021-05-06 10:02:49,3078.1,321137
2021-05-06 10:02:48,3078.1,321137
2021-05-06 10:02:50,3078.0,321687
2021-05-06 10:02:51,3078.9,321725
2021-05-06 10:02:52,3078.1,321751
2021-05-06 10:02:53,3078.8,321953
2021-05-06 10:02:54,3079.9,321960
2021-05-06 10:02:55,3079.05,322358
2021-05-06 10:02:56,3080.0,322923
2021-05-06 10:02:57,3078.9,323176
2021-05-06 10:02:58,3080.0,323181
2021-05-06 10:02:59,3080.0,323216
2021-05-06 10:03:00,3078.65,323519
2021-05-06 10:03:01,3078.65,323519
2021-05-06 10:03:02,3078.65,323519
2021-05-06 10:03:03,3079.55,323524
2021-05-06 10:03:04,3078.4,323539
2021-05-06 10:03:05,3078.4,323540
2021-05-06 10:03:07,3079.4,323551
2021-05-06 10:03:07,3078.4,323601
2021-05-06 10:03:09,3078.4,323601
2021-05-06 10:03:09,3078.4,323601
2021-05-06 10:03:10,3079.2,323611
2021-05-06 10:03:11,3078.1,323711
2021-05-06 10:03:12,3078.1,323711
2021-05-06 10:03:13,3078.1,323711
2021-05-06 10:03:14,3079.0,323712
2021-05-06 10:03:15,3079.15,323881
2021-05-06 10:03:16,3079.2,324062
2021-05-06 10:03:17,3078.0,324063
2021-05-06 10:03:18,3078.95,324100
2021-05-06 10:03:20,3078.9,324101
2021-05-06 10:03:20,3078.9,324101
2021-05-06 10:03:21,3078.9,324101
2021-05-06 10:03:22,3078.9,324101
2021-05-06 10:03:23,3078.1,324106
2021-05-06 10:03:24,3078.1,324133
2021-05-06 10:03:25,3078.1,324266
2021-05-06 10:03:26,3078.1,324266
2021-05-06 10:03:27,3078.7,324276
2021-05-06 10:03:28,3078.7,324301
2021-05-06 10:03:29,3078.5,324331
2021-05-06 10:03:30,3078.7,324404
2021-05-06 10:03:31,3078.5,324414
2021-05-06 10:03:33,3078.5,324414
2021-05-06 10:03:34,3078.5,324414
2021-05-06 10:03:35,3078.5,324428
2021-05-06 10:03:35,3078.0,324728
2021-05-06 10:03:37,3078.7,324789
2021-05-06 10:03:38,3078.9,325124
2021-05-06 10:03:39,3078.9,325124
2021-05-06 10:03:40,3078.9,325125
2021-05-06 10:03:41,3078.9,325125
2021-05-06 10:03:43,3078.7,325148
2021-05-06 10:03:44,3078.7,325148
2021-05-06 10:03:44,3078.7,325148
2021-05-06 10:03:45,3078.7,325195
2021-05-06 10:03:46,3079.05,325245
2021-05-06 10:03:47,3078.7,325266
2021-05-06 10:03:48,3079.45,325347
2021-05-06 10:03:49,3079.45,325347
2021-05-06 10:03:50,3078.7,325348
2021-05-06 10:03:51,3079.45,325351
2021-05-06 10:03:52,3078.6,326181
2021-05-06 10:03:53,3079.35,326182
2021-05-06 10:03:54,3079.4,326199
2021-05-06 10:03:55,3079.35,326279
2021-05-06 10:03:56,3079.4,326368
2021-05-06 10:03:57,3079.4,326368
2021-05-06 10:03:58,3079.45,326427
2021-05-06 10:03:59,3079.5,326470
2021-05-06 10:04:01,3078.9,326477
2021-05-06 10:04:02,3079.5,326492
2021-05-06 10:04:03,3079.5,326492
2021-05-06 10:04:03,3078.9,326493
2021-05-06 10:04:05,3078.9,326814
2021-05-06 10:04:06,3079.5,326832
2021-05-06 10:04:07,3079.5,326853
2021-05-06 10:04:07,3079.5,326853
2021-05-06 10:04:08,3079.5,326853
2021-05-06 10:04:09,3080.0,327040
2021-05-06 10:04:10,3080.0,327087
2021-05-06 10:04:11,3080.1,327094
2021-05-06 10:04:12,3079.7,327144
2021-05-06 10:04:13,3080.5,327194
2021-05-06 10:04:14,3080.0,327214
2021-05-06 10:04:16,3080.0,327285
2021-05-06 10:04:17,3080.0,327290
2021-05-06 10:04:19,3081.5,327608
2021-05-06 10:04:20,3081.0,327611
2021-05-06 10:04:21,3081.5,327862
2021-05-06 10:04:22,3081.5,327879
2021-05-06 10:04:23,3083.5,328244
2021-05-06 10:04:23,3083.5,328244
2021-05-06 10:04:24,3080.55,328662
2021-05-06 10:04:25,3080.55,328662
2021-05-06 10:04:26,3081.2,328715
2021-05-06 10:04:27,3082.1,328753
2021-05-06 10:04:28,3081.45,328784
2021-05-06 10:04:29,3082.65,328790
2021-05-06 10:04:30,3082.65,328899
2021-05-06 10:04:31,3083.45,328964
2021-05-06 10:04:32,3083.45,328964
2021-05-06 10:04:33,3082.05,328997
2021-05-06 10:04:35,3082.05,328997
2021-05-06 10:04:35,3082.05,328997
2021-05-06 10:04:36,3082.5,329002
2021-05-06 10:04:37,3082.65,329102
2021-05-06 10:04:38,3083.0,329119
2021-05-06 10:04:39,3082.1,329219
2021-05-06 10:04:40,3082.15,329421
2021-05-06 10:04:41,3082.7,329423
2021-05-06 10:04:43,3082.7,329423
2021-05-06 10:04:44,3083.25,329571
2021-05-06 10:04:45,3082.3,329576
2021-05-06 10:04:45,3082.3,329576
2021-05-06 10:04:46,3083.0,329586
2021-05-06 10:04:47,3083.0,329596
2021-05-06 10:04:48,3083.4,329677
2021-05-06 10:04:49,3083.15,329708
2021-05-06 10:04:52,3083.0,329859
2021-05-06 10:04:53,3083.0,329859
2021-05-06 10:04:54,3083.0,329861
2021-05-06 10:04:54,3083.0,329862
2021-05-06 10:04:55,3083.0,329884
2021-05-06 10:04:56,3083.0,329884
2021-05-06 10:04:57,3083.0,329884
2021-05-06 10:04:58,3083.0,329926
2021-05-06 10:04:59,3083.0,329926
2021-05-06 10:05:00,3083.0,329926
2021-05-06 10:05:02,3082.6,330016
2021-05-06 10:05:03,3082.6,330016
2021-05-06 10:05:04,3083.0,330101
2021-05-06 10:05:05,3083.0,330101
2021-05-06 10:05:06,3083.0,330101
2021-05-06 10:05:06,3083.0,330101
2021-05-06 10:05:07,3083.0,330101
2021-05-06 10:05:08,3083.0,330101
2021-05-06 10:05:09,3083.4,330102
2021-05-06 10:05:10,3083.4,330102
2021-05-06 10:05:11,3083.0,330152
2021-05-06 10:05:13,3083.4,330162
2021-05-06 10:05:16,3084.35,330755
2021-05-06 10:05:17,3083.85,330766
2021-05-06 10:05:18,3083.85,330818
2021-05-06 10:05:19,3084.55,330885
2021-05-06 10:05:20,3084.5,330915
2021-05-06 10:05:21,3084.5,330965
2021-05-06 10:05:22,3084.3,330972
2021-05-06 10:05:23,3084.3,330972
2021-05-06 10:05:24,3083.0,330973
2021-05-06 10:05:25,3084.05,330983
2021-05-06 10:05:26,3084.3,331083
2021-05-06 10:05:27,3085.0,331663
2021-05-06 10:05:28,3085.0,331713
2021-05-06 10:05:29,3083.85,331972
2021-05-06 10:05:30,3083.85,331972
2021-05-06 10:05:31,3084.05,331973
2021-05-06 10:05:32,3084.7,332033
2021-05-06 10:05:33,3084.7,332034
2021-05-06 10:05:34,3084.05,332037
2021-05-06 10:05:35,3084.05,332037
2021-05-06 10:05:36,3084.05,332037
2021-05-06 10:05:38,3084.05,332037
2021-05-06 10:05:39,3084.7,332044
2021-05-06 10:05:40,3084.7,332144
2021-05-06 10:05:41,3084.3,332290
2021-05-06 10:05:41,3084.3,332290
2021-05-06 10:05:42,3084.3,332290
2021-05-06 10:05:43,3084.35,332339
2021-05-06 10:05:44,3084.35,332339
2021-05-06 10:05:45,3084.0,332441
