timestamp,ltp,volume
2021-05-06 09:07:58,493.7,24419
2021-05-06 09:15:00,493.2,26649
2021-05-06 09:15:10,493.6,57481
2021-05-06 09:15:19,494.45,91994
2021-05-06 09:15:27,494.65,120775
2021-05-06 09:15:35,494.2,175425
2021-05-06 09:15:41,494.05,198841
2021-05-06 09:15:49,494.1,211530
2021-05-06 09:15:56,494.1,224839
2021-05-06 09:16:02,494.7,232200
2021-05-06 09:16:09,494.7,239197
2021-05-06 09:16:15,495.2,252485
2021-05-06 09:16:21,495.45,268765
2021-05-06 09:16:27,495.25,273299
2021-05-06 09:16:33,495.15,286345
2021-05-06 09:16:39,495.2,310229
2021-05-06 09:16:45,494.85,322995
2021-05-06 09:16:52,494.85,327362
2021-05-06 09:16:58,494.7,332783
2021-05-06 09:17:04,495.1,348265
2021-05-06 09:17:10,495.15,352051
2021-05-06 09:17:16,495.05,357699
2021-05-06 09:17:22,494.95,359807
2021-05-06 09:17:28,495.0,370874
2021-05-06 09:17:34,495.1,382370
2021-05-06 09:17:40,495.1,398297
2021-05-06 09:17:46,495.1,401014
2021-05-06 09:17:52,495.5,415155
2021-05-06 09:17:59,495.35,426381
2021-05-06 09:18:04,495.25,429437
2021-05-06 09:18:10,495.15,441087
2021-05-06 09:18:17,495.1,444690
2021-05-06 09:18:23,494.9,463404
2021-05-06 09:18:29,494.7,477537
2021-05-06 09:18:34,495.0,497543
2021-05-06 09:18:40,495.1,501101
2021-05-06 09:18:46,494.9,503796
2021-05-06 09:18:52,494.75,505583
2021-05-06 09:18:58,494.65,510124
2021-05-06 09:19:04,494.5,511465
2021-05-06 09:19:10,494.3,531309
2021-05-06 09:19:15,493.3,549617
2021-05-06 09:19:21,493.2,557292
2021-05-06 09:19:27,493.3,569760
2021-05-06 09:19:33,493.35,579270
2021-05-06 09:19:38,493.05,586285
2021-05-06 09:19:44,493.05,594642
2021-05-06 09:19:51,493.3,602025
2021-05-06 09:19:57,493.15,617681
2021-05-06 09:20:03,492.85,624657
2021-05-06 09:20:08,493.0,632578
2021-05-06 09:20:14,493.1,635687
2021-05-06 09:20:19,493.1,636866
2021-05-06 09:20:24,493.0,651360
2021-05-06 09:20:30,493.3,662077
2021-05-06 09:20:35,493.1,668930
2021-05-06 09:20:46,492.3,679344
2021-05-06 09:20:57,491.75,698369
2021-05-06 09:21:03,491.7,704145
2021-05-06 09:21:08,491.75,714192
2021-05-06 09:21:14,491.9,716606
2021-05-06 09:21:19,492.0,720915
2021-05-06 09:21:24,491.85,739395
2021-05-06 09:21:25,491.9,739982
2021-05-06 09:21:26,491.85,741109
2021-05-06 09:21:27,491.9,744254
2021-05-06 09:21:28,491.85,744698
2021-05-06 09:21:29,491.85,745805
2021-05-06 09:21:29,491.85,747607
2021-05-06 09:21:31,491.9,748933
2021-05-06 09:21:32,491.9,749884
2021-05-06 09:21:33,491.85,750333
2021-05-06 09:21:33,491.95,750434
2021-05-06 09:21:34,492.05,755545
2021-05-06 09:21:36,492.0,755640
2021-05-06 09:21:36,492.15,755733
2021-05-06 09:21:37,492.15,755844
2021-05-06 09:21:38,492.15,755867
2021-05-06 09:21:39,492.15,756005
2021-05-06 09:21:40,491.95,758098
2021-05-06 09:21:41,492.0,758258
2021-05-06 09:21:43,492.15,764115
2021-05-06 09:21:44,492.15,764157
2021-05-06 09:21:44,492.15,764162
2021-05-06 09:21:46,492.15,765748
2021-05-06 09:21:46,492.15,765748
2021-05-06 09:21:47,492.1,766804
2021-05-06 09:21:50,491.9,776072
2021-05-06 09:21:51,491.9,776093
2021-05-06 09:21:52,491.9,776181
2021-05-06 09:21:54,491.9,776478
2021-05-06 09:21:55,491.85,776771
2021-05-06 09:21:55,491.8,776944
2021-05-06 09:21:56,491.8,776945
2021-05-06 09:21:57,491.8,777627
2021-05-06 09:21:59,491.2,783724
2021-05-06 09:21:59,491.15,784217
2021-05-06 09:22:00,490.65,799350
2021-05-06 09:22:01,490.75,802397
2021-05-06 09:22:03,490.5,803642
2021-05-06 09:22:03,490.35,804634
2021-05-06 09:22:04,490.3,805417
2021-05-06 09:22:05,490.5,808483
2021-05-06 09:22:07,490.5,808639
2021-05-06 09:22:07,490.6,809139
2021-05-06 09:22:08,490.6,810505
2021-05-06 09:22:09,490.3,813056
2021-05-06 09:22:10,490.3,813406
2021-05-06 09:22:13,490.45,813775
2021-05-06 09:22:14,490.45,813833
2021-05-06 09:22:15,490.45,816075
2021-05-06 09:22:15,490.45,816088
2021-05-06 09:22:16,490.35,819033
2021-05-06 09:22:17,490.45,819238
2021-05-06 09:22:19,490.45,819626
2021-05-06 09:22:19,490.4,819673
2021-05-06 09:22:20,490.45,820717
2021-05-06 09:22:21,490.4,820879
2021-05-06 09:22:22,490.5,821454
2021-05-06 09:22:24,490.6,821804
2021-05-06 09:22:24,490.4,821811
2021-05-06 09:22:25,490.4,821814
2021-05-06 09:22:26,490.55,821876
2021-05-06 09:22:27,490.6,822078
2021-05-06 09:22:29,490.5,822707
2021-05-06 09:22:29,490.3,825465
2021-05-06 09:22:30,490.45,827048
2021-05-06 09:22:31,490.7,827189
2021-05-06 09:22:33,490.55,827520
2021-05-06 09:22:34,490.75,827796
2021-05-06 09:22:35,490.55,828050
2021-05-06 09:22:36,490.75,828219
2021-05-06 09:22:36,490.55,828451
2021-05-06 09:22:38,490.55,838028
2021-05-06 09:22:39,490.6,838412
2021-05-06 09:22:40,490.5,838438
2021-05-06 09:22:42,490.6,838886
2021-05-06 09:22:42,490.5,839408
2021-05-06 09:22:43,490.6,839898
2021-05-06 09:22:44,490.6,840022
2021-05-06 09:22:47,490.6,840401
2021-05-06 09:22:48,490.7,841234
2021-05-06 09:22:50,490.75,842006
2021-05-06 09:22:51,490.7,842136
2021-05-06 09:22:52,490.7,842463
2021-05-06 09:22:53,490.7,842609
2021-05-06 09:22:54,490.8,845033
2021-05-06 09:22:55,490.7,845296
2021-05-06 09:22:56,490.6,845920
2021-05-06 09:22:56,490.7,845970
2021-05-06 09:22:58,490.7,846179
2021-05-06 09:22:58,490.7,846390
2021-05-06 09:23:00,491.2,856611
2021-05-06 09:23:01,491.15,856846
2021-05-06 09:23:02,491.1,856890
2021-05-06 09:23:03,491.1,856990
2021-05-06 09:23:04,491.1,857194
2021-05-06 09:23:05,491.1,859066
2021-05-06 09:23:06,490.85,860658
2021-05-06 09:23:07,490.8,860826
2021-05-06 09:23:08,491.0,860852
2021-05-06 09:23:09,491.1,861271
2021-05-06 09:23:10,491.0,861340
2021-05-06 09:23:11,490.75,867545
2021-05-06 09:23:12,490.7,885452
2021-05-06 09:23:13,490.85,886185
2021-05-06 09:23:14,490.85,886185
2021-05-06 09:23:15,490.85,888889
2021-05-06 09:23:16,490.7,889334
2021-05-06 09:23:16,490.7,889334
2021-05-06 09:23:18,490.85,889845
2021-05-06 09:23:18,490.8,889965
2021-05-06 09:23:19,490.8,890581
2021-05-06 09:23:21,490.8,891989
2021-05-06 09:23:22,490.7,892189
2021-05-06 09:23:23,490.7,892239
2021-05-06 09:23:24,490.85,892739
2021-05-06 09:23:25,490.7,892868
2021-05-06 09:23:26,490.8,892877
2021-05-06 09:23:28,490.85,892902
2021-05-06 09:23:29,490.85,892910
2021-05-06 09:23:30,490.85,894673
2021-05-06 09:23:31,490.9,894744
2021-05-06 09:23:32,490.9,895266
2021-05-06 09:23:33,490.95,895469
2021-05-06 09:23:34,490.9,895822
2021-05-06 09:23:35,490.85,896097
2021-05-06 09:23:36,490.85,896099
2021-05-06 09:23:37,490.9,896929
2021-05-06 09:23:38,490.85,897030
2021-05-06 09:23:39,490.85,897051
2021-05-06 09:23:40,490.85,899789
2021-05-06 09:23:41,490.85,901496
2021-05-06 09:23:42,490.85,901762
2021-05-06 09:23:43,490.9,901969
2021-05-06 09:23:44,490.9,901991
2021-05-06 09:23:45,490.9,901993
2021-05-06 09:23:46,490.85,903739
2021-05-06 09:23:47,490.95,904054
2021-05-06 09:23:48,490.95,904086
2021-05-06 09:23:49,490.85,904126
2021-05-06 09:23:50,490.95,904204
2021-05-06 09:23:51,490.95,904484
2021-05-06 09:23:51,490.95,904281
2021-05-06 09:23:52,490.7,907686
2021-05-06 09:23:53,490.8,908163
2021-05-06 09:23:54,490.8,908246
2021-05-06 09:23:56,490.8,908255
2021-05-06 09:23:57,490.8,911245
2021-05-06 09:23:58,490.95,911248
2021-05-06 09:23:59,490.85,913678
2021-05-06 09:24:00,490.85,913698
2021-05-06 09:24:01,490.95,916979
2021-05-06 09:24:02,490.95,917122
2021-05-06 09:24:03,490.85,917756
2021-05-06 09:24:04,490.85,917756
2021-05-06 09:24:05,490.95,917881
2021-05-06 09:24:06,490.85,922794
2021-05-06 09:24:07,490.85,922814
2021-05-06 09:24:08,490.8,922860
2021-05-06 09:24:09,490.75,924664
2021-05-06 09:24:10,490.85,924694
2021-05-06 09:24:11,490.85,924744
2021-05-06 09:24:12,490.8,924952
2021-05-06 09:24:13,490.85,925720
2021-05-06 09:24:14,490.85,926127
2021-05-06 09:24:15,490.85,926753
2021-05-06 09:24:16,490.85,926753
2021-05-06 09:24:17,490.9,926758
2021-05-06 09:24:18,490.95,927561
2021-05-06 09:24:19,490.95,927576
2021-05-06 09:24:20,490.8,927606
2021-05-06 09:24:21,490.8,927606
2021-05-06 09:24:22,490.95,927611
2021-05-06 09:24:23,490.95,927613
2021-05-06 09:24:24,490.95,927916
2021-05-06 09:24:25,490.95,927941
2021-05-06 09:24:26,490.95,928024
2021-05-06 09:24:27,490.95,928029
2021-05-06 09:24:28,490.95,928030
2021-05-06 09:24:29,490.95,928040
2021-05-06 09:24:30,490.9,928330
2021-05-06 09:24:30,490.9,928330
2021-05-06 09:24:32,491.0,928383
2021-05-06 09:24:33,491.0,928503
2021-05-06 09:24:34,491.0,928574
2021-05-06 09:24:35,491.0,928632
2021-05-06 09:24:36,490.8,941622
2021-05-06 09:24:37,490.75,942825
2021-05-06 09:24:38,490.85,943700
2021-05-06 09:24:39,490.8,943860
2021-05-06 09:24:39,490.85,943859
2021-05-06 09:24:42,490.6,957547
2021-05-06 09:24:43,490.6,958364
2021-05-06 09:24:44,490.6,958401
2021-05-06 09:24:45,490.55,959259
2021-05-06 09:24:46,490.55,959259
2021-05-06 09:24:47,490.6,959881
2021-05-06 09:24:48,490.5,960394
2021-05-06 09:24:49,490.6,960434
2021-05-06 09:24:50,490.5,960771
2021-05-06 09:24:51,490.6,960881
2021-05-06 09:24:52,490.5,963038
2021-05-06 09:24:53,490.25,1017397
2021-05-06 09:24:54,490.05,1017511
2021-05-06 09:24:55,490.55,1019426
2021-05-06 09:24:56,490.35,1019450
2021-05-06 09:24:57,490.25,1019950
2021-05-06 09:24:58,490.3,1020291
2021-05-06 09:24:59,490.4,1020865
2021-05-06 09:25:00,490.4,1020865
2021-05-06 09:25:00,490.35,1020880
2021-05-06 09:25:02,490.3,1020976
2021-05-06 09:25:03,490.4,1021898
2021-05-06 09:25:04,490.3,1022065
2021-05-06 09:25:05,490.3,1022065
2021-05-06 09:25:06,490.45,1027428
2021-05-06 09:25:07,490.45,1027645
2021-05-06 09:25:08,490.4,1027646
2021-05-06 09:25:09,490.25,1027897
2021-05-06 09:25:10,490.4,1028580
2021-05-06 09:25:10,490.4,1028580
2021-05-06 09:25:12,490.2,1029483
2021-05-06 09:25:13,490.2,1030263
2021-05-06 09:25:15,490.4,1031770
2021-05-06 09:25:16,490.4,1031770
2021-05-06 09:25:17,490.15,1033280
2021-05-06 09:25:18,490.4,1033300
2021-05-06 09:25:19,490.4,1033925
2021-05-06 09:25:20,490.25,1034067
2021-05-06 09:25:21,490.25,1034577
2021-05-06 09:25:22,490.25,1034687
2021-05-06 09:25:23,490.25,1035152
2021-05-06 09:25:24,490.25,1035543
2021-05-06 09:25:25,490.25,1035931
2021-05-06 09:25:26,490.1,1036521
2021-05-06 09:25:27,490.1,1036742
2021-05-06 09:25:28,490.1,1036994
2021-05-06 09:25:28,490.25,1037009
2021-05-06 09:25:29,490.1,1037431
2021-05-06 09:25:30,490.25,1037632
2021-05-06 09:25:32,490.0,1038574
2021-05-06 09:25:33,490.25,1039986
2021-05-06 09:25:34,490.25,1040059
2021-05-06 09:25:35,490.0,1040559
2021-05-06 09:25:36,490.2,1040580
2021-05-06 09:25:37,490.2,1040595
2021-05-06 09:25:38,490.05,1040892
2021-05-06 09:25:39,490.25,1041752
2021-05-06 09:25:40,490.3,1041791
2021-05-06 09:25:41,490.05,1043442
2021-05-06 09:25:43,490.3,1044904
2021-05-06 09:25:42,490.05,1044803
2021-05-06 09:25:44,490.3,1045421
2021-05-06 09:25:45,490.3,1047573
2021-05-06 09:25:46,490.45,1048379
2021-05-06 09:25:47,490.25,1049378
2021-05-06 09:25:48,490.45,1049490
2021-05-06 09:25:49,490.45,1049490
2021-05-06 09:25:50,490.45,1050910
2021-05-06 09:25:51,490.65,1052110
2021-05-06 09:25:52,490.6,1052405
2021-05-06 09:25:53,490.4,1052767
2021-05-06 09:25:54,490.6,1052938
2021-05-06 09:25:55,490.4,1053038
2021-05-06 09:25:56,490.6,1053159
2021-05-06 09:25:56,490.5,1053160
2021-05-06 09:25:57,490.4,1053260
2021-05-06 09:25:59,490.45,1053290
2021-05-06 09:26:00,490.6,1053705
2021-05-06 09:26:01,490.6,1053774
2021-05-06 09:26:02,490.4,1053780
2021-05-06 09:26:03,490.45,1053790
2021-05-06 09:26:04,490.4,1053842
2021-05-06 09:26:05,490.55,1053911
2021-05-06 09:26:07,490.6,1056003
2021-05-06 09:26:08,490.7,1056279
2021-05-06 09:26:09,490.5,1056294
2021-05-06 09:26:09,490.5,1056294
2021-05-06 09:26:10,490.45,1060262
2021-05-06 09:26:11,490.4,1062385
2021-05-06 09:26:12,490.15,1075827
2021-05-06 09:26:14,490.1,1076545
2021-05-06 09:26:15,490.0,1077573
2021-05-06 09:26:16,490.15,1077678
2021-05-06 09:26:17,490.15,1078083
2021-05-06 09:26:18,490.15,1078105
2021-05-06 09:26:19,490.15,1078226
2021-05-06 09:26:20,490.1,1079528
2021-05-06 09:26:21,490.15,1079730
2021-05-06 09:26:22,490.0,1079886
2021-05-06 09:26:23,490.15,1079964
2021-05-06 09:26:24,490.15,1079964
2021-05-06 09:26:25,490.1,1080277
2021-05-06 09:26:26,489.6,1085582
2021-05-06 09:26:27,489.65,1087660
2021-05-06 09:26:28,489.6,1088091
2021-05-06 09:26:29,489.75,1088193
2021-05-06 09:26:30,489.7,1088912
2021-05-06 09:26:31,489.65,1089257
2021-05-06 09:26:32,489.65,1089387
2021-05-06 09:26:33,489.75,1089677
2021-05-06 09:26:33,489.75,1089677
2021-05-06 09:26:34,489.7,1089797
2021-05-06 09:26:35,489.8,1091586
2021-05-06 09:26:36,490.2,1097028
2021-05-06 09:26:37,490.3,1097739
2021-05-06 09:26:39,490.05,1098245
2021-05-06 09:26:40,490.3,1098425
2021-05-06 09:26:41,490.2,1098825
2021-05-06 09:26:42,490.15,1100135
2021-05-06 09:26:43,490.15,1100956
2021-05-06 09:26:44,490.3,1100966
2021-05-06 09:26:45,490.3,1101046
2021-05-06 09:26:46,490.3,1101182
2021-05-06 09:26:47,489.7,1115225
2021-05-06 09:26:48,489.7,1115746
2021-05-06 09:26:49,489.7,1116187
2021-05-06 09:26:50,489.7,1116477
2021-05-06 09:26:50,489.7,1116477
2021-05-06 09:26:52,489.7,1116548
2021-05-06 09:26:53,489.75,1118701
2021-05-06 09:26:54,489.6,1118831
2021-05-06 09:26:55,489.9,1119915
2021-05-06 09:26:56,489.9,1120217
2021-05-06 09:26:57,489.75,1120348
2021-05-06 09:26:58,489.6,1120383
2021-05-06 09:26:59,489.6,1121066
2021-05-06 09:27:00,489.7,1121827
2021-05-06 09:27:01,489.7,1122059
2021-05-06 09:27:02,489.6,1123078
2021-05-06 09:27:03,489.6,1123315
2021-05-06 09:27:04,489.55,1123415
2021-05-06 09:27:05,489.6,1123502
2021-05-06 09:27:06,489.55,1136024
2021-05-06 09:27:06,489.65,1136324
2021-05-06 09:27:07,489.55,1136335
2021-05-06 09:27:08,489.7,1136846
2021-05-06 09:27:09,489.5,1142280
2021-05-06 09:27:10,489.55,1142316
2021-05-06 09:27:12,489.5,1143035
2021-05-06 09:27:13,489.6,1143050
2021-05-06 09:27:14,489.55,1144816
2021-05-06 09:27:15,489.5,1144955
2021-05-06 09:27:16,489.6,1145056
2021-05-06 09:27:17,489.6,1147195
2021-05-06 09:27:18,489.6,1147340
2021-05-06 09:27:19,489.6,1147846
2021-05-06 09:27:20,489.5,1148450
2021-05-06 09:27:21,489.6,1148618
2021-05-06 09:27:22,489.5,1148669
2021-05-06 09:27:23,489.5,1148861
2021-05-06 09:27:24,489.5,1150572
2021-05-06 09:27:25,489.6,1150618
2021-05-06 09:27:26,489.6,1151470
2021-05-06 09:27:27,489.6,1151959
2021-05-06 09:27:28,489.5,1152081
2021-05-06 09:27:29,489.55,1152087
2021-05-06 09:27:30,489.6,1152756
2021-05-06 09:27:31,489.65,1153616
2021-05-06 09:27:32,489.65,1153616
2021-05-06 09:27:33,489.65,1153667
2021-05-06 09:27:34,489.6,1153790
2021-05-06 09:27:35,489.6,1155211
2021-05-06 09:27:36,489.6,1156511
2021-05-06 09:27:37,489.6,1156586
2021-05-06 09:27:38,489.6,1156628
2021-05-06 09:27:39,489.65,1158544
2021-05-06 09:27:40,489.65,1158644
2021-05-06 09:27:42,489.55,1159128
2021-05-06 09:27:44,489.55,1159544
2021-05-06 09:27:43,489.65,1159528
2021-05-06 09:27:45,489.7,1159565
2021-05-06 09:27:46,489.5,1159611
2021-05-06 09:27:47,489.7,1159861
2021-05-06 09:27:48,489.5,1160861
2021-05-06 09:27:49,489.55,1160867
2021-05-06 09:27:50,489.55,1160872
2021-05-06 09:27:52,489.65,1161015
2021-05-06 09:27:53,489.65,1161155
2021-05-06 09:27:54,489.7,1161464
2021-05-06 09:27:55,489.55,1161691
2021-05-06 09:27:56,489.55,1161991
2021-05-06 09:27:57,489.5,1162016
2021-05-06 09:27:58,489.55,1162019
2021-05-06 09:27:59,489.55,1162322
2021-05-06 09:28:00,489.5,1162442
2021-05-06 09:28:01,489.55,1162554
2021-05-06 09:28:02,489.45,1189853
2021-05-06 09:28:03,489.45,1192424
2021-05-06 09:28:04,489.25,1194585
2021-05-06 09:28:05,489.25,1194890
2021-05-06 09:28:06,489.2,1195023
2021-05-06 09:28:07,489.4,1196006
2021-05-06 09:28:08,489.15,1196352
2021-05-06 09:28:09,489.15,1196380
2021-05-06 09:28:10,489.45,1199620
2021-05-06 09:28:11,489.45,1199620
2021-05-06 09:28:12,489.35,1200622
2021-05-06 09:28:13,489.35,1205676
2021-05-06 09:28:14,489.45,1205790
2021-05-06 09:28:15,489.45,1205821
2021-05-06 09:28:16,489.45,1205821
2021-05-06 09:28:17,489.3,1206546
2021-05-06 09:28:18,489.45,1208769
2021-05-06 09:28:19,489.45,1211468
2021-05-06 09:28:20,489.7,1211899
2021-05-06 09:28:21,489.55,1212210
2021-05-06 09:28:22,489.6,1212212
2021-05-06 09:28:23,489.6,1212227
2021-05-06 09:28:24,489.5,1212297
2021-05-06 09:28:25,489.4,1212482
2021-05-06 09:28:26,489.4,1212586
2021-05-06 09:28:27,489.5,1213414
2021-05-06 09:28:28,489.5,1213414
2021-05-06 09:28:29,489.65,1213457
2021-05-06 09:28:30,489.65,1213861
2021-05-06 09:28:31,489.5,1213883
2021-05-06 09:28:32,489.75,1215883
2021-05-06 09:28:33,489.75,1215883
2021-05-06 09:28:34,489.8,1219599
2021-05-06 09:28:35,489.8,1219835
2021-05-06 09:28:36,489.7,1219949
2021-05-06 09:28:37,489.6,1219980
2021-05-06 09:28:38,489.7,1219985
2021-05-06 09:28:40,489.7,1220557
2021-05-06 09:28:39,489.6,1220027
2021-05-06 09:28:41,489.7,1220561
2021-05-06 09:28:42,489.6,1220562
2021-05-06 09:28:43,489.5,1220652
2021-05-06 09:28:44,489.5,1220652
2021-05-06 09:28:45,489.65,1220653
2021-05-06 09:28:46,489.65,1220659
2021-05-06 09:28:47,489.65,1220659
2021-05-06 09:28:48,489.65,1220659
2021-05-06 09:28:49,489.7,1221074
2021-05-06 09:28:50,489.7,1221211
2021-05-06 09:28:51,489.7,1221266
2021-05-06 09:28:52,489.7,1221280
2021-05-06 09:28:53,489.7,1221420
2021-05-06 09:28:54,489.65,1221480
2021-05-06 09:28:56,489.7,1221782
2021-05-06 09:28:57,489.65,1222182
2021-05-06 09:28:58,489.7,1222183
2021-05-06 09:28:59,489.65,1222295
2021-05-06 09:29:01,489.7,1222353
2021-05-06 09:29:00,489.7,1222353
2021-05-06 09:29:02,489.65,1222378
2021-05-06 09:29:03,489.7,1222428
2021-05-06 09:29:04,489.65,1223365
2021-05-06 09:29:05,489.65,1223765
2021-05-06 09:29:06,489.65,1223767
2021-05-06 09:29:07,489.65,1223768
2021-05-06 09:29:08,489.6,1223819
2021-05-06 09:29:09,489.5,1225000
2021-05-06 09:29:10,489.65,1225017
2021-05-06 09:29:11,489.65,1225270
2021-05-06 09:29:12,489.6,1226541
2021-05-06 09:29:13,489.65,1226587
2021-05-06 09:29:14,489.7,1229081
2021-05-06 09:29:15,489.75,1229582
2021-05-06 09:29:16,489.65,1229607
2021-05-06 09:29:17,489.65,1229851
2021-05-06 09:29:18,489.7,1229931
2021-05-06 09:29:19,489.65,1230041
2021-05-06 09:29:20,489.7,1230408
2021-05-06 09:29:21,489.7,1230433
2021-05-06 09:29:22,489.75,1231306
2021-05-06 09:29:23,489.6,1232514
2021-05-06 09:29:24,489.7,1232516
2021-05-06 09:29:25,489.85,1233100
2021-05-06 09:29:26,490.15,1236857
2021-05-06 09:29:27,490.15,1237391
2021-05-06 09:29:29,490.05,1238091
2021-05-06 09:29:29,490.05,1238091
2021-05-06 09:29:30,490.1,1238698
2021-05-06 09:29:31,490.25,1238953
2021-05-06 09:29:32,490.25,1238993
2021-05-06 09:29:34,490.25,1239018
2021-05-06 09:29:36,490.25,1239475
2021-05-06 09:29:37,490.25,1241075
2021-05-06 09:29:39,490.3,1241695
2021-05-06 09:29:39,490.3,1241695
2021-05-06 09:29:40,490.3,1241724
2021-05-06 09:29:41,490.1,1241916
2021-05-06 09:29:42,490.0,1243089
2021-05-06 09:29:43,490.3,1243795
2021-05-06 09:29:44,490.3,1243814
2021-05-06 09:29:45,490.3,1243866
2021-05-06 09:29:46,490.25,1245171
2021-05-06 09:29:48,490.2,1245271
2021-05-06 09:29:49,490.2,1245271
2021-05-06 09:29:50,490.45,1245396
2021-05-06 09:29:51,490.5,1246896
2021-05-06 09:29:52,490.5,1246896
2021-05-06 09:29:53,490.3,1247506
2021-05-06 09:29:54,490.35,1247510
2021-05-06 09:29:55,490.7,1249744
2021-05-06 09:29:56,490.35,1249754
2021-05-06 09:29:58,490.65,1249879
2021-05-06 09:29:58,490.65,1249904
2021-05-06 09:29:59,490.6,1250022
2021-05-06 09:30:00,490.65,1250122
2021-05-06 09:30:01,490.5,1250252
2021-05-06 09:30:03,490.5,1255872
2021-05-06 09:30:04,490.4,1257002
2021-05-06 09:30:05,490.4,1257030
2021-05-06 09:30:06,490.5,1257105
2021-05-06 09:30:07,490.55,1257205
2021-05-06 09:30:09,490.55,1257434
2021-05-06 09:30:10,490.55,1257436
2021-05-06 09:30:11,490.55,1257455
2021-05-06 09:30:12,490.45,1267326
2021-05-06 09:30:13,490.45,1267328
2021-05-06 09:30:14,490.4,1267798
2021-05-06 09:30:15,490.45,1272375
2021-05-06 09:30:16,490.45,1272375
2021-05-06 09:30:17,490.45,1272482
2021-05-06 09:30:18,490.1,1275802
2021-05-06 09:30:19,490.05,1275842
2021-05-06 09:30:20,490.05,1276047
2021-05-06 09:30:22,490.05,1276163
2021-05-06 09:30:22,490.05,1276205
2021-05-06 09:30:23,489.7,1280633
2021-05-06 09:30:24,489.85,1280649
2021-05-06 09:30:25,489.7,1280669
2021-05-06 09:30:26,489.7,1280684
2021-05-06 09:30:27,489.7,1280684
2021-05-06 09:30:28,489.65,1281261
2021-05-06 09:30:29,489.65,1281261
2021-05-06 09:30:30,489.6,1282561
2021-05-06 09:30:31,489.6,1282641
2021-05-06 09:30:32,489.7,1283717
2021-05-06 09:30:33,489.7,1285217
2021-05-06 09:30:34,489.7,1285217
2021-05-06 09:30:36,489.5,1285717
2021-05-06 09:30:38,489.65,1285837
2021-05-06 09:30:38,489.65,1285837
2021-05-06 09:30:39,489.5,1285879
2021-05-06 09:30:40,489.65,1286166
2021-05-06 09:30:41,489.65,1286336
2021-05-06 09:30:42,489.5,1286536
2021-05-06 09:30:43,489.65,1286596
2021-05-06 09:30:44,489.55,1287477
2021-05-06 09:30:45,489.5,1289257
2021-05-06 09:30:47,489.65,1289279
2021-05-06 09:30:48,489.5,1289647
2021-05-06 09:30:49,489.5,1291247
2021-05-06 09:30:50,489.55,1291399
2021-05-06 09:30:51,489.65,1291437
2021-05-06 09:30:52,489.5,1291536
2021-05-06 09:30:53,489.65,1292016
2021-05-06 09:30:55,489.9,1295097
2021-05-06 09:30:55,489.9,1295097
2021-05-06 09:30:56,490.0,1295379
2021-05-06 09:30:57,489.8,1295726
2021-05-06 09:30:58,489.75,1295751
2021-05-06 09:30:59,489.75,1295751
2021-05-06 09:31:00,489.8,1295776
2021-05-06 09:31:01,489.9,1296399
2021-05-06 09:31:02,489.9,1296429
2021-05-06 09:31:03,489.7,1296539
2021-05-06 09:31:04,489.45,1316409
2021-05-06 09:31:06,489.3,1321435
2021-05-06 09:31:06,489.3,1321598
2021-05-06 09:31:07,489.1,1321676
2021-05-06 09:31:08,489.05,1322359
2021-05-06 09:31:09,489.35,1327941
2021-05-06 09:31:10,489.45,1327951
2021-05-06 09:31:11,489.45,1328118
2021-05-06 09:31:12,489.45,1328168
2021-05-06 09:31:14,489.25,1328229
2021-05-06 09:31:15,489.25,1328477
2021-05-06 09:31:17,489.2,1330596
2021-05-06 09:31:19,489.0,1331015
2021-05-06 09:31:20,489.0,1331096
2021-05-06 09:31:21,489.15,1331381
2021-05-06 09:31:22,488.9,1344819
2021-05-06 09:31:24,488.7,1344946
2021-05-06 09:31:24,488.6,1345241
2021-05-06 09:31:25,488.6,1346617
2021-05-06 09:31:26,488.4,1348197
2021-05-06 09:31:27,488.55,1348434
2021-05-06 09:31:28,488.5,1348564
2021-05-06 09:31:29,488.55,1349366
2021-05-06 09:31:30,488.5,1349372
2021-05-06 09:31:32,488.4,1350202
2021-05-06 09:31:33,488.5,1350483
2021-05-06 09:31:33,488.2,1352583
2021-05-06 09:31:34,488.45,1353535
2021-05-06 09:31:35,488.45,1353747
2021-05-06 09:31:36,488.55,1356175
2021-05-06 09:31:37,488.8,1358504
2021-05-06 09:31:38,488.7,1358512
2021-05-06 09:31:39,488.75,1358693
2021-05-06 09:31:40,488.8,1358703
2021-05-06 09:31:41,488.95,1358808
2021-05-06 09:31:43,488.95,1359073
2021-05-06 09:31:44,488.8,1359875
2021-05-06 09:31:45,488.75,1359901
2021-05-06 09:31:45,488.75,1359901
2021-05-06 09:31:46,488.7,1360180
2021-05-06 09:31:47,488.8,1366145
2021-05-06 09:31:48,488.7,1366975
2021-05-06 09:31:49,488.7,1366975
2021-05-06 09:31:50,488.7,1367027
2021-05-06 09:31:51,488.75,1367160
2021-05-06 09:31:52,488.85,1367170
2021-05-06 09:31:53,488.85,1367179
2021-05-06 09:31:55,488.75,1367645
2021-05-06 09:31:57,488.85,1368145
2021-05-06 09:31:58,488.85,1368280
2021-05-06 09:31:59,488.75,1368480
2021-05-06 09:32:00,488.7,1370385
2021-05-06 09:32:01,488.95,1370680
2021-05-06 09:32:02,488.85,1371617
2021-05-06 09:32:03,488.9,1371837
2021-05-06 09:32:04,488.95,1372937
2021-05-06 09:32:05,488.95,1372942
2021-05-06 09:32:06,488.9,1372995
2021-05-06 09:32:07,488.95,1373015
2021-05-06 09:32:09,488.95,1373015
2021-05-06 09:32:10,488.95,1375842
2021-05-06 09:32:11,488.95,1375855
2021-05-06 09:32:12,489.0,1379619
2021-05-06 09:32:13,489.1,1379699
2021-05-06 09:32:14,489.3,1379810
2021-05-06 09:32:14,489.25,1379760
2021-05-06 09:32:15,489.3,1379810
2021-05-06 09:32:16,489.3,1379810
2021-05-06 09:32:17,489.25,1379910
2021-05-06 09:32:19,489.3,1380206
2021-05-06 09:32:20,489.3,1380207
2021-05-06 09:32:21,489.35,1380237
2021-05-06 09:32:23,489.3,1380461
2021-05-06 09:32:24,489.3,1380701
2021-05-06 09:32:25,489.1,1392830
2021-05-06 09:32:26,489.05,1392847
2021-05-06 09:32:28,489.05,1392864
2021-05-06 09:32:29,489.05,1392864
2021-05-06 09:32:30,489.1,1393528
2021-05-06 09:32:30,489.1,1393528
2021-05-06 09:32:31,489.2,1393772
2021-05-06 09:32:32,489.15,1393780
2021-05-06 09:32:33,489.2,1394037
2021-05-06 09:32:34,489.4,1394130
2021-05-06 09:32:35,489.4,1394230
2021-05-06 09:32:36,489.35,1394425
2021-05-06 09:32:37,489.35,1394602
2021-05-06 09:32:39,489.45,1395738
2021-05-06 09:32:40,489.4,1395747
2021-05-06 09:32:41,489.4,1395788
2021-05-06 09:32:42,489.45,1395789
2021-05-06 09:32:42,489.4,1396089
2021-05-06 09:32:43,489.4,1396127
2021-05-06 09:32:44,489.4,1396180
2021-05-06 09:32:45,489.4,1397025
2021-05-06 09:32:46,489.45,1398525
2021-05-06 09:32:47,489.35,1398636
2021-05-06 09:32:48,489.35,1398914
2021-05-06 09:32:49,489.4,1399017
2021-05-06 09:32:50,489.35,1399122
2021-05-06 09:32:52,489.25,1399415
2021-05-06 09:32:53,489.25,1399415
2021-05-06 09:32:55,489.35,1399422
2021-05-06 09:32:56,489.35,1399485
2021-05-06 09:32:57,489.45,1401000
2021-05-06 09:32:57,489.45,1401000
2021-05-06 09:32:58,489.4,1401056
2021-05-06 09:32:59,489.4,1401063
2021-05-06 09:33:00,489.25,1401184
2021-05-06 09:33:01,489.3,1405491
2021-05-06 09:33:02,489.2,1414975
2021-05-06 09:33:03,489.15,1415598
2021-05-06 09:33:04,489.15,1416051
2021-05-06 09:33:06,489.15,1416364
2021-05-06 09:33:07,489.15,1416364
2021-05-06 09:33:08,489.15,1416875
2021-05-06 09:33:09,489.15,1416876
2021-05-06 09:33:10,489.15,1416931
2021-05-06 09:33:10,489.2,1417431
2021-05-06 09:33:11,489.2,1417431
2021-05-06 09:33:12,489.15,1417441
2021-05-06 09:33:13,489.15,1417541
2021-05-06 09:33:14,489.2,1418295
2021-05-06 09:33:15,489.1,1422211
2021-05-06 09:33:16,489.2,1422333
2021-05-06 09:33:17,489.1,1422391
2021-05-06 09:33:18,489.15,1422392
2021-05-06 09:33:19,489.1,1422404
2021-05-06 09:33:20,489.1,1422404
2021-05-06 09:33:21,489.15,1422711
2021-05-06 09:33:23,489.05,1423727
2021-05-06 09:33:24,488.85,1424691
2021-05-06 09:33:26,488.75,1426834
2021-05-06 09:33:26,488.75,1426834
2021-05-06 09:33:27,488.75,1426915
2021-05-06 09:33:28,488.7,1426917
2021-05-06 09:33:30,488.75,1427017
2021-05-06 09:33:32,488.6,1427500
2021-05-06 09:33:33,488.55,1427591
2021-05-06 09:33:33,488.6,1427605
2021-05-06 09:33:34,488.6,1427615
2021-05-06 09:33:35,488.75,1433059
2021-05-06 09:33:36,489.1,1434364
2021-05-06 09:33:37,488.8,1434414
2021-05-06 09:33:38,489.05,1434639
2021-05-06 09:33:39,489.0,1434749
2021-05-06 09:33:40,488.95,1434792
2021-05-06 09:33:41,488.9,1434794
2021-05-06 09:33:43,488.85,1435203
2021-05-06 09:33:44,488.9,1435675
2021-05-06 09:33:45,488.9,1435675
2021-05-06 09:33:46,488.8,1435682
2021-05-06 09:33:47,488.8,1435682
2021-05-06 09:33:48,489.0,1435892
2021-05-06 09:33:49,488.95,1437223
2021-05-06 09:33:50,488.85,1437528
2021-05-06 09:33:51,488.85,1437678
2021-05-06 09:33:52,488.85,1437691
2021-05-06 09:33:53,488.85,1437917
2021-05-06 09:33:54,488.95,1438082
2021-05-06 09:33:55,488.85,1438219
2021-05-06 09:33:56,488.85,1438895
2021-05-06 09:33:58,488.85,1438950
2021-05-06 09:33:59,488.8,1439265
2021-05-06 09:34:00,488.85,1440285
2021-05-06 09:34:01,488.4,1447577
2021-05-06 09:34:02,488.45,1448770
2021-05-06 09:34:03,488.4,1449280
2021-05-06 09:34:04,488.5,1450372
2021-05-06 09:34:05,488.45,1450523
2021-05-06 09:34:06,488.45,1450555
2021-05-06 09:34:07,488.3,1450753
2021-05-06 09:34:08,488.3,1450753
2021-05-06 09:34:09,488.4,1451588
2021-05-06 09:34:11,488.25,1452398
2021-05-06 09:34:12,488.25,1452398
2021-05-06 09:34:13,488.5,1452775
2021-05-06 09:34:14,488.55,1453262
2021-05-06 09:34:15,488.55,1453363
2021-05-06 09:34:16,488.5,1454975
2021-05-06 09:34:16,488.55,1455185
2021-05-06 09:34:17,488.55,1457364
2021-05-06 09:34:18,488.5,1458415
2021-05-06 09:34:19,488.55,1459126
2021-05-06 09:34:20,488.4,1461126
2021-05-06 09:34:22,488.5,1461585
2021-05-06 09:34:23,488.55,1461655
2021-05-06 09:34:24,488.5,1461865
2021-05-06 09:34:25,488.5,1462016
2021-05-06 09:34:26,488.5,1462017
2021-05-06 09:34:27,488.5,1465142
2021-05-06 09:34:27,488.5,1465142
2021-05-06 09:34:28,488.4,1468010
2021-05-06 09:34:29,488.4,1468018
2021-05-06 09:34:31,488.55,1469892
2021-05-06 09:34:32,488.6,1469904
2021-05-06 09:34:33,488.5,1470421
2021-05-06 09:34:34,488.5,1470523
2021-05-06 09:34:35,488.7,1486854
2021-05-06 09:34:36,488.7,1487656
2021-05-06 09:34:36,488.5,1487726
2021-05-06 09:34:37,488.45,1487744
2021-05-06 09:34:40,488.45,1489010
2021-05-06 09:34:42,488.45,1490231
2021-05-06 09:34:43,488.4,1490304
2021-05-06 09:34:45,488.45,1490659
2021-05-06 09:34:45,488.45,1490659
2021-05-06 09:34:46,488.45,1490774
2021-05-06 09:34:47,488.45,1491051
2021-05-06 09:34:48,488.45,1491101
2021-05-06 09:34:49,488.4,1491266
2021-05-06 09:34:50,488.4,1491389
2021-05-06 09:34:52,488.45,1491558
2021-05-06 09:34:53,488.45,1491616
2021-05-06 09:34:54,488.4,1492030
2021-05-06 09:34:55,488.4,1492730
2021-05-06 09:34:56,488.45,1492830
2021-05-06 09:34:57,488.4,1492852
2021-05-06 09:34:58,488.45,1493002
2021-05-06 09:34:59,488.45,1493002
2021-05-06 09:35:00,488.45,1493012
2021-05-06 09:35:00,488.45,1493062
2021-05-06 09:35:01,488.4,1500416
2021-05-06 09:35:02,488.3,1500867
2021-05-06 09:35:03,488.4,1500897
2021-05-06 09:35:05,488.3,1501958
2021-05-06 09:35:06,488.4,1502053
2021-05-06 09:35:08,488.25,1502571
2021-05-06 09:35:09,488.3,1502658
2021-05-06 09:35:10,488.3,1502858
2021-05-06 09:35:11,488.3,1502875
2021-05-06 09:35:11,488.3,1503048
2021-05-06 09:35:12,488.1,1554860
2021-05-06 09:35:13,487.7,1555449
2021-05-06 09:35:14,488.1,1555506
2021-05-06 09:35:15,487.85,1557877
2021-05-06 09:35:18,487.8,1559890
2021-05-06 09:35:19,487.8,1561985
2021-05-06 09:35:20,488.05,1563690
2021-05-06 09:35:20,488.05,1563690
2021-05-06 09:35:21,488.2,1564361
2021-05-06 09:35:24,488.25,1567377
2021-05-06 09:35:25,488.15,1567477
2021-05-06 09:35:26,488.25,1567479
2021-05-06 09:35:26,488.15,1567649
2021-05-06 09:35:27,488.2,1567814
2021-05-06 09:35:28,488.05,1567820
2021-05-06 09:35:29,488.05,1568046
2021-05-06 09:35:30,488.2,1568097
2021-05-06 09:35:33,488.15,1569171
2021-05-06 09:35:34,488.1,1569221
2021-05-06 09:35:35,488.15,1569241
2021-05-06 09:35:36,488.15,1569382
2021-05-06 09:35:37,488.15,1569412
2021-05-06 09:35:37,488.1,1569548
2021-05-06 09:35:38,488.15,1569553
2021-05-06 09:35:40,488.1,1569746
2021-05-06 09:35:41,488.1,1569746
2021-05-06 09:35:43,488.05,1570029
2021-05-06 09:35:47,488.1,1582362
2021-05-06 09:35:48,488.1,1582365
2021-05-06 09:35:49,488.05,1582630
2021-05-06 09:35:50,488.1,1582640
2021-05-06 09:35:51,488.05,1582724
2021-05-06 09:35:52,488.1,1582930
2021-05-06 09:35:53,488.15,1587437
2021-05-06 09:35:54,488.05,1588937
2021-05-06 09:35:55,488.1,1589114
2021-05-06 09:35:56,488.15,1589505
2021-05-06 09:35:56,488.15,1589505
2021-05-06 09:35:57,488.1,1590024
2021-05-06 09:35:59,488.1,1590039
2021-05-06 09:36:00,488.15,1590051
2021-05-06 09:36:01,488.15,1590081
2021-05-06 09:36:02,488.15,1590085
2021-05-06 09:36:03,488.2,1590650
2021-05-06 09:36:04,488.15,1590702
2021-05-06 09:36:05,488.2,1591502
2021-05-06 09:36:06,488.2,1591502
2021-05-06 09:36:06,488.15,1591512
2021-05-06 09:36:07,488.2,1591678
2021-05-06 09:36:08,488.2,1591778
2021-05-06 09:36:10,488.2,1592230
2021-05-06 09:36:11,488.2,1592230
2021-05-06 09:36:12,488.2,1593054
2021-05-06 09:36:13,488.2,1593204
2021-05-06 09:36:14,488.2,1594401
2021-05-06 09:36:15,488.1,1594723
2021-05-06 09:36:16,488.1,1594723
2021-05-06 09:36:17,488.2,1594864
2021-05-06 09:36:18,488.1,1595164
2021-05-06 09:36:19,488.2,1595464
2021-05-06 09:36:20,488.2,1595486
2021-05-06 09:36:21,488.2,1595516
2021-05-06 09:36:22,488.6,1600709
2021-05-06 09:36:23,488.6,1600710
2021-05-06 09:36:24,488.65,1600810
2021-05-06 09:36:25,488.9,1604949
2021-05-06 09:36:26,488.9,1605549
2021-05-06 09:36:27,489.15,1607809
2021-05-06 09:36:28,489.15,1608189
2021-05-06 09:36:29,489.0,1608290
2021-05-06 09:36:30,489.1,1608804
2021-05-06 09:36:31,488.95,1609441
2021-05-06 09:36:32,488.95,1609441
2021-05-06 09:36:33,488.85,1609481
2021-05-06 09:36:34,488.9,1609566
2021-05-06 09:36:35,488.85,1609567
2021-05-06 09:36:36,488.9,1610582
2021-05-06 09:36:36,488.9,1610582
2021-05-06 09:36:37,488.9,1610582
2021-05-06 09:36:38,488.9,1610584
2021-05-06 09:36:39,488.9,1610584
2021-05-06 09:36:41,488.9,1613626
2021-05-06 09:36:42,488.9,1614091
2021-05-06 09:36:43,488.9,1614101
2021-05-06 09:36:44,488.9,1614101
2021-05-06 09:36:45,488.9,1614669
2021-05-06 09:36:46,488.9,1614669
2021-05-06 09:36:47,488.9,1614719
2021-05-06 09:36:48,488.9,1614939
2021-05-06 09:36:49,488.9,1614959
2021-05-06 09:36:50,488.75,1616044
2021-05-06 09:36:51,488.85,1619898
2021-05-06 09:36:52,488.8,1619921
2021-05-06 09:36:53,488.75,1619962
2021-05-06 09:36:54,488.75,1619963
2021-05-06 09:36:55,488.75,1619972
2021-05-06 09:36:56,488.9,1620372
2021-05-06 09:36:57,488.9,1620372
2021-05-06 09:36:58,488.85,1620374
2021-05-06 09:36:58,488.85,1620374
2021-05-06 09:37:00,488.85,1620625
2021-05-06 09:37:01,488.85,1620740
2021-05-06 09:37:01,488.85,1620740
2021-05-06 09:37:03,488.85,1620741
2021-05-06 09:37:04,488.85,1620757
2021-05-06 09:37:05,488.85,1620757
2021-05-06 09:37:06,488.85,1620757
2021-05-06 09:37:07,489.0,1622910
2021-05-06 09:37:08,489.0,1623590
2021-05-06 09:37:09,489.0,1624657
2021-05-06 09:37:10,488.95,1624677
2021-05-06 09:37:11,489.0,1624811
2021-05-06 09:37:12,489.0,1624815
2021-05-06 09:37:13,489.0,1624815
2021-05-06 09:37:14,489.0,1624815
2021-05-06 09:37:15,489.0,1624823
2021-05-06 09:37:16,489.05,1624872
2021-05-06 09:37:17,489.0,1624987
2021-05-06 09:37:18,489.1,1625132
2021-05-06 09:37:18,489.0,1625182
2021-05-06 09:37:19,489.05,1625399
2021-05-06 09:37:20,489.05,1625400
2021-05-06 09:37:21,489.1,1626256
2021-05-06 09:37:23,489.1,1626756
2021-05-06 09:37:24,489.1,1626756
2021-05-06 09:37:25,489.1,1626829
2021-05-06 09:37:26,489.05,1626855
2021-05-06 09:37:27,489.1,1626905
2021-05-06 09:37:28,489.15,1627282
2021-05-06 09:37:30,489.3,1629155
2021-05-06 09:37:31,489.25,1629823
2021-05-06 09:37:32,489.25,1629823
2021-05-06 09:37:33,489.0,1635381
2021-05-06 09:37:33,489.0,1635381
2021-05-06 09:37:35,489.0,1635939
2021-05-06 09:37:35,489.0,1635939
2021-05-06 09:37:36,489.05,1636052
2021-05-06 09:37:37,489.05,1636053
2021-05-06 09:37:40,489.15,1637248
2021-05-06 09:37:41,489.05,1637280
2021-05-06 09:37:41,489.1,1637285
2021-05-06 09:37:42,489.1,1637287
2021-05-06 09:37:44,489.1,1637414
2021-05-06 09:37:45,489.3,1637724
2021-05-06 09:37:46,489.25,1637767
2021-05-06 09:37:48,489.35,1638077
2021-05-06 09:37:49,489.15,1638147
2021-05-06 09:37:50,489.35,1638516
2021-05-06 09:37:51,489.35,1638516
2021-05-06 09:37:52,489.35,1638577
2021-05-06 09:37:53,489.2,1638589
2021-05-06 09:37:54,489.35,1638684
2021-05-06 09:37:55,489.35,1638849
2021-05-06 09:37:55,489.35,1638849
2021-05-06 09:37:56,489.3,1639389
2021-05-06 09:37:57,489.3,1639389
2021-05-06 09:37:58,489.3,1639389
2021-05-06 09:37:59,489.2,1639394
2021-05-06 09:38:02,489.15,1640325
2021-05-06 09:38:03,489.15,1640525
2021-05-06 09:38:04,489.15,1640525
2021-05-06 09:38:05,489.15,1640525
2021-05-06 09:38:08,489.1,1641111
2021-05-06 09:38:09,489.15,1641177
2021-05-06 09:38:10,489.25,1642866
2021-05-06 09:38:11,489.15,1642869
2021-05-06 09:38:12,489.15,1642893
2021-05-06 09:38:13,489.2,1643224
2021-05-06 09:38:14,489.1,1643241
2021-05-06 09:38:15,489.1,1643241
2021-05-06 09:38:17,489.2,1643369
2021-05-06 09:38:18,489.2,1643415
2021-05-06 09:38:19,489.25,1644088
2021-05-06 09:38:21,489.25,1644088
2021-05-06 09:38:20,489.25,1644088
2021-05-06 09:38:22,489.25,1644088
2021-05-06 09:38:23,489.25,1644188
2021-05-06 09:38:24,489.25,1644188
2021-05-06 09:38:25,489.15,1644194
2021-05-06 09:38:26,489.15,1644194
2021-05-06 09:38:28,489.15,1644243
2021-05-06 09:38:29,489.05,1647039
2021-05-06 09:38:30,489.05,1648247
2021-05-06 09:38:31,489.15,1648250
2021-05-06 09:38:32,489.15,1648250
2021-05-06 09:38:33,489.15,1648450
2021-05-06 09:38:34,489.15,1648480
2021-05-06 09:38:35,489.05,1648546
2021-05-06 09:38:36,489.05,1648546
2021-05-06 09:38:37,489.1,1648551
2021-05-06 09:38:38,489.1,1648551
2021-05-06 09:38:39,489.1,1648551
2021-05-06 09:38:40,489.1,1648598
2021-05-06 09:38:41,489.15,1648608
2021-05-06 09:38:42,489.15,1648608
2021-05-06 09:38:43,489.05,1649163
2021-05-06 09:38:44,489.05,1649163
2021-05-06 09:38:45,489.1,1649369
2021-05-06 09:38:46,489.1,1649439
2021-05-06 09:38:47,489.1,1649449
2021-05-06 09:38:48,489.1,1649541
2021-05-06 09:38:49,489.1,1649558
2021-05-06 09:38:50,489.1,1649558
2021-05-06 09:38:51,489.05,1649763
2021-05-06 09:38:52,489.05,1649783
2021-05-06 09:38:54,489.05,1649805
2021-05-06 09:38:56,489.1,1649818
2021-05-06 09:38:57,489.1,1649818
2021-05-06 09:38:58,489.1,1649818
2021-05-06 09:38:59,489.1,1650968
2021-05-06 09:39:00,489.1,1650968
2021-05-06 09:39:01,489.1,1650968
2021-05-06 09:39:02,489.1,1651936
2021-05-06 09:39:03,489.1,1651936
2021-05-06 09:39:04,489.1,1653337
2021-05-06 09:39:05,489.15,1655936
2021-05-06 09:39:06,489.15,1655986
2021-05-06 09:39:07,489.15,1655986
2021-05-06 09:39:08,489.15,1655989
2021-05-06 09:39:09,489.15,1657346
2021-05-06 09:39:10,489.15,1658280
2021-05-06 09:39:11,489.15,1658280
2021-05-06 09:39:12,489.1,1658331
2021-05-06 09:39:13,489.1,1658356
2021-05-06 09:39:14,489.1,1658356
2021-05-06 09:39:15,489.1,1658356
2021-05-06 09:39:16,489.1,1658456
2021-05-06 09:39:17,489.1,1658456
2021-05-06 09:39:18,489.15,1658457
2021-05-06 09:39:19,489.15,1658688
2021-05-06 09:39:20,489.1,1658766
2021-05-06 09:39:21,489.15,1658781
2021-05-06 09:39:22,489.15,1658781
2021-05-06 09:39:23,489.1,1658873
2021-05-06 09:39:24,489.15,1658876
2021-05-06 09:39:25,489.15,1659078
2021-05-06 09:39:26,489.15,1659078
2021-05-06 09:39:27,489.1,1659576
2021-05-06 09:39:28,489.1,1659576
2021-05-06 09:39:29,489.15,1659676
2021-05-06 09:39:31,489.0,1676736
2021-05-06 09:39:32,489.1,1676795
2021-05-06 09:39:33,489.1,1676801
2021-05-06 09:39:34,489.1,1676811
2021-05-06 09:39:35,489.0,1676913
2021-05-06 09:39:36,489.1,1678537
2021-05-06 09:39:37,489.1,1678557
2021-05-06 09:39:38,489.05,1678635
2021-05-06 09:39:39,489.05,1678738
2021-05-06 09:39:40,489.15,1679268
2021-05-06 09:39:41,489.15,1679568
2021-05-06 09:39:42,489.15,1679741
2021-05-06 09:39:43,489.05,1679791
2021-05-06 09:39:44,489.0,1679945
2021-05-06 09:39:45,489.15,1679947
2021-05-06 09:39:46,489.15,1680012
2021-05-06 09:39:47,489.15,1680012
2021-05-06 09:39:48,489.15,1680012
2021-05-06 09:39:49,489.05,1680049
2021-05-06 09:39:50,489.1,1680151
2021-05-06 09:39:51,489.05,1680170
2021-05-06 09:39:52,489.05,1680170
2021-05-06 09:39:53,489.05,1680170
2021-05-06 09:39:54,489.05,1680171
2021-05-06 09:39:55,489.05,1680948
2021-05-06 09:39:56,489.0,1681048
2021-05-06 09:39:57,489.0,1681048
2021-05-06 09:39:58,489.0,1681192
2021-05-06 09:39:59,489.05,1681203
2021-05-06 09:40:01,489.0,1681436
2021-05-06 09:40:00,489.0,1681406
2021-05-06 09:40:02,489.0,1681436
2021-05-06 09:40:03,489.0,1681936
2021-05-06 09:40:04,489.0,1681955
2021-05-06 09:40:05,489.05,1682752
2021-05-06 09:40:06,489.05,1682755
2021-05-06 09:40:07,489.05,1682755
2021-05-06 09:40:08,489.05,1682855
2021-05-06 09:40:09,489.05,1682855
2021-05-06 09:40:10,489.05,1682855
2021-05-06 09:40:11,489.0,1682898
2021-05-06 09:40:12,489.0,1682898
2021-05-06 09:40:13,489.0,1682899
2021-05-06 09:40:14,489.0,1683420
2021-05-06 09:40:15,489.0,1684655
2021-05-06 09:40:16,489.0,1685425
2021-05-06 09:40:17,489.05,1685567
2021-05-06 09:40:18,489.05,1685568
2021-05-06 09:40:19,489.05,1685580
2021-05-06 09:40:20,489.05,1685581
2021-05-06 09:40:21,489.05,1685581
2021-05-06 09:40:22,489.05,1685581
2021-05-06 09:40:23,489.05,1685602
2021-05-06 09:40:25,489.05,1685602
2021-05-06 09:40:26,489.0,1686288
2021-05-06 09:40:27,489.05,1686388
2021-05-06 09:40:28,489.0,1686398
2021-05-06 09:40:29,489.05,1686468
2021-05-06 09:40:30,489.0,1686781
2021-05-06 09:40:32,489.0,1686988
2021-05-06 09:40:33,489.05,1687014
2021-05-06 09:40:35,489.0,1687320
2021-05-06 09:40:36,488.95,1687413
2021-05-06 09:40:36,488.95,1687413
2021-05-06 09:40:37,488.95,1687413
2021-05-06 09:40:39,489.0,1687551
2021-05-06 09:40:39,489.0,1687551
2021-05-06 09:40:40,489.0,1687726
2021-05-06 09:40:41,489.0,1687726
2021-05-06 09:40:42,489.0,1687727
2021-05-06 09:40:43,488.95,1687927
2021-05-06 09:40:44,489.0,1687984
2021-05-06 09:40:45,489.0,1687986
2021-05-06 09:40:46,489.0,1688039
2021-05-06 09:40:47,489.0,1688058
2021-05-06 09:40:48,489.0,1688058
2021-05-06 09:40:49,488.95,1688112
2021-05-06 09:40:51,488.95,1688242
2021-05-06 09:40:52,488.95,1688242
2021-05-06 09:40:55,488.95,1688635
2021-05-06 09:40:56,488.95,1688635
2021-05-06 09:40:57,488.95,1689651
2021-05-06 09:40:58,488.95,1689654
2021-05-06 09:40:59,488.95,1689719
2021-05-06 09:41:00,489.0,1689769
2021-05-06 09:41:01,489.0,1689779
2021-05-06 09:41:02,489.0,1689779
2021-05-06 09:41:03,489.0,1689779
2021-05-06 09:41:04,488.95,1690454
2021-05-06 09:41:05,489.0,1690460
2021-05-06 09:41:06,488.95,1691288
2021-05-06 09:41:08,488.95,1692139
2021-05-06 09:41:08,489.0,1692141
2021-05-06 09:41:09,489.0,1692351
2021-05-06 09:41:10,489.0,1692602
2021-05-06 09:41:11,488.95,1692844
2021-05-06 09:41:12,488.95,1692844
2021-05-06 09:41:13,488.95,1692844
2021-05-06 09:41:14,489.0,1693264
2021-05-06 09:41:15,489.0,1693270
2021-05-06 09:41:16,489.0,1693317
2021-05-06 09:41:17,488.95,1693343
2021-05-06 09:41:18,488.95,1693343
2021-05-06 09:41:19,489.0,1693363
2021-05-06 09:41:21,489.0,1693363
2021-05-06 09:41:21,489.0,1693364
2021-05-06 09:41:22,488.95,1693554
2021-05-06 09:41:24,489.0,1693564
2021-05-06 09:41:25,489.0,1693566
2021-05-06 09:41:26,489.0,1693576
2021-05-06 09:41:26,489.0,1693576
2021-05-06 09:41:27,489.0,1694141
2021-05-06 09:41:28,489.0,1694141
2021-05-06 09:41:29,489.0,1694141
2021-05-06 09:41:30,489.0,1694168
2021-05-06 09:41:31,488.95,1697378
2021-05-06 09:41:32,488.95,1697378
2021-05-06 09:41:33,488.95,1697378
2021-05-06 09:41:34,488.95,1697404
2021-05-06 09:41:35,489.0,1697446
2021-05-06 09:41:36,489.0,1699315
2021-05-06 09:41:37,489.0,1699318
2021-05-06 09:41:38,489.0,1699318
2021-05-06 09:41:40,489.0,1699914
2021-05-06 09:41:39,488.95,1699394
2021-05-06 09:41:41,489.0,1699914
2021-05-06 09:41:42,489.0,1703125
2021-05-06 09:41:43,489.0,1703180
2021-05-06 09:41:44,488.95,1703195
2021-05-06 09:41:45,488.95,1703195
2021-05-06 09:41:46,489.0,1703200
2021-05-06 09:41:48,489.0,1703403
2021-05-06 09:41:48,489.0,1703300
2021-05-06 09:41:49,488.95,1703474
2021-05-06 09:41:50,488.95,1705675
2021-05-06 09:41:52,488.95,1706015
2021-05-06 09:41:53,488.95,1706036
2021-05-06 09:41:54,489.0,1706037
2021-05-06 09:41:55,489.0,1706037
2021-05-06 09:41:58,489.0,1706070
2021-05-06 09:41:58,489.0,1706070
2021-05-06 09:41:59,489.0,1706180
2021-05-06 09:42:00,488.95,1706660
2021-05-06 09:42:01,488.95,1706687
2021-05-06 09:42:02,489.0,1706718
2021-05-06 09:42:03,488.95,1708008
2021-05-06 09:42:04,488.95,1708023
2021-05-06 09:42:05,488.95,1708023
2021-05-06 09:42:07,489.05,1719273
2021-05-06 09:42:07,489.05,1719454
2021-05-06 09:42:08,489.1,1719959
2021-05-06 09:42:09,489.05,1719970
2021-05-06 09:42:10,489.05,1719970
2021-05-06 09:42:11,489.1,1720458
2021-05-06 09:42:12,489.1,1720458
2021-05-06 09:42:14,489.05,1720486
2021-05-06 09:42:15,489.05,1720486
2021-05-06 09:42:16,489.05,1720486
2021-05-06 09:42:17,489.05,1721226
2021-05-06 09:42:18,489.15,1721253
2021-05-06 09:42:19,489.15,1721254
2021-05-06 09:42:20,489.15,1721354
2021-05-06 09:42:21,489.15,1721356
2021-05-06 09:42:22,489.15,1721356
2021-05-06 09:42:23,489.05,1721406
2021-05-06 09:42:24,489.2,1721806
2021-05-06 09:42:25,489.2,1721806
2021-05-06 09:42:26,489.05,1721874
2021-05-06 09:42:28,489.05,1721914
2021-05-06 09:42:29,489.05,1721914
2021-05-06 09:42:29,489.05,1721914
2021-05-06 09:42:30,489.15,1722409
2021-05-06 09:42:31,489.15,1722409
2021-05-06 09:42:32,489.15,1722409
2021-05-06 09:42:34,489.15,1722449
2021-05-06 09:42:34,489.15,1722449
2021-05-06 09:42:35,489.2,1722452
2021-05-06 09:42:37,489.2,1722463
2021-05-06 09:42:37,489.2,1722471
2021-05-06 09:42:38,489.35,1726142
2021-05-06 09:42:39,489.3,1726143
2021-05-06 09:42:40,489.3,1726143
2021-05-06 09:42:41,489.5,1726223
2021-05-06 09:42:42,489.5,1726373
2021-05-06 09:42:43,489.35,1726385
2021-05-06 09:42:44,489.35,1726394
2021-05-06 09:42:45,489.3,1726396
2021-05-06 09:42:46,489.5,1726696
2021-05-06 09:42:47,489.5,1726696
2021-05-06 09:42:48,489.35,1726758
2021-05-06 09:42:49,489.6,1726983
2021-05-06 09:42:50,489.6,1726983
2021-05-06 09:42:51,489.65,1728391
2021-05-06 09:42:52,489.6,1728423
2021-05-06 09:42:53,489.6,1728423
2021-05-06 09:42:54,489.6,1728528
2021-05-06 09:42:55,489.4,1728629
2021-05-06 09:42:56,489.55,1728642
2021-05-06 09:42:57,489.55,1728662
2021-05-06 09:42:58,489.4,1729164
2021-05-06 09:43:00,489.55,1729265
2021-05-06 09:43:02,489.55,1729269
2021-05-06 09:43:03,489.4,1729289
2021-05-06 09:43:04,489.5,1729334
2021-05-06 09:43:04,489.5,1729334
2021-05-06 09:43:05,489.55,1729424
2021-05-06 09:43:06,489.5,1729533
2021-05-06 09:43:07,489.45,1729537
2021-05-06 09:43:08,489.45,1729557
2021-05-06 09:43:09,489.45,1729557
2021-05-06 09:43:10,489.5,1729561
2021-05-06 09:43:11,489.45,1729693
2021-05-06 09:43:12,489.55,1729773
2021-05-06 09:43:13,489.5,1729823
2021-05-06 09:43:14,489.55,1729835
2021-05-06 09:43:16,489.55,1729838
2021-05-06 09:43:17,489.5,1729867
2021-05-06 09:43:18,489.55,1729927
2021-05-06 09:43:19,489.55,1730039
2021-05-06 09:43:20,489.55,1730039
2021-05-06 09:43:21,489.5,1730089
2021-05-06 09:43:22,489.65,1730822
2021-05-06 09:43:23,489.65,1730847
2021-05-06 09:43:24,489.55,1730857
2021-05-06 09:43:25,489.65,1730867
2021-05-06 09:43:27,489.7,1732136
2021-05-06 09:43:29,489.7,1732672
2021-05-06 09:43:28,489.7,1732272
2021-05-06 09:43:30,489.7,1732692
2021-05-06 09:43:31,489.7,1732692
2021-05-06 09:43:33,489.7,1732692
2021-05-06 09:43:34,489.65,1732791
2021-05-06 09:43:35,489.65,1733003
2021-05-06 09:43:36,489.65,1733658
2021-05-06 09:43:37,489.65,1733658
2021-05-06 09:43:38,489.65,1733658
2021-05-06 09:43:38,489.65,1733658
2021-05-06 09:43:39,489.65,1733759
2021-05-06 09:43:40,489.55,1733817
2021-05-06 09:43:41,489.55,1733822
2021-05-06 09:43:42,489.55,1733822
2021-05-06 09:43:43,489.55,1733822
2021-05-06 09:43:44,489.55,1733822
2021-05-06 09:43:45,489.55,1733854
2021-05-06 09:43:46,489.55,1733874
2021-05-06 09:43:47,489.55,1733874
2021-05-06 09:43:48,489.65,1733909
2021-05-06 09:43:49,489.65,1733909
2021-05-06 09:43:50,489.65,1734009
2021-05-06 09:43:51,489.65,1734282
2021-05-06 09:43:52,489.6,1734285
2021-05-06 09:43:53,489.6,1734285
2021-05-06 09:43:54,489.6,1734300
2021-05-06 09:43:55,489.6,1734343
2021-05-06 09:43:56,489.6,1734364
2021-05-06 09:43:57,489.6,1734364
2021-05-06 09:43:58,489.6,1734373
2021-05-06 09:43:59,489.6,1734374
2021-05-06 09:44:01,489.6,1734705
2021-05-06 09:44:03,489.6,1735107
2021-05-06 09:44:04,489.6,1735108
2021-05-06 09:44:05,489.6,1737280
2021-05-06 09:44:06,489.65,1737310
2021-05-06 09:44:07,489.55,1737331
2021-05-06 09:44:08,489.65,1737387
2021-05-06 09:44:10,489.55,1737553
2021-05-06 09:44:11,489.55,1737553
2021-05-06 09:44:13,489.6,1737564
2021-05-06 09:44:14,489.65,1737789
2021-05-06 09:44:15,489.6,1738389
2021-05-06 09:44:15,489.6,1738389
2021-05-06 09:44:16,489.65,1738489
2021-05-06 09:44:17,489.55,1740524
2021-05-06 09:44:18,489.55,1740524
2021-05-06 09:44:20,489.65,1740548
2021-05-06 09:44:21,489.65,1740550
2021-05-06 09:44:22,489.65,1740551
2021-05-06 09:44:23,489.65,1740577
2021-05-06 09:44:24,489.65,1740577
2021-05-06 09:44:25,489.65,1740577
2021-05-06 09:44:26,489.65,1740577
2021-05-06 09:44:27,489.65,1740577
2021-05-06 09:44:28,489.65,1740577
2021-05-06 09:44:29,489.65,1740594
2021-05-06 09:44:30,489.65,1740644
2021-05-06 09:44:32,489.65,1740709
2021-05-06 09:44:33,489.6,1740714
2021-05-06 09:44:33,489.6,1741234
2021-05-06 09:44:34,489.6,1741254
2021-05-06 09:44:35,489.6,1741254
2021-05-06 09:44:36,489.6,1741254
2021-05-06 09:44:38,489.65,1741564
2021-05-06 09:44:41,489.65,1742883
2021-05-06 09:44:42,489.65,1742883
2021-05-06 09:44:43,489.55,1749362
2021-05-06 09:44:44,489.55,1749362
2021-05-06 09:44:44,489.55,1749362
2021-05-06 09:44:45,489.55,1749362
2021-05-06 09:44:46,489.6,1749365
2021-05-06 09:44:48,489.6,1749365
2021-05-06 09:44:49,489.6,1749373
2021-05-06 09:44:50,489.6,1749390
2021-05-06 09:44:51,489.7,1753513
2021-05-06 09:44:52,489.6,1753523
2021-05-06 09:44:52,489.6,1753523
2021-05-06 09:44:54,489.6,1753523
2021-05-06 09:44:54,489.6,1753523
2021-05-06 09:44:56,489.7,1754475
2021-05-06 09:44:57,489.7,1754575
2021-05-06 09:44:58,489.75,1754966
2021-05-06 09:44:59,489.75,1755025
2021-05-06 09:45:00,489.6,1755245
2021-05-06 09:45:01,489.7,1755418
2021-05-06 09:45:01,489.7,1755418
2021-05-06 09:45:02,489.65,1755468
2021-05-06 09:45:04,489.75,1756579
2021-05-06 09:45:05,489.75,1756579
2021-05-06 09:45:05,489.75,1756709
2021-05-06 09:45:06,489.75,1757864
2021-05-06 09:45:07,489.7,1758364
2021-05-06 09:45:08,489.7,1758554
2021-05-06 09:45:09,489.7,1758574
2021-05-06 09:45:10,489.7,1758774
2021-05-06 09:45:12,489.75,1758886
2021-05-06 09:45:12,489.65,1758966
2021-05-06 09:45:14,489.75,1759485
2021-05-06 09:45:14,489.75,1759485
2021-05-06 09:45:15,489.75,1759485
2021-05-06 09:45:17,489.75,1759486
2021-05-06 09:45:18,489.75,1764257
2021-05-06 09:45:19,489.75,1764558
2021-05-06 09:45:20,489.75,1764560
2021-05-06 09:45:21,489.75,1764690
2021-05-06 09:45:22,489.75,1764691
2021-05-06 09:45:22,489.75,1764691
2021-05-06 09:45:23,489.75,1764691
2021-05-06 09:45:24,489.7,1764698
2021-05-06 09:45:26,489.75,1764856
2021-05-06 09:45:26,489.7,1765156
2021-05-06 09:45:27,489.8,1765356
2021-05-06 09:45:28,489.8,1765556
2021-05-06 09:45:30,489.7,1765557
2021-05-06 09:45:31,489.7,1765557
2021-05-06 09:45:32,489.7,1765557
2021-05-06 09:45:33,489.8,1765865
2021-05-06 09:45:34,489.8,1766366
2021-05-06 09:45:34,489.8,1766351
2021-05-06 09:45:35,489.9,1766493
2021-05-06 09:45:36,489.8,1766504
2021-05-06 09:45:37,489.8,1766504
2021-05-06 09:45:38,489.8,1766504
2021-05-06 09:45:39,489.8,1766704
2021-05-06 09:45:40,489.75,1766754
2021-05-06 09:45:41,489.75,1767629
2021-05-06 09:45:42,489.8,1768644
2021-05-06 09:45:43,489.8,1768644
2021-05-06 09:45:44,489.8,1768644
2021-05-06 09:45:46,489.7,1768704
2021-05-06 09:45:47,489.75,1768719
2021-05-06 09:45:48,489.75,1768719
2021-05-06 09:45:49,489.75,1768722
2021-05-06 09:45:50,489.8,1768733
2021-05-06 09:45:51,489.8,1768733
2021-05-06 09:45:52,489.8,1768858
2021-05-06 09:45:52,489.8,1768858
2021-05-06 09:45:53,489.8,1768868
2021-05-06 09:45:55,489.75,1768970
2021-05-06 09:45:56,489.8,1768978
2021-05-06 09:45:57,489.8,1769014
2021-05-06 09:45:58,489.8,1769147
2021-05-06 09:45:58,489.8,1769147
2021-05-06 09:46:00,489.7,1769269
2021-05-06 09:46:01,489.75,1769320
2021-05-06 09:46:02,489.75,1769320
2021-05-06 09:46:03,489.75,1769482
2021-05-06 09:46:04,489.75,1769483
2021-05-06 09:46:04,489.9,1769733
2021-05-06 09:46:05,489.75,1769758
2021-05-06 09:46:06,489.85,1769760
2021-05-06 09:46:07,489.75,1769761
2021-05-06 09:46:09,489.95,1770222
2021-05-06 09:46:09,489.95,1770222
2021-05-06 09:46:10,489.95,1770249
2021-05-06 09:46:11,489.75,1770269
2021-05-06 09:46:12,489.75,1770279
2021-05-06 09:46:13,489.95,1770282
2021-05-06 09:46:14,489.95,1770667
2021-05-06 09:46:16,489.95,1770798
2021-05-06 09:46:17,489.95,1771813
2021-05-06 09:46:18,489.95,1771813
2021-05-06 09:46:19,489.95,1772829
2021-05-06 09:46:20,489.85,1772850
2021-05-06 09:46:21,489.95,1772872
2021-05-06 09:46:21,489.95,1772913
2021-05-06 09:46:23,489.95,1772993
2021-05-06 09:46:24,489.85,1772995
2021-05-06 09:46:28,489.95,1773201
2021-05-06 09:46:32,489.9,1773352
2021-05-06 09:46:36,489.95,1774395
2021-05-06 09:46:41,489.95,1775518
2021-05-06 09:46:45,490.0,1777536
2021-05-06 09:46:49,489.95,1777819
2021-05-06 09:46:53,490.0,1778461
2021-05-06 09:46:57,490.1,1790835
2021-05-06 09:47:06,490.25,1798997
2021-05-06 09:47:11,490.1,1803466
2021-05-06 09:47:15,490.2,1803635
2021-05-06 09:47:18,490.2,1803850
2021-05-06 09:47:22,490.2,1804004
2021-05-06 09:47:26,490.2,1804666
2021-05-06 09:47:30,490.2,1805692
2021-05-06 09:47:35,490.2,1806065
2021-05-06 09:47:43,490.2,1806256
2021-05-06 09:47:47,490.2,1807371
2021-05-06 09:47:51,490.25,1807634
2021-05-06 09:47:55,490.2,1809507
2021-05-06 09:47:59,490.2,1809909
2021-05-06 09:48:07,490.25,1810510
2021-05-06 09:48:10,490.3,1811012
2021-05-06 09:48:15,490.25,1811104
2021-05-06 09:48:19,490.2,1813772
2021-05-06 09:48:23,490.25,1813843
2021-05-06 09:48:27,490.1,1842573
2021-05-06 09:48:31,490.1,1842626
2021-05-06 09:48:36,490.05,1846797
2021-05-06 09:48:40,490.1,1847325
2021-05-06 09:48:44,490.05,1847352
2021-05-06 09:48:48,490.1,1849257
2021-05-06 09:48:52,490.05,1849291
2021-05-06 09:48:56,490.05,1850882
2021-05-06 09:48:59,490.1,1852265
2021-05-06 09:49:03,490.1,1852276
2021-05-06 09:49:07,490.1,1852959
2021-05-06 09:49:10,490.1,1853001
2021-05-06 09:49:15,490.35,1859751
2021-05-06 09:49:19,490.35,1863278
2021-05-06 09:49:22,490.5,1864234
2021-05-06 09:49:25,490.5,1869888
2021-05-06 09:49:29,490.65,1871682
2021-05-06 09:49:33,490.65,1873060
2021-05-06 09:49:38,490.65,1875130
2021-05-06 09:49:42,490.65,1880174
2021-05-06 09:49:46,490.65,1880758
2021-05-06 09:49:50,490.55,1881424
2021-05-06 09:49:55,490.65,1882498
2021-05-06 09:49:59,490.65,1884444
2021-05-06 09:50:03,490.65,1885315
2021-05-06 09:50:07,490.85,1887434
2021-05-06 09:50:12,490.85,1888460
2021-05-06 09:50:16,490.85,1889713
2021-05-06 09:50:20,490.95,1890666
2021-05-06 09:50:24,491.1,1898480
2021-05-06 09:50:28,490.95,1898655
2021-05-06 09:50:32,491.1,1899297
2021-05-06 09:50:36,491.0,1905954
2021-05-06 09:50:40,491.1,1911751
2021-05-06 09:50:44,491.15,1913293
2021-05-06 09:50:48,491.3,1914656
2021-05-06 09:50:53,491.15,1934544
2021-05-06 09:50:58,491.3,1935915
2021-05-06 09:51:02,491.15,1938601
2021-05-06 09:51:05,491.25,1939053
2021-05-06 09:51:10,491.15,1941885
2021-05-06 09:51:14,491.3,1943317
2021-05-06 09:51:18,491.2,1945698
2021-05-06 09:51:22,491.3,1947402
2021-05-06 09:51:23,491.3,1948225
2021-05-06 09:51:24,491.3,1948368
2021-05-06 09:51:25,491.3,1948498
2021-05-06 09:51:26,491.2,1948905
2021-05-06 09:51:28,491.3,1949241
2021-05-06 09:51:28,491.3,1949241
2021-05-06 09:51:29,491.3,1949273
2021-05-06 09:51:31,491.3,1949488
2021-05-06 09:51:33,491.2,1950293
2021-05-06 09:51:34,491.3,1950618
2021-05-06 09:51:35,491.3,1950638
2021-05-06 09:51:37,491.3,1950638
2021-05-06 09:51:37,491.3,1950638
2021-05-06 09:51:39,491.3,1952410
2021-05-06 09:51:40,491.25,1952448
2021-05-06 09:51:41,491.25,1952458
2021-05-06 09:51:42,491.3,1952578
2021-05-06 09:51:43,491.3,1952829
2021-05-06 09:51:45,491.25,1953067
2021-05-06 09:51:45,491.25,1953580
2021-05-06 09:51:46,491.3,1953680
2021-05-06 09:51:47,491.3,1953700
2021-05-06 09:51:49,491.3,1954162
2021-05-06 09:51:50,491.3,1954168
2021-05-06 09:51:51,491.3,1954768
2021-05-06 09:51:52,491.2,1955614
2021-05-06 09:51:53,491.3,1955667
2021-05-06 09:51:54,491.15,1960381
2021-05-06 09:51:55,491.3,1960416
2021-05-06 09:51:57,491.3,1965539
2021-05-06 09:51:57,491.3,1965539
2021-05-06 09:51:58,491.5,1965542
2021-05-06 09:51:59,491.3,1965880
2021-05-06 09:52:00,491.55,1968526
2021-05-06 09:52:01,491.55,1969036
2021-05-06 09:52:02,491.55,1969169
2021-05-06 09:52:03,491.35,1969170
2021-05-06 09:52:05,491.3,1969332
2021-05-06 09:52:05,491.55,1969343
2021-05-06 09:52:06,491.5,1969545
2021-05-06 09:52:07,491.5,1969600
2021-05-06 09:52:08,491.5,1969605
2021-05-06 09:52:09,491.5,1969816
2021-05-06 09:52:11,491.5,1970134
2021-05-06 09:52:12,491.55,1972606
2021-05-06 09:52:13,491.7,1972614
2021-05-06 09:52:14,491.8,1973584
2021-05-06 09:52:16,491.6,1974593
2021-05-06 09:52:16,491.6,1974593
2021-05-06 09:52:17,491.8,1975070
2021-05-06 09:52:18,491.65,1975145
2021-05-06 09:52:19,491.65,1975145
2021-05-06 09:52:20,491.7,1975501
2021-05-06 09:52:22,491.75,1975717
2021-05-06 09:52:23,491.85,1976028
2021-05-06 09:52:24,491.85,1976646
2021-05-06 09:52:25,491.85,1976771
2021-05-06 09:52:27,491.95,1978131
2021-05-06 09:52:27,491.95,1978131
2021-05-06 09:52:28,491.95,1978131
2021-05-06 09:52:29,491.95,1978258
2021-05-06 09:52:30,492.0,1979295
2021-05-06 09:52:31,491.85,1979330
2021-05-06 09:52:33,491.95,1979568
2021-05-06 09:52:34,491.85,1979701
2021-05-06 09:52:35,491.95,1980186
2021-05-06 09:52:36,491.9,1980200
2021-05-06 09:52:37,491.8,1993835
2021-05-06 09:52:39,491.85,1994290
2021-05-06 09:52:39,491.9,1994489
2021-05-06 09:52:40,491.8,1997362
2021-05-06 09:52:41,492.0,1997452
2021-05-06 09:52:42,492.0,1997667
2021-05-06 09:52:43,491.9,1997863
2021-05-06 09:52:44,491.95,1997903
2021-05-06 09:52:45,492.2,2004140
2021-05-06 09:52:46,492.2,2004450
2021-05-06 09:52:47,492.2,2005106
2021-05-06 09:52:48,492.2,2005224
2021-05-06 09:52:49,492.05,2005714
2021-05-06 09:52:50,492.0,2007329
2021-05-06 09:52:51,492.0,2031613
2021-05-06 09:52:52,492.0,2032380
2021-05-06 09:52:53,492.2,2032511
2021-05-06 09:52:54,492.0,2032614
2021-05-06 09:52:56,492.15,2032915
2021-05-06 09:52:56,492.15,2032915
2021-05-06 09:52:57,492.2,2033765
2021-05-06 09:52:58,492.2,2035667
2021-05-06 09:52:59,492.25,2035928
2021-05-06 09:53:00,492.2,2035968
2021-05-06 09:53:01,492.0,2036228
2021-05-06 09:53:02,492.0,2036228
2021-05-06 09:53:03,492.0,2040221
2021-05-06 09:53:04,492.15,2040222
2021-05-06 09:53:05,492.2,2040422
2021-05-06 09:53:06,492.2,2040642
2021-05-06 09:53:08,492.2,2040642
2021-05-06 09:53:09,492.2,2041242
2021-05-06 09:53:10,492.2,2041305
2021-05-06 09:53:11,492.15,2042401
2021-05-06 09:53:12,492.15,2042912
2021-05-06 09:53:13,492.2,2043086
2021-05-06 09:53:14,492.15,2043087
2021-05-06 09:53:15,492.2,2043218
2021-05-06 09:53:17,492.0,2044136
2021-05-06 09:53:19,492.1,2044446
2021-05-06 09:53:21,492.1,2044740
2021-05-06 09:53:21,492.1,2044740
2021-05-06 09:53:22,492.2,2045376
2021-05-06 09:53:23,492.1,2045406
2021-05-06 09:53:25,492.1,2045581
2021-05-06 09:53:26,492.05,2045839
2021-05-06 09:53:27,492.05,2045844
2021-05-06 09:53:28,492.1,2045885
2021-05-06 09:53:29,492.1,2045892
2021-05-06 09:53:30,492.2,2046484
2021-05-06 09:53:31,492.15,2046576
2021-05-06 09:53:32,492.15,2046804
2021-05-06 09:53:33,492.2,2046924
2021-05-06 09:53:35,492.15,2047398
2021-05-06 09:53:36,492.15,2047398
2021-05-06 09:53:37,492.15,2047408
2021-05-06 09:53:37,492.15,2047408
2021-05-06 09:53:38,492.2,2047499
2021-05-06 09:53:39,492.2,2047684
2021-05-06 09:53:40,492.1,2047984
2021-05-06 09:53:41,492.05,2048148
2021-05-06 09:53:42,492.2,2048560
2021-05-06 09:53:43,492.15,2048564
2021-05-06 09:53:44,492.15,2048565
2021-05-06 09:53:46,492.15,2048665
2021-05-06 09:53:47,492.05,2050070
2021-05-06 09:53:48,492.2,2050200
2021-05-06 09:53:48,492.05,2050070
2021-05-06 09:53:49,492.2,2050271
2021-05-06 09:53:50,492.05,2050771
2021-05-06 09:53:51,492.1,2051135
2021-05-06 09:53:52,492.1,2051422
2021-05-06 09:53:53,492.05,2051424
2021-05-06 09:53:55,492.1,2051434
2021-05-06 09:53:56,492.05,2051449
2021-05-06 09:53:56,492.05,2051449
2021-05-06 09:53:57,492.1,2051481
2021-05-06 09:53:58,492.05,2051531
2021-05-06 09:53:59,492.1,2053270
2021-05-06 09:54:01,492.2,2053697
2021-05-06 09:54:02,492.0,2053832
2021-05-06 09:54:04,492.0,2053923
2021-05-06 09:54:05,492.0,2056032
2021-05-06 09:54:06,492.0,2056032
2021-05-06 09:54:07,492.0,2056256
2021-05-06 09:54:07,492.0,2056256
2021-05-06 09:54:08,492.0,2056397
2021-05-06 09:54:09,492.0,2056449
2021-05-06 09:54:10,492.15,2056450
2021-05-06 09:54:11,492.0,2056451
2021-05-06 09:54:12,492.0,2057080
2021-05-06 09:54:13,492.0,2057086
2021-05-06 09:54:14,492.1,2057338
2021-05-06 09:54:16,492.1,2057398
2021-05-06 09:54:17,492.1,2057449
2021-05-06 09:54:18,492.1,2057449
2021-05-06 09:54:19,492.05,2057549
2021-05-06 09:54:19,492.05,2057549
2021-05-06 09:54:20,492.0,2059122
2021-05-06 09:54:21,492.0,2061222
2021-05-06 09:54:22,492.0,2061222
2021-05-06 09:54:23,492.0,2061262
2021-05-06 09:54:24,492.0,2076670
2021-05-06 09:54:26,492.0,2076700
2021-05-06 09:54:27,492.15,2077370
2021-05-06 09:54:29,492.0,2077716
2021-05-06 09:54:30,492.0,2077717
2021-05-06 09:54:31,492.0,2079328
2021-05-06 09:54:32,492.1,2080778
2021-05-06 09:54:33,492.1,2080778
2021-05-06 09:54:34,492.1,2081444
2021-05-06 09:54:36,492.0,2081494
2021-05-06 09:54:37,492.0,2090886
2021-05-06 09:54:38,492.0,2092227
2021-05-06 09:54:40,492.05,2092687
2021-05-06 09:54:40,492.05,2092687
2021-05-06 09:54:44,492.1,2093328
2021-05-06 09:54:45,492.1,2093458
2021-05-06 09:54:46,492.1,2093476
2021-05-06 09:54:46,492.1,2093476
2021-05-06 09:54:47,492.1,2094283
2021-05-06 09:54:48,492.05,2094308
2021-05-06 09:54:49,492.05,2094328
2021-05-06 09:54:50,492.05,2094892
2021-05-06 09:54:51,492.15,2095292
2021-05-06 09:54:52,492.15,2095842
2021-05-06 09:54:53,492.05,2096462
2021-05-06 09:54:54,492.05,2096562
2021-05-06 09:54:55,492.1,2096572
2021-05-06 09:54:56,492.05,2096576
2021-05-06 09:54:57,492.1,2096599
2021-05-06 09:54:59,492.05,2096919
2021-05-06 09:55:01,492.1,2097224
2021-05-06 09:55:02,492.1,2097246
2021-05-06 09:55:03,491.95,2107841
2021-05-06 09:55:03,491.95,2107847
2021-05-06 09:55:04,491.9,2108137
2021-05-06 09:55:07,492.0,2108153
2021-05-06 09:55:07,492.0,2108153
2021-05-06 09:55:08,492.0,2108253
2021-05-06 09:55:09,491.9,2110306
2021-05-06 09:55:11,492.05,2115377
2021-05-06 09:55:12,492.0,2118402
2021-05-06 09:55:13,492.1,2118522
2021-05-06 09:55:14,492.1,2121684
2021-05-06 09:55:15,492.1,2121852
2021-05-06 09:55:17,492.25,2128897
2021-05-06 09:55:18,492.25,2129207
2021-05-06 09:55:18,492.25,2129208
2021-05-06 09:55:19,492.4,2129259
2021-05-06 09:55:20,492.5,2130709
2021-05-06 09:55:21,492.4,2131184
2021-05-06 09:55:23,492.15,2131687
2021-05-06 09:55:23,492.35,2133872
2021-05-06 09:55:24,492.35,2133882
2021-05-06 09:55:25,492.35,2134402
2021-05-06 09:55:26,492.35,2134457
2021-05-06 09:55:28,492.25,2134605
2021-05-06 09:55:29,492.3,2135174
2021-05-06 09:55:29,492.3,2135174
2021-05-06 09:55:30,492.25,2136654
2021-05-06 09:55:31,492.2,2145790
2021-05-06 09:55:34,492.3,2146063
2021-05-06 09:55:35,492.3,2146099
2021-05-06 09:55:36,492.3,2146099
2021-05-06 09:55:37,492.35,2146577
2021-05-06 09:55:37,492.4,2146647
2021-05-06 09:55:38,492.35,2146907
2021-05-06 09:55:39,492.4,2146912
2021-05-06 09:55:41,492.4,2146985
2021-05-06 09:55:42,492.4,2147023
2021-05-06 09:55:42,492.4,2147023
2021-05-06 09:55:43,492.4,2147061
2021-05-06 09:55:44,492.4,2147061
2021-05-06 09:55:45,492.5,2148243
2021-05-06 09:55:46,492.5,2148512
2021-05-06 09:55:48,492.5,2149137
2021-05-06 09:55:49,492.5,2149613
2021-05-06 09:55:50,492.5,2149652
2021-05-06 09:55:50,492.5,2149652
2021-05-06 09:55:51,492.5,2149672
2021-05-06 09:55:52,492.5,2149764
2021-05-06 09:55:53,492.5,2149765
2021-05-06 09:55:54,492.45,2149878
2021-05-06 09:55:55,492.45,2149878
2021-05-06 09:55:56,492.5,2150003
2021-05-06 09:55:57,492.45,2150323
2021-05-06 09:55:58,492.5,2150463
2021-05-06 09:55:59,492.5,2150464
2021-05-06 09:56:01,492.5,2150716
2021-05-06 09:56:02,492.5,2154284
2021-05-06 09:56:03,492.6,2155414
2021-05-06 09:56:04,492.5,2155674
2021-05-06 09:56:05,492.5,2155859
2021-05-06 09:56:06,492.6,2156059
2021-05-06 09:56:07,492.6,2156195
2021-05-06 09:56:08,492.6,2156446
2021-05-06 09:56:09,492.5,2156552
2021-05-06 09:56:10,492.6,2156573
2021-05-06 09:56:11,492.8,2164297
2021-05-06 09:56:12,492.8,2164388
2021-05-06 09:56:13,492.8,2164958
2021-05-06 09:56:14,492.8,2165675
2021-05-06 09:56:15,492.7,2165735
2021-05-06 09:56:17,492.7,2166574
2021-05-06 09:56:17,492.7,2166574
2021-05-06 09:56:18,492.75,2166614
2021-05-06 09:56:19,492.75,2166614
2021-05-06 09:56:20,492.6,2166889
2021-05-06 09:56:21,492.7,2167104
2021-05-06 09:56:22,492.7,2167404
2021-05-06 09:56:23,492.75,2167684
2021-05-06 09:56:24,492.6,2167735
2021-05-06 09:56:25,492.5,2168635
2021-05-06 09:56:26,492.8,2169138
2021-05-06 09:56:27,492.75,2169177
2021-05-06 09:56:28,492.8,2170014
2021-05-06 09:56:30,492.8,2170370
2021-05-06 09:56:31,492.8,2170375
2021-05-06 09:56:32,492.8,2170376
2021-05-06 09:56:33,492.8,2171671
2021-05-06 09:56:34,492.8,2171764
2021-05-06 09:56:35,492.8,2171964
2021-05-06 09:56:36,492.8,2172597
2021-05-06 09:56:37,492.7,2172735
2021-05-06 09:56:38,492.8,2173032
2021-05-06 09:56:39,492.6,2175156
2021-05-06 09:56:39,492.6,2175156
2021-05-06 09:56:40,492.75,2175311
2021-05-06 09:56:42,492.75,2175318
2021-05-06 09:56:43,492.75,2175380
2021-05-06 09:56:44,492.75,2175390
2021-05-06 09:56:45,492.7,2175391
2021-05-06 09:56:46,492.6,2175591
2021-05-06 09:56:46,492.6,2175591
2021-05-06 09:56:48,492.7,2175721
2021-05-06 09:56:48,492.6,2175931
2021-05-06 09:56:49,492.75,2176331
2021-05-06 09:56:50,492.8,2176544
2021-05-06 09:56:51,492.8,2176544
2021-05-06 09:56:53,492.6,2176684
2021-05-06 09:56:54,492.75,2176756
2021-05-06 09:56:55,492.7,2176796
2021-05-06 09:56:56,492.7,2176808
2021-05-06 09:56:57,492.7,2176848
2021-05-06 09:56:58,492.7,2176858
2021-05-06 09:56:58,492.7,2176878
2021-05-06 09:56:59,492.6,2176936
2021-05-06 09:57:00,492.6,2176988
2021-05-06 09:57:02,492.7,2177771
2021-05-06 09:57:03,492.75,2178086
2021-05-06 09:57:03,492.75,2178086
2021-05-06 09:57:04,492.8,2178819
2021-05-06 09:57:05,492.6,2178883
2021-05-06 09:57:06,492.8,2179534
2021-05-06 09:57:08,492.8,2179795
2021-05-06 09:57:09,492.7,2179806
2021-05-06 09:57:10,492.7,2179809
2021-05-06 09:57:11,492.75,2180410
2021-05-06 09:57:12,492.75,2180410
2021-05-06 09:57:12,492.75,2180410
2021-05-06 09:57:13,492.7,2181008
2021-05-06 09:57:14,492.7,2181008
2021-05-06 09:57:15,492.75,2181209
2021-05-06 09:57:16,492.6,2182859
2021-05-06 09:57:18,492.75,2183015
2021-05-06 09:57:19,492.7,2183018
2021-05-06 09:57:19,492.7,2183018
2021-05-06 09:57:22,492.6,2189041
2021-05-06 09:57:21,492.6,2189041
2021-05-06 09:57:23,492.7,2189084
2021-05-06 09:57:24,492.6,2189399
2021-05-06 09:57:25,492.6,2189400
2021-05-06 09:57:25,492.6,2189400
2021-05-06 09:57:26,492.5,2191011
2021-05-06 09:57:27,492.55,2191026
2021-05-06 09:57:28,492.55,2191133
2021-05-06 09:57:30,492.3,2208840
2021-05-06 09:57:31,492.3,2209591
2021-05-06 09:57:32,492.3,2209591
2021-05-06 09:57:33,492.3,2209843
2021-05-06 09:57:34,492.3,2210912
2021-05-06 09:57:36,492.7,2220033
2021-05-06 09:57:38,492.8,2220172
2021-05-06 09:57:39,492.75,2220174
2021-05-06 09:57:40,492.65,2220205
2021-05-06 09:57:40,492.65,2220205
2021-05-06 09:57:41,492.75,2220371
2021-05-06 09:57:42,492.75,2220772
2021-05-06 09:57:44,492.65,2220832
2021-05-06 09:57:45,492.65,2220832
2021-05-06 09:57:46,492.65,2220932
2021-05-06 09:57:47,492.75,2221087
2021-05-06 09:57:48,492.65,2221088
2021-05-06 09:57:49,492.7,2221228
2021-05-06 09:57:50,492.65,2221233
2021-05-06 09:57:51,492.65,2221396
2021-05-06 09:57:52,492.75,2221460
2021-05-06 09:57:53,492.75,2221463
2021-05-06 09:57:53,492.75,2221583
2021-05-06 09:57:55,492.45,2222468
2021-05-06 09:57:56,492.65,2222567
2021-05-06 09:57:56,492.65,2222618
2021-05-06 09:57:58,492.5,2223314
2021-05-06 09:57:59,492.6,2223349
2021-05-06 09:58:00,492.35,2224765
2021-05-06 09:58:01,492.35,2224765
2021-05-06 09:58:02,492.35,2224833
2021-05-06 09:58:03,492.2,2225255
2021-05-06 09:58:04,492.1,2225292
2021-05-06 09:58:05,492.3,2225443
2021-05-06 09:58:07,492.5,2226144
2021-05-06 09:58:08,492.2,2226196
2021-05-06 09:58:09,492.2,2226346
2021-05-06 09:58:10,492.25,2226347
2021-05-06 09:58:10,492.25,2226347
2021-05-06 09:58:11,492.2,2228061
2021-05-06 09:58:13,492.2,2228105
2021-05-06 09:58:14,492.35,2228515
2021-05-06 09:58:15,492.35,2228525
2021-05-06 09:58:16,492.2,2228527
2021-05-06 09:58:17,492.2,2228545
2021-05-06 09:58:18,492.35,2229367
2021-05-06 09:58:19,492.35,2229367
2021-05-06 09:58:20,492.35,2229367
2021-05-06 09:58:20,492.35,2229367
2021-05-06 09:58:21,492.3,2229499
2021-05-06 09:58:23,492.3,2229499
2021-05-06 09:58:24,492.3,2229500
2021-05-06 09:58:25,492.05,2229703
2021-05-06 09:58:26,492.1,2229708
2021-05-06 09:58:27,492.05,2233535
2021-05-06 09:58:28,491.8,2235934
2021-05-06 09:58:29,491.9,2236084
2021-05-06 09:58:30,491.85,2236499
2021-05-06 09:58:31,491.8,2236599
2021-05-06 09:58:32,491.9,2236620
2021-05-06 09:58:34,492.0,2238312
2021-05-06 09:58:35,492.0,2238312
2021-05-06 09:58:36,492.0,2238922
2021-05-06 09:58:37,491.9,2239193
2021-05-06 09:58:37,491.9,2239293
2021-05-06 09:58:38,491.9,2239354
2021-05-06 09:58:40,491.8,2240505
2021-05-06 09:58:41,492.0,2241155
2021-05-06 09:58:42,491.85,2241184
2021-05-06 09:58:44,491.75,2241989
2021-05-06 09:58:45,491.65,2242399
2021-05-06 09:58:46,491.7,2242504
2021-05-06 09:58:47,491.7,2242509
2021-05-06 09:58:49,491.7,2245173
2021-05-06 09:58:50,491.45,2245525
2021-05-06 09:58:51,491.45,2246275
2021-05-06 09:58:52,491.45,2247048
2021-05-06 09:58:53,491.45,2247488
2021-05-06 09:58:54,491.45,2247588
2021-05-06 09:58:55,491.45,2247958
2021-05-06 09:58:56,491.45,2247998
2021-05-06 09:58:57,491.4,2248331
2021-05-06 09:58:58,491.5,2248347
2021-05-06 09:58:59,491.5,2248351
2021-05-06 09:59:00,491.5,2249151
2021-05-06 09:59:01,491.5,2249738
2021-05-06 09:59:01,491.5,2249738
2021-05-06 09:59:02,491.5,2249798
2021-05-06 09:59:04,491.4,2251054
2021-05-06 09:59:05,491.15,2252926
2021-05-06 09:59:06,491.15,2253077
2021-05-06 09:59:07,491.15,2253222
2021-05-06 09:59:08,491.15,2253273
2021-05-06 09:59:09,491.1,2254062
2021-05-06 09:59:10,491.1,2254062
2021-05-06 09:59:11,491.15,2255101
2021-05-06 09:59:12,491.3,2255220
2021-05-06 09:59:13,491.25,2255228
2021-05-06 09:59:13,491.0,2255726
2021-05-06 09:59:14,491.0,2256367
2021-05-06 09:59:16,491.0,2256525
2021-05-06 09:59:17,491.0,2257271
2021-05-06 09:59:17,491.0,2257271
2021-05-06 09:59:18,491.0,2257579
2021-05-06 09:59:19,491.0,2257614
2021-05-06 09:59:21,491.0,2258308
2021-05-06 09:59:22,491.0,2258818
2021-05-06 09:59:23,491.0,2259031
2021-05-06 09:59:24,491.0,2259729
2021-05-06 09:59:25,491.0,2259729
2021-05-06 09:59:27,491.1,2260099
2021-05-06 09:59:28,491.0,2260199
2021-05-06 09:59:29,491.0,2260749
2021-05-06 09:59:30,491.1,2260837
2021-05-06 09:59:31,491.1,2260866
2021-05-06 09:59:32,491.1,2260866
2021-05-06 09:59:34,491.0,2261482
2021-05-06 09:59:34,491.0,2261482
2021-05-06 09:59:36,491.5,2261990
2021-05-06 09:59:37,491.55,2267756
2021-05-06 09:59:38,491.45,2268365
2021-05-06 09:59:39,491.45,2268365
2021-05-06 09:59:40,491.55,2268584
2021-05-06 09:59:41,491.45,2268877
2021-05-06 09:59:42,491.4,2269677
2021-05-06 09:59:43,491.4,2269697
2021-05-06 09:59:44,491.45,2269702
2021-05-06 09:59:45,491.45,2269852
2021-05-06 09:59:47,491.5,2269923
2021-05-06 09:59:48,491.35,2270673
2021-05-06 09:59:49,491.35,2270673
2021-05-06 09:59:50,491.2,2270737
2021-05-06 09:59:51,491.3,2270787
2021-05-06 09:59:52,491.3,2270797
2021-05-06 09:59:53,491.15,2270937
2021-05-06 09:59:54,491.15,2270937
2021-05-06 09:59:55,491.15,2270937
2021-05-06 09:59:57,491.3,2270938
2021-05-06 10:00:00,491.3,2271154
2021-05-06 10:00:01,491.3,2271154
2021-05-06 10:00:02,491.15,2271156
2021-05-06 10:00:03,491.3,2271167
2021-05-06 10:00:05,491.15,2271247
2021-05-06 10:00:06,491.15,2271302
2021-05-06 10:00:07,491.3,2271354
2021-05-06 10:00:08,491.1,2271414
2021-05-06 10:00:09,491.1,2271414
2021-05-06 10:00:10,491.1,2271645
2021-05-06 10:00:12,491.05,2272105
2021-05-06 10:00:13,491.05,2272105
2021-05-06 10:00:14,491.05,2272151
2021-05-06 10:00:15,491.05,2272151
2021-05-06 10:00:16,491.05,2272501
2021-05-06 10:00:17,491.2,2274473
2021-05-06 10:00:18,491.15,2274475
2021-05-06 10:00:19,491.05,2274476
2021-05-06 10:00:20,491.2,2274701
2021-05-06 10:00:21,491.25,2274783
2021-05-06 10:00:22,491.25,2274803
2021-05-06 10:00:23,491.2,2275151
2021-05-06 10:00:24,491.2,2275151
2021-05-06 10:00:25,491.2,2275151
2021-05-06 10:00:26,491.2,2277069
2021-05-06 10:00:27,491.35,2277070
2021-05-06 10:00:28,491.15,2277290
2021-05-06 10:00:30,491.3,2277315
2021-05-06 10:00:31,491.35,2277352
2021-05-06 10:00:32,491.35,2277478
2021-05-06 10:00:33,491.25,2277809
2021-05-06 10:00:34,491.25,2277809
2021-05-06 10:00:35,491.25,2277809
2021-05-06 10:00:36,491.45,2277859
2021-05-06 10:00:37,491.25,2278013
2021-05-06 10:00:38,491.25,2278054
2021-05-06 10:00:39,491.4,2278104
2021-05-06 10:00:40,491.4,2278104
2021-05-06 10:00:41,491.4,2278104
2021-05-06 10:00:42,491.4,2278104
2021-05-06 10:00:43,491.4,2278104
2021-05-06 10:00:44,491.5,2278152
2021-05-06 10:00:45,491.5,2278174
2021-05-06 10:00:46,491.5,2278174
2021-05-06 10:00:47,491.4,2278274
2021-05-06 10:00:48,491.4,2278274
2021-05-06 10:00:49,491.4,2278354
2021-05-06 10:00:51,491.5,2278374
2021-05-06 10:00:50,491.5,2278374
2021-05-06 10:00:52,491.55,2280454
2021-05-06 10:00:53,491.45,2280597
2021-05-06 10:00:54,491.45,2280597
2021-05-06 10:00:55,491.45,2280597
2021-05-06 10:00:56,491.4,2280598
2021-05-06 10:00:57,491.4,2280598
2021-05-06 10:00:58,491.45,2280603
2021-05-06 10:00:59,491.4,2280724
2021-05-06 10:01:00,491.4,2280724
2021-05-06 10:01:01,491.4,2280724
2021-05-06 10:01:02,491.45,2280744
2021-05-06 10:01:03,491.4,2281178
2021-05-06 10:01:04,491.4,2281178
2021-05-06 10:01:05,491.4,2281178
2021-05-06 10:01:06,491.4,2281178
2021-05-06 10:01:07,491.45,2281213
2021-05-06 10:01:08,491.4,2281434
2021-05-06 10:01:09,491.45,2281436
2021-05-06 10:01:10,491.4,2281661
2021-05-06 10:01:11,491.4,2281671
2021-05-06 10:01:12,491.4,2281706
2021-05-06 10:01:13,491.4,2281737
2021-05-06 10:01:14,491.3,2281937
2021-05-06 10:01:15,491.45,2281977
2021-05-06 10:01:16,491.45,2281977
2021-05-06 10:01:17,491.45,2281977
2021-05-06 10:01:18,491.45,2281977
2021-05-06 10:01:19,491.3,2282167
2021-05-06 10:01:20,491.3,2282167
2021-05-06 10:01:21,491.3,2282715
2021-05-06 10:01:22,491.3,2282715
2021-05-06 10:01:23,491.45,2282766
2021-05-06 10:01:24,491.45,2282766
2021-05-06 10:01:25,491.3,2282767
2021-05-06 10:01:26,491.3,2284367
2021-05-06 10:01:27,491.3,2284472
2021-05-06 10:01:28,491.4,2284575
2021-05-06 10:01:29,491.4,2284930
2021-05-06 10:01:30,491.45,2285964
2021-05-06 10:01:31,491.45,2285964
2021-05-06 10:01:32,491.5,2287007
2021-05-06 10:01:33,491.3,2287043
2021-05-06 10:01:34,491.3,2287043
2021-05-06 10:01:35,491.3,2287043
2021-05-06 10:01:36,491.45,2287053
2021-05-06 10:01:37,491.45,2287063
2021-05-06 10:01:38,491.45,2287064
2021-05-06 10:01:39,491.3,2287589
2021-05-06 10:01:40,491.3,2287589
2021-05-06 10:01:41,491.45,2287604
2021-05-06 10:01:42,491.45,2287634
2021-05-06 10:01:43,491.3,2294001
2021-05-06 10:01:44,491.3,2294001
2021-05-06 10:01:45,491.3,2294001
2021-05-06 10:01:46,491.35,2294081
2021-05-06 10:01:48,491.35,2294081
2021-05-06 10:01:48,491.35,2294081
2021-05-06 10:01:49,491.3,2294091
2021-05-06 10:01:51,491.35,2294292
2021-05-06 10:01:51,491.3,2294357
2021-05-06 10:01:52,491.3,2294357
2021-05-06 10:01:54,491.35,2294409
2021-05-06 10:01:55,491.35,2294409
2021-05-06 10:01:56,491.35,2294409
2021-05-06 10:01:57,491.35,2294411
2021-05-06 10:01:58,491.35,2294412
2021-05-06 10:02:00,491.35,2294624
2021-05-06 10:02:00,491.35,2294624
2021-05-06 10:02:01,491.3,2296324
2021-05-06 10:02:03,491.3,2296324
2021-05-06 10:02:03,491.3,2296523
2021-05-06 10:02:05,491.3,2296528
2021-05-06 10:02:07,491.3,2298138
2021-05-06 10:02:07,491.3,2298138
2021-05-06 10:02:08,491.3,2298179
2021-05-06 10:02:09,491.3,2298179
2021-05-06 10:02:10,491.3,2298179
2021-05-06 10:02:11,491.4,2298309
2021-05-06 10:02:12,491.3,2298332
2021-05-06 10:02:13,491.0,2305647
2021-05-06 10:02:14,491.0,2305647
2021-05-06 10:02:15,491.0,2305647
2021-05-06 10:02:16,491.0,2306162
2021-05-06 10:02:17,490.8,2306643
2021-05-06 10:02:19,490.8,2306643
2021-05-06 10:02:19,490.85,2306693
2021-05-06 10:02:21,490.8,2307396
2021-05-06 10:02:21,490.8,2306895
2021-05-06 10:02:22,491.05,2310396
2021-05-06 10:02:23,490.8,2310444
2021-05-06 10:02:24,490.9,2310526
2021-05-06 10:02:25,490.95,2310578
2021-05-06 10:02:26,491.0,2311572
2021-05-06 10:02:28,490.8,2311912
2021-05-06 10:02:29,490.8,2311912
2021-05-06 10:02:30,490.8,2312112
2021-05-06 10:02:30,490.85,2312212
2021-05-06 10:02:31,491.0,2312223
2021-05-06 10:02:33,490.8,2312273
2021-05-06 10:02:33,490.8,2312273
2021-05-06 10:02:34,490.8,2313273
2021-05-06 10:02:35,490.8,2313273
2021-05-06 10:02:36,491.0,2313325
2021-05-06 10:02:37,491.0,2313335
2021-05-06 10:02:39,491.0,2313335
2021-05-06 10:02:39,491.0,2313335
2021-05-06 10:02:40,490.8,2313337
2021-05-06 10:02:41,491.0,2313367
2021-05-06 10:02:42,490.8,2313369
2021-05-06 10:02:43,490.8,2313510
2021-05-06 10:02:45,490.95,2313633
2021-05-06 10:02:45,490.95,2313613
2021-05-06 10:02:46,490.95,2313633
2021-05-06 10:02:47,490.8,2313803
2021-05-06 10:02:48,490.8,2313803
2021-05-06 10:02:50,490.8,2314355
2021-05-06 10:02:50,490.8,2314355
2021-05-06 10:02:51,490.8,2314356
2021-05-06 10:02:52,490.95,2314620
2021-05-06 10:02:53,490.85,2315207
2021-05-06 10:02:54,490.9,2315617
2021-05-06 10:02:55,490.85,2316617
2021-05-06 10:02:57,490.9,2317168
2021-05-06 10:02:57,490.9,2317168
2021-05-06 10:02:58,490.9,2317168
2021-05-06 10:02:59,490.95,2317188
2021-05-06 10:03:01,491.0,2318474
2021-05-06 10:03:01,491.0,2318484
2021-05-06 10:03:02,490.9,2318485
2021-05-06 10:03:03,490.9,2318485
2021-05-06 10:03:05,490.9,2318505
2021-05-06 10:03:06,491.0,2318561
2021-05-06 10:03:07,490.85,2318611
2021-05-06 10:03:08,490.85,2318732
2021-05-06 10:03:09,491.0,2318906
2021-05-06 10:03:11,491.0,2318981
2021-05-06 10:03:11,491.0,2318981
2021-05-06 10:03:12,491.0,2318987
2021-05-06 10:03:14,490.85,2319018
2021-05-06 10:03:14,490.85,2319018
2021-05-06 10:03:15,490.95,2319438
2021-05-06 10:03:16,490.85,2319561
2021-05-06 10:03:17,490.95,2319611
2021-05-06 10:03:18,490.95,2319611
2021-05-06 10:03:19,490.95,2319611
2021-05-06 10:03:20,490.95,2319611
2021-05-06 10:03:21,490.95,2319721
2021-05-06 10:03:22,490.95,2319751
2021-05-06 10:03:23,490.95,2319752
2021-05-06 10:03:24,490.95,2319754
2021-05-06 10:03:25,490.8,2319779
2021-05-06 10:03:27,490.95,2319805
2021-05-06 10:03:27,490.95,2319805
2021-05-06 10:03:28,490.8,2319870
2021-05-06 10:03:29,490.8,2319871
2021-05-06 10:03:30,490.8,2319871
2021-05-06 10:03:31,490.8,2319871
2021-05-06 10:03:32,490.8,2319871
2021-05-06 10:03:34,490.95,2319881
2021-05-06 10:03:34,490.8,2319981
2021-05-06 10:03:35,490.8,2320091
2021-05-06 10:03:36,490.8,2320334
2021-05-06 10:03:38,490.8,2320379
2021-05-06 10:03:38,490.8,2320379
2021-05-06 10:03:39,490.8,2320379
2021-05-06 10:03:40,490.8,2320379
2021-05-06 10:03:41,490.95,2320439
2021-05-06 10:03:42,490.95,2320439
2021-05-06 10:03:43,490.95,2320450
2021-05-06 10:03:44,490.8,2321050
2021-05-06 10:03:45,490.8,2321085
2021-05-06 10:03:46,490.8,2321085
2021-05-06 10:03:47,490.8,2321085
2021-05-06 10:03:49,490.8,2321135
2021-05-06 10:03:49,490.8,2321188
2021-05-06 10:03:51,490.8,2321788
2021-05-06 10:03:51,490.8,2321788
2021-05-06 10:03:52,490.8,2321978
2021-05-06 10:03:53,490.8,2322018
2021-05-06 10:03:54,490.8,2322055
2021-05-06 10:03:56,490.8,2322065
2021-05-06 10:03:57,490.95,2322068
2021-05-06 10:03:57,490.95,2322068
2021-05-06 10:03:58,490.95,2322081
2021-05-06 10:03:59,490.95,2322082
2021-05-06 10:04:00,490.8,2322083
2021-05-06 10:04:01,490.95,2322133
2021-05-06 10:04:02,490.8,2322183
2021-05-06 10:04:03,490.95,2322209
2021-05-06 10:04:04,490.95,2322209
2021-05-06 10:04:06,490.95,2322234
2021-05-06 10:04:06,490.95,2322234
2021-05-06 10:04:08,490.95,2322237
2021-05-06 10:04:09,490.95,2322237
2021-05-06 10:04:10,490.95,2322237
2021-05-06 10:04:11,490.95,2322264
2021-05-06 10:04:12,490.85,2322315
2021-05-06 10:04:12,490.85,2322315
2021-05-06 10:04:13,490.95,2322362
2021-05-06 10:04:16,490.95,2322712
2021-05-06 10:04:16,490.95,2322712
2021-05-06 10:04:17,490.95,2322962
2021-05-06 10:04:18,491.25,2326969
2021-05-06 10:04:19,491.1,2328769
2021-05-06 10:04:20,491.3,2328871
2021-05-06 10:04:21,491.35,2328889
2021-05-06 10:04:22,491.5,2330139
2021-05-06 10:04:24,491.35,2330179
2021-05-06 10:04:25,491.5,2330379
2021-05-06 10:04:25,491.5,2330379
2021-05-06 10:04:27,491.5,2330463
2021-05-06 10:04:28,491.5,2330573
2021-05-06 10:04:29,491.35,2330582
2021-05-06 10:04:30,491.35,2331546
2021-05-06 10:04:31,491.5,2331575
2021-05-06 10:04:31,491.5,2331575
2021-05-06 10:04:32,491.55,2332408
2021-05-06 10:04:33,491.6,2332512
2021-05-06 10:04:34,491.7,2333583
2021-05-06 10:04:36,491.55,2333668
2021-05-06 10:04:37,491.55,2333668
2021-05-06 10:04:38,491.55,2333736
2021-05-06 10:04:38,491.55,2333736
2021-05-06 10:04:39,491.8,2334030
2021-05-06 10:04:40,491.8,2334045
2021-05-06 10:04:41,491.8,2334255
2021-05-06 10:04:42,491.8,2334255
2021-05-06 10:04:46,491.85,2335315
2021-05-06 10:04:47,491.85,2335315
2021-05-06 10:04:48,491.6,2336777
2021-05-06 10:04:48,491.7,2336877
2021-05-06 10:04:49,491.8,2336879
2021-05-06 10:04:50,491.7,2336902
2021-05-06 10:04:51,491.7,2336909
2021-05-06 10:04:52,491.7,2336909
2021-05-06 10:04:53,491.8,2336959
2021-05-06 10:04:55,491.85,2337346
2021-05-06 10:04:56,491.7,2337347
2021-05-06 10:04:57,491.85,2337704
2021-05-06 10:04:57,491.85,2337724
2021-05-06 10:04:58,492.0,2340033
2021-05-06 10:04:59,492.0,2340238
2021-05-06 10:05:00,492.0,2340452
2021-05-06 10:05:01,492.0,2340452
2021-05-06 10:05:02,492.0,2340462
2021-05-06 10:05:03,492.0,2340475
2021-05-06 10:05:04,492.0,2340500
2021-05-06 10:05:05,492.0,2341003
2021-05-06 10:05:07,491.85,2341004
2021-05-06 10:05:08,491.85,2341075
2021-05-06 10:05:08,491.85,2341075
2021-05-06 10:05:09,491.95,2341094
2021-05-06 10:05:10,491.95,2341094
2021-05-06 10:05:11,491.95,2341094
2021-05-06 10:05:12,491.85,2341395
2021-05-06 10:05:15,491.85,2341556
2021-05-06 10:05:16,491.85,2341556
2021-05-06 10:05:17,491.95,2341557
2021-05-06 10:05:18,492.0,2341582
2021-05-06 10:05:19,492.0,2341582
2021-05-06 10:05:20,492.0,2341582
2021-05-06 10:05:21,492.0,2341582
2021-05-06 10:05:21,491.95,2341583
2021-05-06 10:05:22,491.95,2341583
2021-05-06 10:05:25,492.0,2342051
2021-05-06 10:05:26,492.0,2342054
2021-05-06 10:05:27,491.95,2347381
2021-05-06 10:05:28,492.05,2354597
2021-05-06 10:05:28,492.05,2354597
2021-05-06 10:05:29,492.1,2354801
2021-05-06 10:05:31,492.1,2354801
2021-05-06 10:05:32,492.3,2354911
2021-05-06 10:05:32,492.3,2354911
2021-05-06 10:05:33,492.3,2354911
2021-05-06 10:05:34,492.3,2354988
2021-05-06 10:05:35,492.3,2355018
2021-05-06 10:05:36,492.2,2355133
2021-05-06 10:05:37,492.2,2355156
2021-05-06 10:05:38,492.2,2356331
2021-05-06 10:05:39,492.25,2356581
2021-05-06 10:05:40,492.25,2356581
2021-05-06 10:05:42,492.25,2356581
2021-05-06 10:05:43,492.15,2356681
2021-05-06 10:05:44,492.25,2356992
2021-05-06 10:05:45,492.2,2357440
2021-05-06 10:05:46,492.3,2358040
2021-05-06 10:05:47,492.3,2358100
2021-05-06 10:05:47,492.3,2358100
2021-05-06 10:05:49,492.3,2358101
2021-05-06 10:05:50,492.3,2358101
2021-05-06 10:05:51,492.3,2358101
2021-05-06 10:05:52,492.3,2358103
2021-05-06 10:05:53,492.2,2358248
2021-05-06 10:05:54,492.3,2358285
2021-05-06 10:05:55,492.3,2358303
2021-05-06 10:05:56,492.3,2358324
2021-05-06 10:05:57,492.3,2359945
2021-05-06 10:05:58,492.15,2360741
2021-05-06 10:05:59,492.4,2360757
2021-05-06 10:06:00,492.4,2360757
2021-05-06 10:06:01,492.45,2360798
2021-05-06 10:06:02,492.45,2360798
2021-05-06 10:06:04,492.45,2361198
2021-05-06 10:06:05,492.3,2361199
2021-05-06 10:06:06,492.3,2361224
2021-05-06 10:06:07,492.45,2361315
2021-05-06 10:06:07,492.4,2361516
2021-05-06 10:06:08,492.2,2361627
2021-05-06 10:06:09,492.3,2361641
2021-05-06 10:06:11,492.2,2361958
2021-05-06 10:06:12,492.35,2361968
2021-05-06 10:06:13,492.3,2361989
2021-05-06 10:06:13,492.4,2361992
2021-05-06 10:06:14,492.2,2362232
2021-05-06 10:06:16,492.4,2362357
2021-05-06 10:06:16,492.4,2362357
2021-05-06 10:06:17,492.4,2362368
2021-05-06 10:06:18,492.4,2362396
2021-05-06 10:06:20,492.4,2362396
2021-05-06 10:06:20,492.4,2362396
2021-05-06 10:06:21,492.4,2362396
2021-05-06 10:06:22,492.4,2362398
2021-05-06 10:06:23,492.3,2362438
2021-05-06 10:06:24,492.3,2362438
2021-05-06 10:06:25,492.4,2362488
2021-05-06 10:06:26,492.4,2362491
2021-05-06 10:06:28,492.3,2362547
2021-05-06 10:06:28,492.35,2362582
2021-05-06 10:06:30,492.4,2363712
2021-05-06 10:06:30,492.3,2363713
2021-05-06 10:06:31,492.4,2363717
2021-05-06 10:06:32,492.2,2363838
2021-05-06 10:06:33,492.4,2363939
2021-05-06 10:06:34,492.35,2363940
2021-05-06 10:06:35,492.4,2364002
2021-05-06 10:06:36,492.4,2364157
2021-05-06 10:06:38,492.4,2365663
2021-05-06 10:06:39,492.25,2366163
2021-05-06 10:06:40,492.25,2366399
2021-05-06 10:06:41,492.35,2366404
2021-05-06 10:06:41,492.25,2366414
2021-05-06 10:06:43,492.35,2366430
2021-05-06 10:06:44,492.35,2366433
2021-05-06 10:06:45,492.25,2366498
2021-05-06 10:06:47,492.35,2366782
2021-05-06 10:06:48,492.35,2366883
2021-05-06 10:06:50,492.35,2366883
2021-05-06 10:06:51,492.35,2366903
2021-05-06 10:06:52,492.35,2366934
2021-05-06 10:06:53,492.35,2367039
2021-05-06 10:06:53,492.35,2367039
2021-05-06 10:06:55,492.35,2367089
2021-05-06 10:06:56,492.35,2367181
2021-05-06 10:06:57,492.35,2367299
2021-05-06 10:06:58,492.25,2367345
2021-05-06 10:06:59,492.25,2367345
2021-05-06 10:06:59,492.25,2367345
2021-05-06 10:07:01,492.25,2367645
2021-05-06 10:07:02,492.35,2368245
2021-05-06 10:07:02,492.35,2368245
2021-05-06 10:07:03,492.35,2368245
2021-05-06 10:07:05,492.25,2368265
2021-05-06 10:07:06,492.25,2369420
2021-05-06 10:07:06,492.25,2369420
2021-05-06 10:07:07,492.35,2369620
2021-05-06 10:07:08,492.35,2369823
2021-05-06 10:07:09,492.35,2370224
2021-05-06 10:07:11,492.4,2375781
2021-05-06 10:07:12,492.4,2375802
2021-05-06 10:07:13,492.4,2375802
2021-05-06 10:07:14,492.35,2375842
2021-05-06 10:07:15,492.3,2375925
2021-05-06 10:07:16,492.3,2375925
2021-05-06 10:07:17,492.35,2375930
2021-05-06 10:07:17,492.35,2375930
2021-05-06 10:07:18,492.5,2380474
2021-05-06 10:07:19,492.4,2380675
2021-05-06 10:07:20,492.35,2380775
2021-05-06 10:07:21,492.3,2381276
2021-05-06 10:07:22,492.35,2381427
2021-05-06 10:07:23,492.5,2383388
2021-05-06 10:07:25,492.5,2384390
2021-05-06 10:07:26,492.5,2384391
2021-05-06 10:07:27,492.4,2384429
2021-05-06 10:07:28,492.4,2384430
2021-05-06 10:07:29,492.4,2384586
2021-05-06 10:07:30,492.5,2384593
2021-05-06 10:07:31,492.5,2384594
2021-05-06 10:07:32,492.35,2385208
2021-05-06 10:07:33,492.45,2385219
2021-05-06 10:07:34,492.4,2385220
2021-05-06 10:07:34,492.4,2385220
2021-05-06 10:07:35,492.4,2385220
2021-05-06 10:07:36,492.4,2385231
2021-05-06 10:07:37,492.4,2385301
2021-05-06 10:07:38,492.3,2385303
2021-05-06 10:07:40,492.4,2385327
2021-05-06 10:07:40,492.4,2385327
2021-05-06 10:07:41,492.4,2385812
2021-05-06 10:07:43,492.4,2385941
2021-05-06 10:07:44,492.4,2385942
2021-05-06 10:07:45,492.45,2386049
2021-05-06 10:07:45,492.4,2386604
2021-05-06 10:07:46,492.3,2397502
2021-05-06 10:07:47,492.3,2397537
2021-05-06 10:07:48,492.3,2397537
2021-05-06 10:07:50,492.45,2399592
2021-05-06 10:07:51,492.4,2399624
2021-05-06 10:07:52,492.5,2404631
2021-05-06 10:07:54,492.45,2404732
2021-05-06 10:07:55,492.3,2404982
2021-05-06 10:07:55,492.3,2404982
2021-05-06 10:07:56,492.25,2405062
2021-05-06 10:07:57,492.25,2405302
2021-05-06 10:07:58,492.25,2405354
2021-05-06 10:08:01,492.25,2406961
2021-05-06 10:08:02,492.25,2407081
2021-05-06 10:08:03,492.35,2407191
2021-05-06 10:08:04,492.35,2407191
2021-05-06 10:08:04,492.35,2407404
2021-05-06 10:08:05,492.25,2407529
2021-05-06 10:08:06,492.25,2407529
2021-05-06 10:08:07,492.25,2410713
2021-05-06 10:08:08,492.25,2411464
2021-05-06 10:08:10,492.35,2411493
2021-05-06 10:08:11,492.35,2411633
2021-05-06 10:08:12,492.35,2411883
2021-05-06 10:08:13,492.25,2413533
2021-05-06 10:08:14,492.35,2413541
2021-05-06 10:08:15,492.4,2413561
2021-05-06 10:08:15,492.3,2413563
2021-05-06 10:08:16,492.3,2413603
2021-05-06 10:08:17,492.3,2413604
2021-05-06 10:08:18,492.3,2413604
2021-05-06 10:08:19,492.3,2413604
2021-05-06 10:08:20,492.45,2413907
2021-05-06 10:08:22,492.3,2415390
2021-05-06 10:08:23,492.3,2415390
2021-05-06 10:08:24,492.3,2415594
2021-05-06 10:08:25,492.3,2415701
2021-05-06 10:08:26,492.35,2417185
2021-05-06 10:08:26,492.35,2417215
2021-05-06 10:08:27,492.35,2417215
2021-05-06 10:08:29,492.35,2417240
2021-05-06 10:08:29,492.35,2417240
2021-05-06 10:08:30,492.35,2417265
2021-05-06 10:08:31,492.35,2417266
2021-05-06 10:08:32,492.35,2417266
2021-05-06 10:08:34,492.25,2417276
2021-05-06 10:08:35,492.35,2417291
2021-05-06 10:08:36,492.3,2417491
2021-05-06 10:08:37,492.3,2417491
2021-05-06 10:08:38,492.35,2417518
2021-05-06 10:08:39,492.35,2417518
2021-05-06 10:08:41,492.25,2418922
2021-05-06 10:08:41,492.25,2418922
2021-05-06 10:08:42,492.25,2419030
2021-05-06 10:08:44,492.3,2419081
2021-05-06 10:08:45,492.3,2419184
2021-05-06 10:08:45,492.3,2419212
2021-05-06 10:08:47,492.3,2419212
2021-05-06 10:08:48,492.3,2419212
2021-05-06 10:08:49,492.3,2419237
2021-05-06 10:08:50,492.25,2419262
2021-05-06 10:08:51,492.25,2419262
2021-05-06 10:08:52,492.3,2419263
2021-05-06 10:08:53,492.25,2419304
2021-05-06 10:08:54,492.3,2419316
2021-05-06 10:08:55,492.3,2419422
2021-05-06 10:08:56,492.3,2419422
2021-05-06 10:08:57,492.25,2420124
2021-05-06 10:08:58,492.3,2420151
2021-05-06 10:08:59,492.3,2420228
2021-05-06 10:09:00,492.3,2420430
2021-05-06 10:09:01,492.25,2420630
2021-05-06 10:09:02,492.3,2420631
2021-05-06 10:09:02,492.3,2420631
2021-05-06 10:09:04,492.25,2420816
2021-05-06 10:09:05,492.25,2420817
2021-05-06 10:09:06,492.3,2420818
2021-05-06 10:09:07,492.25,2424470
2021-05-06 10:09:08,492.25,2424512
2021-05-06 10:09:12,492.3,2425999
2021-05-06 10:09:13,492.3,2425999
2021-05-06 10:09:13,492.3,2425999
2021-05-06 10:09:15,492.2,2426029
2021-05-06 10:09:16,492.2,2426029
2021-05-06 10:09:18,492.3,2426039
2021-05-06 10:09:19,492.2,2430267
2021-05-06 10:09:20,492.3,2430274
2021-05-06 10:09:20,492.2,2430272
2021-05-06 10:09:21,492.25,2435924
2021-05-06 10:09:22,492.2,2437786
2021-05-06 10:09:23,492.2,2437919
2021-05-06 10:09:25,492.2,2440233
2021-05-06 10:09:26,492.2,2440233
2021-05-06 10:09:28,492.25,2440463
2021-05-06 10:09:29,492.2,2440562
2021-05-06 10:09:30,492.3,2440662
2021-05-06 10:09:31,492.2,2440755
2021-05-06 10:09:32,492.2,2440776
2021-05-06 10:09:33,492.25,2446928
2021-05-06 10:09:34,492.0,2450813
2021-05-06 10:09:35,492.0,2450924
2021-05-06 10:09:36,492.0,2451507
2021-05-06 10:09:37,492.0,2451507
2021-05-06 10:09:38,492.0,2452070
2021-05-06 10:09:39,492.0,2452310
2021-05-06 10:09:40,492.0,2452410
2021-05-06 10:09:41,492.0,2452653
2021-05-06 10:09:42,492.15,2452700
2021-05-06 10:09:43,492.05,2452752
2021-05-06 10:09:44,492.15,2452928
2021-05-06 10:09:45,492.05,2452980
2021-05-06 10:09:45,492.15,2453030
2021-05-06 10:09:47,492.05,2453052
2021-05-06 10:09:47,492.05,2453052
2021-05-06 10:09:50,492.05,2453052
2021-05-06 10:09:51,492.05,2453190
2021-05-06 10:09:52,492.1,2453215
2021-05-06 10:09:52,492.05,2453248
2021-05-06 10:09:54,492.0,2453782
2021-05-06 10:09:55,492.0,2454035
2021-05-06 10:09:55,492.0,2454035
2021-05-06 10:09:56,492.05,2454146
2021-05-06 10:09:57,492.1,2455547
2021-05-06 10:09:59,492.1,2456254
2021-05-06 10:09:59,491.9,2457457
2021-05-06 10:10:00,492.15,2458158
2021-05-06 10:10:01,492.15,2458158
2021-05-06 10:10:02,491.85,2458215
2021-05-06 10:10:04,492.0,2458260
2021-05-06 10:10:05,491.9,2458279
2021-05-06 10:10:05,491.85,2458479
2021-05-06 10:10:06,491.85,2458565
2021-05-06 10:10:08,492.0,2458592
2021-05-06 10:10:09,491.9,2458607
2021-05-06 10:10:09,491.8,2458610
2021-05-06 10:10:10,491.9,2458649
2021-05-06 10:10:12,491.85,2458910
2021-05-06 10:10:13,491.8,2458932
2021-05-06 10:10:14,491.75,2458983
2021-05-06 10:10:15,491.75,2458983
2021-05-06 10:10:16,491.7,2458984
2021-05-06 10:10:17,491.8,2459117
2021-05-06 10:10:18,491.7,2459119
2021-05-06 10:10:19,491.7,2459144
2021-05-06 10:10:20,491.85,2459246
2021-05-06 10:10:21,491.85,2459246
2021-05-06 10:10:22,491.8,2459248
2021-05-06 10:10:23,491.8,2459353
2021-05-06 10:10:24,491.65,2459403
2021-05-06 10:10:24,491.65,2459458
2021-05-06 10:10:25,491.55,2459489
2021-05-06 10:10:27,491.55,2459542
2021-05-06 10:10:28,491.6,2459568
2021-05-06 10:10:29,491.7,2460111
2021-05-06 10:10:30,491.7,2460111
2021-05-06 10:10:31,491.7,2460471
2021-05-06 10:10:32,491.7,2460592
2021-05-06 10:10:33,491.65,2461136
2021-05-06 10:10:34,491.55,2461150
2021-05-06 10:10:35,491.5,2461621
2021-05-06 10:10:36,491.4,2461659
2021-05-06 10:10:37,491.4,2461659
2021-05-06 10:10:38,491.35,2462325
2021-05-06 10:10:39,491.35,2462596
2021-05-06 10:10:40,491.35,2462618
2021-05-06 10:10:41,491.5,2462622
2021-05-06 10:10:42,491.25,2462634
2021-05-06 10:10:43,491.25,2462669
2021-05-06 10:10:44,491.25,2462721
2021-05-06 10:10:45,491.25,2462738
2021-05-06 10:10:46,491.25,2462966
2021-05-06 10:10:47,491.25,2463114
2021-05-06 10:10:48,491.35,2463153
2021-05-06 10:10:49,491.35,2463170
2021-05-06 10:10:50,491.4,2463177
2021-05-06 10:10:51,491.35,2463208
2021-05-06 10:10:52,491.4,2463231
2021-05-06 10:10:53,491.35,2463235
2021-05-06 10:10:54,491.35,2463235
2021-05-06 10:10:55,491.25,2463351
2021-05-06 10:10:56,491.25,2463451
2021-05-06 10:10:57,491.4,2463473
2021-05-06 10:10:58,491.25,2463564
2021-05-06 10:10:59,491.25,2463597
2021-05-06 10:11:00,491.25,2464175
2021-05-06 10:11:01,491.25,2464555
2021-05-06 10:11:02,491.25,2464555
2021-05-06 10:11:03,491.25,2464645
2021-05-06 10:11:04,491.35,2464682
2021-05-06 10:11:05,491.35,2464734
2021-05-06 10:11:06,491.25,2470252
2021-05-06 10:11:07,491.25,2470252
2021-05-06 10:11:09,491.4,2473360
2021-05-06 10:11:08,491.4,2473360
2021-05-06 10:11:10,491.25,2473682
2021-05-06 10:11:11,491.55,2473775
2021-05-06 10:11:12,491.4,2474145
2021-05-06 10:11:13,491.6,2474470
2021-05-06 10:11:14,491.5,2474583
2021-05-06 10:11:15,491.55,2474591
2021-05-06 10:11:16,491.5,2475351
2021-05-06 10:11:17,491.7,2475700
2021-05-06 10:11:18,491.5,2475715
2021-05-06 10:11:19,491.5,2475715
2021-05-06 10:11:20,491.5,2475715
2021-05-06 10:11:21,491.7,2475742
2021-05-06 10:11:22,491.55,2475754
2021-05-06 10:11:23,491.65,2475821
2021-05-06 10:11:24,491.5,2475849
2021-05-06 10:11:25,491.7,2476053
2021-05-06 10:11:26,491.5,2476146
2021-05-06 10:11:27,491.5,2476153
2021-05-06 10:11:28,491.5,2476155
2021-05-06 10:11:29,491.5,2476155
2021-05-06 10:11:30,491.5,2476211
2021-05-06 10:11:31,491.55,2476276
2021-05-06 10:11:32,491.65,2476278
2021-05-06 10:11:33,491.65,2476322
2021-05-06 10:11:34,491.4,2476947
2021-05-06 10:11:35,491.5,2476959
2021-05-06 10:11:36,491.5,2477087
2021-05-06 10:11:37,491.45,2477179
2021-05-06 10:11:38,491.6,2477679
2021-05-06 10:11:39,491.4,2477893
2021-05-06 10:11:40,491.6,2477905
2021-05-06 10:11:41,491.6,2477930
2021-05-06 10:11:42,491.55,2477939
2021-05-06 10:11:43,491.55,2477944
2021-05-06 10:11:44,491.55,2477945
2021-05-06 10:11:45,491.55,2477945
2021-05-06 10:11:46,491.75,2478946
2021-05-06 10:11:47,491.45,2479155
2021-05-06 10:11:48,491.7,2479960
2021-05-06 10:11:49,491.7,2480084
2021-05-06 10:11:50,491.45,2480085
2021-05-06 10:11:51,491.45,2480085
2021-05-06 10:11:52,491.7,2480886
2021-05-06 10:11:53,491.5,2481536
2021-05-06 10:11:54,491.5,2481812
2021-05-06 10:11:55,491.5,2481875
2021-05-06 10:11:56,491.5,2481875
2021-05-06 10:11:57,491.5,2481885
2021-05-06 10:11:58,491.5,2481924
2021-05-06 10:11:59,491.45,2481965
2021-05-06 10:12:00,491.5,2481974
2021-05-06 10:12:01,491.5,2481974
2021-05-06 10:12:02,491.65,2481987
2021-05-06 10:12:03,491.5,2482013
2021-05-06 10:12:04,491.65,2482039
2021-05-06 10:12:05,491.5,2482044
2021-05-06 10:12:06,491.5,2482316
2021-05-06 10:12:07,491.45,2482500
2021-05-06 10:12:08,491.45,2482657
2021-05-06 10:12:09,491.45,2482754
2021-05-06 10:12:10,491.5,2482756
2021-05-06 10:12:11,491.45,2482757
2021-05-06 10:12:12,491.55,2482957
2021-05-06 10:12:13,491.45,2483059
2021-05-06 10:12:14,491.45,2483067
2021-05-06 10:12:15,491.45,2483867
2021-05-06 10:12:16,491.5,2484027
2021-05-06 10:12:17,491.45,2484244
2021-05-06 10:12:18,491.45,2484259
2021-05-06 10:12:19,491.6,2485268
2021-05-06 10:12:20,491.6,2485268
2021-05-06 10:12:21,491.45,2485701
2021-05-06 10:12:22,491.45,2485703
2021-05-06 10:12:23,491.45,2485965
2021-05-06 10:12:24,491.5,2486179
2021-05-06 10:12:25,491.5,2486379
2021-05-06 10:12:26,491.45,2486508
2021-05-06 10:12:27,491.45,2486508
2021-05-06 10:12:28,491.45,2486518
2021-05-06 10:12:29,491.45,2486518
2021-05-06 10:12:30,491.5,2486573
2021-05-06 10:12:31,491.5,2486613
2021-05-06 10:12:33,491.45,2487326
2021-05-06 10:12:34,491.45,2487326
2021-05-06 10:12:35,491.5,2487389
2021-05-06 10:12:36,491.5,2487392
2021-05-06 10:12:37,491.6,2488159
2021-05-06 10:12:38,491.6,2488200
2021-05-06 10:12:39,491.45,2488548
2021-05-06 10:12:40,491.45,2488574
2021-05-06 10:12:41,491.45,2488574
2021-05-06 10:12:42,491.45,2488574
2021-05-06 10:12:43,491.45,2488574
2021-05-06 10:12:44,491.45,2488574
2021-05-06 10:12:45,491.65,2488603
2021-05-06 10:12:46,491.5,2488721
2021-05-06 10:12:47,491.65,2488769
2021-05-06 10:12:49,491.65,2488803
2021-05-06 10:12:49,491.9,2489105
2021-05-06 10:12:50,491.95,2489653
2021-05-06 10:12:51,491.85,2489837
2021-05-06 10:12:52,491.85,2489837
2021-05-06 10:12:54,491.8,2490291
2021-05-06 10:12:54,491.8,2490534
2021-05-06 10:12:56,491.8,2490555
2021-05-06 10:12:56,491.8,2490555
2021-05-06 10:12:57,491.8,2490568
2021-05-06 10:13:00,491.95,2490903
2021-05-06 10:13:01,491.8,2490973
2021-05-06 10:13:02,491.75,2491003
2021-05-06 10:13:03,491.9,2491057
2021-05-06 10:13:04,491.9,2491182
2021-05-06 10:13:05,491.8,2491228
2021-05-06 10:13:07,491.7,2491242
2021-05-06 10:13:07,491.9,2491238
2021-05-06 10:13:08,491.7,2491242
2021-05-06 10:13:09,491.9,2491243
2021-05-06 10:13:10,491.7,2491254
2021-05-06 10:13:11,491.8,2491259
2021-05-06 10:13:13,491.9,2491803
2021-05-06 10:13:14,491.7,2491963
2021-05-06 10:13:16,491.7,2492088
2021-05-06 10:13:17,491.9,2492091
2021-05-06 10:13:18,491.7,2492092
2021-05-06 10:13:20,491.7,2494007
2021-05-06 10:13:21,491.7,2494216
2021-05-06 10:13:22,491.7,2494217
2021-05-06 10:13:23,491.7,2494257
2021-05-06 10:13:24,491.7,2494274
2021-05-06 10:13:27,491.7,2494357
2021-05-06 10:13:27,491.7,2494357
2021-05-06 10:13:28,491.9,2494626
2021-05-06 10:13:29,491.7,2494741
2021-05-06 10:13:30,491.7,2494767
2021-05-06 10:13:31,491.7,2495317
2021-05-06 10:13:33,491.7,2495550
2021-05-06 10:13:34,491.7,2495551
2021-05-06 10:13:35,491.95,2496536
2021-05-06 10:13:36,491.7,2496958
2021-05-06 10:13:37,491.7,2496958
2021-05-06 10:13:38,491.9,2497017
2021-05-06 10:13:39,491.9,2497045
2021-05-06 10:13:40,491.7,2497047
2021-05-06 10:13:41,491.9,2497098
2021-05-06 10:13:42,491.9,2497128
2021-05-06 10:13:43,491.9,2497137
2021-05-06 10:13:44,491.7,2497139
2021-05-06 10:13:45,491.7,2497164
2021-05-06 10:13:46,491.7,2497175
2021-05-06 10:13:47,491.7,2497175
2021-05-06 10:13:48,491.7,2497175
2021-05-06 10:13:49,491.7,2497505
2021-05-06 10:13:50,491.9,2497758
2021-05-06 10:13:51,491.7,2497905
2021-05-06 10:13:52,491.9,2497925
2021-05-06 10:13:53,491.7,2498028
2021-05-06 10:13:54,491.7,2498028
2021-05-06 10:13:55,491.7,2498062
2021-05-06 10:13:57,491.7,2498224
2021-05-06 10:13:58,491.7,2498269
2021-05-06 10:13:59,491.7,2498269
2021-05-06 10:14:00,491.7,2498319
2021-05-06 10:14:01,491.7,2498391
2021-05-06 10:14:03,491.7,2498777
2021-05-06 10:14:04,491.8,2499177
2021-05-06 10:14:06,491.6,2506122
2021-05-06 10:14:06,491.6,2506122
2021-05-06 10:14:07,491.7,2506298
2021-05-06 10:14:08,491.6,2509277
2021-05-06 10:14:09,491.6,2509277
2021-05-06 10:14:10,491.7,2509315
2021-05-06 10:14:11,491.7,2509356
2021-05-06 10:14:13,491.7,2509383
2021-05-06 10:14:15,491.6,2509556
2021-05-06 10:14:16,491.6,2509628
2021-05-06 10:14:17,491.7,2509629
2021-05-06 10:14:18,491.7,2509681
2021-05-06 10:14:19,491.75,2509825
2021-05-06 10:14:20,491.9,2510059
2021-05-06 10:14:22,491.9,2510539
2021-05-06 10:14:23,491.8,2510700
2021-05-06 10:14:24,491.7,2510813
2021-05-06 10:14:25,491.8,2510883
2021-05-06 10:14:26,491.9,2513049
2021-05-06 10:14:28,492.05,2517376
2021-05-06 10:14:29,492.05,2518582
2021-05-06 10:14:31,492.05,2518724
2021-05-06 10:14:30,492.05,2518724
2021-05-06 10:14:32,492.2,2519169
2021-05-06 10:14:33,492.2,2519562
2021-05-06 10:14:34,491.95,2519644
2021-05-06 10:14:35,491.95,2519719
2021-05-06 10:14:36,491.95,2520051
2021-05-06 10:14:37,491.95,2520179
2021-05-06 10:14:38,491.95,2520444
2021-05-06 10:14:40,491.95,2520968
2021-05-06 10:14:39,491.95,2520808
2021-05-06 10:14:41,492.0,2521141
2021-05-06 10:14:42,492.0,2521169
2021-05-06 10:14:43,491.95,2521329
2021-05-06 10:14:44,491.95,2521518
2021-05-06 10:14:45,491.95,2521581
2021-05-06 10:14:47,492.0,2521811
2021-05-06 10:14:47,491.95,2521759
2021-05-06 10:14:48,492.0,2521929
2021-05-06 10:14:49,492.0,2523839
2021-05-06 10:14:50,491.95,2524694
2021-05-06 10:14:51,492.0,2524837
2021-05-06 10:14:52,491.95,2524891
2021-05-06 10:14:53,492.05,2525204
2021-05-06 10:14:54,491.95,2525374
2021-05-06 10:14:55,491.95,2525419
2021-05-06 10:14:56,491.95,2525539
2021-05-06 10:14:57,491.95,2525585
2021-05-06 10:14:58,492.1,2525601
2021-05-06 10:14:59,492.0,2525611
2021-05-06 10:15:00,492.0,2525719
2021-05-06 10:15:01,492.1,2525744
2021-05-06 10:15:02,492.0,2525801
2021-05-06 10:15:03,492.1,2525804
2021-05-06 10:15:04,492.0,2525814
2021-05-06 10:15:06,492.0,2525818
