timestamp,ltp,volume
2021-04-01 09:15:33,9710.45,2583
2021-04-01 09:15:38,9712.65,3112
2021-04-01 09:15:42,9700.45,3200
2021-04-01 09:15:47,9708.35,3338
2021-04-01 09:15:51,9702.45,3522
2021-04-01 09:15:55,9710.4,3589
2021-04-01 09:16:00,9702.6,3644
2021-04-01 09:16:04,9703.8,3791
2021-04-01 09:16:08,9703.7,3862
2021-04-01 09:16:12,9719.0,4352
2021-04-01 09:16:17,9714.05,4525
2021-04-01 09:16:21,9718.55,4585
2021-04-01 09:16:25,9724.0,4916
2021-04-01 09:16:29,9738.7,5085
2021-04-01 09:16:34,9732.25,5403
2021-04-01 09:16:38,9729.5,5521
2021-04-01 09:16:42,9729.55,5706
2021-04-01 09:16:47,9729.55,5762
2021-04-01 09:16:51,9729.55,5768
2021-04-01 09:16:56,9732.25,5812
2021-04-01 09:17:00,9735.65,5883
2021-04-01 09:17:05,9739.85,5963
2021-04-01 09:17:09,9747.0,6144
2021-04-01 09:17:13,9744.2,6504
2021-04-01 09:17:18,9742.35,7872
2021-04-01 09:17:23,9741.65,8182
2021-04-01 09:17:27,9744.05,8308
2021-04-01 09:17:31,9737.55,8449
2021-04-01 09:17:35,9735.0,8678
2021-04-01 09:17:40,9737.65,8727
2021-04-01 09:17:44,9740.0,8781
2021-04-01 09:17:48,9735.0,9234
2021-04-01 09:17:52,9731.2,9318
2021-04-01 09:17:56,9738.55,9346
2021-04-01 09:18:01,9730.9,9433
2021-04-01 09:18:05,9730.1,9564
2021-04-01 09:18:09,9730.0,9599
2021-04-01 09:18:14,9729.9,9992
2021-04-01 09:18:18,9729.6,10231
2021-04-01 09:18:23,9719.0,10392
2021-04-01 09:18:27,9714.05,10477
2021-04-01 09:18:31,9712.9,10561
2021-04-01 09:18:36,9705.05,10563
2021-04-01 09:18:40,9710.85,10677
2021-04-01 09:18:44,9717.8,10695
2021-04-01 09:18:48,9717.8,10695
2021-04-01 09:18:53,9725.0,10731
2021-04-01 09:18:57,9721.5,10747
2021-04-01 09:19:01,9721.65,10748
2021-04-01 09:19:05,9721.55,10926
2021-04-01 09:19:10,9724.95,10963
2021-04-01 09:19:14,9716.15,11449
2021-04-01 09:19:18,9714.0,11686
2021-04-01 09:19:23,9714.0,11686
2021-04-01 09:19:27,9710.0,11721
2021-04-01 09:19:31,9715.05,11821
2021-04-01 09:19:36,9719.6,11830
2021-04-01 09:19:40,9710.05,11841
2021-04-01 09:19:44,9710.05,11856
2021-04-01 09:19:48,9710.05,11984
2021-04-01 09:19:52,9716.5,12008
2021-04-01 09:19:56,9716.9,12058
2021-04-01 09:20:00,9710.9,12122
2021-04-01 09:20:05,9716.65,12152
2021-04-01 09:20:09,9721.5,12230
2021-04-01 09:20:13,9724.0,12240
2021-04-01 09:20:17,9721.8,12283
2021-04-01 09:20:21,9716.4,12284
2021-04-01 09:20:25,9720.0,12294
2021-04-01 09:20:29,9716.4,12320
2021-04-01 09:20:33,9716.4,12399
2021-04-01 09:20:37,9716.4,12449
2021-04-01 09:20:40,9711.0,12628
2021-04-01 09:20:44,9715.75,12632
2021-04-01 09:20:48,9710.0,12682
2021-04-01 09:20:52,9718.0,12688
2021-04-01 09:20:56,9716.75,12740
2021-04-01 09:21:00,9717.15,12839
2021-04-01 09:21:04,9714.25,12873
2021-04-01 09:21:08,9717.0,13058
2021-04-01 09:21:12,9720.5,13060
2021-04-01 09:21:15,9715.1,13090
2021-04-01 09:21:16,9714.8,13225
2021-04-01 09:21:17,9714.8,13225
2021-04-01 09:21:18,9714.7,13245
2021-04-01 09:21:19,9714.7,13245
2021-04-01 09:21:20,9720.5,13255
2021-04-01 09:21:21,9719.8,13259
2021-04-01 09:21:22,9720.45,13300
2021-04-01 09:21:23,9720.45,13300
2021-04-01 09:21:24,9714.8,13312
2021-04-01 09:21:25,9714.8,13312
2021-04-01 09:21:26,9714.8,13312
2021-04-01 09:21:27,9725.0,13342
2021-04-01 09:21:28,9725.3,13916
2021-04-01 09:21:29,9725.3,13916
2021-04-01 09:21:30,9736.35,13936
2021-04-01 09:21:31,9736.35,13936
2021-04-01 09:21:32,9731.1,13942
2021-04-01 09:21:33,9732.05,13943
2021-04-01 09:21:34,9732.0,13962
2021-04-01 09:21:35,9728.05,14062
2021-04-01 09:21:36,9732.5,14073
2021-04-01 09:21:37,9733.2,14126
2021-04-01 09:21:38,9733.2,14126
2021-04-01 09:21:39,9723.95,14146
2021-04-01 09:21:40,9725.85,14152
2021-04-01 09:21:41,9725.85,14152
2021-04-01 09:21:42,9733.75,14183
2021-04-01 09:21:43,9733.8,14186
2021-04-01 09:21:44,9733.2,14189
2021-04-01 09:21:45,9735.85,14214
2021-04-01 09:21:46,9735.85,14214
2021-04-01 09:21:47,9735.6,14222
2021-04-01 09:21:48,9730.0,14242
2021-04-01 09:21:49,9730.0,14242
2021-04-01 09:21:50,9730.0,14242
2021-04-01 09:21:51,9733.8,14256
2021-04-01 09:21:52,9733.8,14256
2021-04-01 09:21:53,9733.8,14256
2021-04-01 09:21:54,9731.25,14258
2021-04-01 09:21:55,9731.25,14258
2021-04-01 09:21:56,9729.9,14280
2021-04-01 09:21:57,9725.7,14449
2021-04-01 09:21:58,9731.4,14450
2021-04-01 09:21:59,9732.0,14500
2021-04-01 09:22:00,9726.95,14643
2021-04-01 09:22:01,9739.0,14976
2021-04-01 09:22:02,9739.0,14976
2021-04-01 09:22:03,9739.0,14980
2021-04-01 09:22:04,9739.0,14980
2021-04-01 09:22:05,9739.0,14980
2021-04-01 09:22:06,9739.0,14980
2021-04-01 09:22:07,9740.0,15056
2021-04-01 09:22:08,9739.0,15076
2021-04-01 09:22:09,9739.0,15077
2021-04-01 09:22:10,9739.0,15077
2021-04-01 09:22:11,9739.0,15080
2021-04-01 09:22:12,9739.0,15080
2021-04-01 09:22:13,9739.0,15080
2021-04-01 09:22:14,9739.0,15081
2021-04-01 09:22:15,9739.0,15089
2021-04-01 09:22:16,9739.85,15149
2021-04-01 09:22:17,9739.85,15149
2021-04-01 09:22:18,9739.85,15149
2021-04-01 09:22:19,9739.65,15151
2021-04-01 09:22:20,9739.55,15184
2021-04-01 09:22:21,9739.55,15188
2021-04-01 09:22:22,9740.0,15191
2021-04-01 09:22:23,9740.0,15194
2021-04-01 09:22:24,9740.0,15201
2021-04-01 09:22:25,9740.0,15201
2021-04-01 09:22:26,9740.0,15201
2021-04-01 09:22:27,9735.95,15216
2021-04-01 09:22:28,9735.95,15216
2021-04-01 09:22:29,9735.95,15216
2021-04-01 09:22:30,9735.95,15216
2021-04-01 09:22:31,9735.95,15216
2021-04-01 09:22:32,9740.0,15298
2021-04-01 09:22:33,9743.25,15306
2021-04-01 09:22:33,9743.25,15306
2021-04-01 09:22:34,9743.25,15316
2021-04-01 09:22:35,9743.25,15316
2021-04-01 09:22:36,9743.25,15316
2021-04-01 09:22:37,9735.2,15317
2021-04-01 09:22:38,9739.0,15329
2021-04-01 09:22:39,9739.0,15330
2021-04-01 09:22:40,9739.0,15350
2021-04-01 09:22:41,9739.0,15350
2021-04-01 09:22:42,9739.0,15350
2021-04-01 09:22:43,9735.0,15427
2021-04-01 09:22:44,9735.15,15629
2021-04-01 09:22:45,9736.95,15654
2021-04-01 09:22:46,9735.1,15655
2021-04-01 09:22:47,9740.75,15666
2021-04-01 09:22:48,9735.0,15691
2021-04-01 09:22:49,9735.15,15705
2021-04-01 09:22:50,9739.0,15710
2021-04-01 09:22:51,9739.0,15711
2021-04-01 09:22:52,9739.0,15711
2021-04-01 09:22:53,9739.0,15711
2021-04-01 09:22:54,9739.0,15711
2021-04-01 09:22:55,9739.0,15712
2021-04-01 09:22:56,9739.0,15712
2021-04-01 09:22:57,9739.0,15712
2021-04-01 09:22:58,9739.0,15712
2021-04-01 09:22:59,9739.0,15712
2021-04-01 09:23:00,9737.55,15714
2021-04-01 09:23:01,9737.55,15715
2021-04-01 09:23:02,9737.55,15715
2021-04-01 09:23:03,9737.55,15716
2021-04-01 09:23:04,9737.5,15717
2021-04-01 09:23:05,9737.55,15768
2021-04-01 09:23:06,9737.55,15768
2021-04-01 09:23:07,9735.05,15771
2021-04-01 09:23:08,9737.5,15772
2021-04-01 09:23:09,9736.95,15783
2021-04-01 09:23:10,9735.05,15786
2021-04-01 09:23:11,9737.0,15787
2021-04-01 09:23:12,9737.0,15788
2021-04-01 09:23:13,9737.0,15788
2021-04-01 09:23:14,9739.95,15837
2021-04-01 09:23:15,9739.95,15840
2021-04-01 09:23:16,9735.5,15847
2021-04-01 09:23:17,9740.95,15947
2021-04-01 09:23:18,9745.0,16282
2021-04-01 09:23:19,9748.0,16317
2021-04-01 09:23:20,9752.0,16701
2021-04-01 09:23:21,9751.3,16711
2021-04-01 09:23:22,9752.0,16740
2021-04-01 09:23:23,9748.05,16827
2021-04-01 09:23:24,9748.05,16827
2021-04-01 09:23:25,9750.95,16832
2021-04-01 09:23:26,9751.0,16852
2021-04-01 09:23:27,9748.0,16854
2021-04-01 09:23:28,9748.0,16854
2021-04-01 09:23:29,9747.35,16949
2021-04-01 09:23:30,9747.35,16949
2021-04-01 09:23:31,9746.65,16976
2021-04-01 09:23:32,9746.25,16981
2021-04-01 09:23:33,9746.25,16981
2021-04-01 09:23:35,9739.0,17035
2021-04-01 09:23:36,9744.95,17046
2021-04-01 09:23:37,9745.85,17085
2021-04-01 09:23:38,9745.85,17085
2021-04-01 09:23:39,9747.95,17116
2021-04-01 09:23:40,9743.9,17117
2021-04-01 09:23:41,9743.9,17117
2021-04-01 09:23:42,9748.0,17119
2021-04-01 09:23:43,9744.3,17124
2021-04-01 09:23:44,9744.3,17124
2021-04-01 09:23:45,9743.15,17182
2021-04-01 09:23:46,9744.0,17200
2021-04-01 09:23:47,9744.0,17200
2021-04-01 09:23:48,9745.0,17211
2021-04-01 09:23:49,9745.0,17211
2021-04-01 09:23:50,9745.0,17211
2021-04-01 09:23:51,9745.0,17211
2021-04-01 09:23:52,9741.9,17452
2021-04-01 09:23:53,9744.0,17552
2021-04-01 09:23:54,9747.45,17559
2021-04-01 09:23:55,9747.45,17559
2021-04-01 09:23:56,9746.8,17573
2021-04-01 09:23:57,9746.75,17575
2021-04-01 09:23:58,9746.75,17575
2021-04-01 09:23:59,9745.85,17590
2021-04-01 09:24:00,9746.85,17595
2021-04-01 09:24:01,9742.3,17708
2021-04-01 09:24:02,9745.0,17723
2021-04-01 09:24:03,9746.8,17725
2021-04-01 09:24:04,9748.95,17800
2021-04-01 09:24:05,9749.0,17870
2021-04-01 09:24:06,9744.75,17920
2021-04-01 09:24:07,9750.0,17995
2021-04-01 09:24:08,9751.0,18006
2021-04-01 09:24:09,9751.0,18047
2021-04-01 09:24:10,9751.0,18047
2021-04-01 09:24:11,9751.0,18047
2021-04-01 09:24:12,9752.0,18048
2021-04-01 09:24:13,9752.0,18048
2021-04-01 09:24:14,9745.2,18147
2021-04-01 09:24:15,9749.4,18167
2021-04-01 09:24:16,9749.4,18167
2021-04-01 09:24:17,9747.3,18175
2021-04-01 09:24:18,9748.95,18181
2021-04-01 09:24:19,9742.3,18241
2021-04-01 09:24:20,9743.0,18580
2021-04-01 09:24:21,9748.6,18735
2021-04-01 09:24:22,9749.2,19115
2021-04-01 09:24:23,9750.35,19385
2021-04-01 09:24:24,9748.95,19387
2021-04-01 09:24:25,9744.05,19395
2021-04-01 09:24:26,9744.05,19395
2021-04-01 09:24:27,9744.05,19395
2021-04-01 09:24:28,9744.05,19395
2021-04-01 09:24:29,9749.0,19396
2021-04-01 09:24:30,9749.0,19396
2021-04-01 09:24:31,9749.0,19396
2021-04-01 09:24:32,9749.0,19396
2021-04-01 09:24:34,9742.0,19722
2021-04-01 09:24:35,9742.95,19724
2021-04-01 09:24:36,9748.65,19780
2021-04-01 09:24:37,9750.0,19832
2021-04-01 09:24:38,9750.0,19832
2021-04-01 09:24:39,9749.7,19835
2021-04-01 09:24:40,9749.4,19846
2021-04-01 09:24:41,9749.4,19910
2021-04-01 09:24:42,9748.0,19946
2021-04-01 09:24:43,9748.7,19952
2021-04-01 09:24:44,9748.7,19952
2021-04-01 09:24:45,9748.7,19952
2021-04-01 09:24:46,9748.0,19961
2021-04-01 09:24:47,9742.75,19962
2021-04-01 09:24:48,9747.8,19974
2021-04-01 09:24:49,9750.0,20035
2021-04-01 09:24:50,9750.0,20035
2021-04-01 09:24:51,9750.0,20036
2021-04-01 09:24:52,9750.0,20040
2021-04-01 09:24:53,9750.0,20040
2021-04-01 09:24:54,9748.05,20043
2021-04-01 09:24:55,9748.05,20043
2021-04-01 09:24:56,9750.0,20073
2021-04-01 09:24:57,9750.0,20153
2021-04-01 09:24:58,9749.85,20154
2021-04-01 09:24:59,9743.15,20159
2021-04-01 09:25:00,9749.3,20162
2021-04-01 09:25:01,9749.8,20165
2021-04-01 09:25:02,9745.05,20176
2021-04-01 09:25:03,9750.0,20215
2021-04-01 09:25:04,9750.0,20235
2021-04-01 09:25:05,9750.0,20245
2021-04-01 09:25:06,9750.0,20245
2021-04-01 09:25:07,9750.0,20245
2021-04-01 09:25:08,9745.0,20309
2021-04-01 09:25:09,9745.0,20309
2021-04-01 09:25:10,9749.0,20313
2021-04-01 09:25:11,9750.0,20315
2021-04-01 09:25:12,9750.0,20315
2021-04-01 09:25:13,9745.0,20335
2021-04-01 09:25:14,9750.0,20336
2021-04-01 09:25:15,9750.0,20337
2021-04-01 09:25:16,9750.0,20347
2021-04-01 09:25:17,9745.0,20352
2021-04-01 09:25:18,9750.0,20379
2021-04-01 09:25:19,9750.0,20380
2021-04-01 09:25:20,9750.0,20391
2021-04-01 09:25:21,9745.0,20437
2021-04-01 09:25:22,9750.0,20469
2021-04-01 09:25:23,9743.15,20514
2021-04-01 09:25:24,9743.15,20514
2021-04-01 09:25:25,9744.05,20525
2021-04-01 09:25:26,9744.05,20525
2021-04-01 09:25:27,9749.0,20527
2021-04-01 09:25:28,9748.95,20529
2021-04-01 09:25:29,9743.9,20530
2021-04-01 09:25:30,9749.0,20540
2021-04-01 09:25:31,9749.0,20540
2021-04-01 09:25:32,9747.45,20541
2021-04-01 09:25:33,9747.45,20541
2021-04-01 09:25:34,9747.45,20541
2021-04-01 09:25:35,9743.85,20546
2021-04-01 09:25:36,9748.95,20583
2021-04-01 09:25:37,9743.05,20590
2021-04-01 09:25:38,9743.05,20590
2021-04-01 09:25:39,9743.05,20590
2021-04-01 09:25:40,9743.05,20590
2021-04-01 09:25:41,9743.05,20590
2021-04-01 09:25:42,9748.8,20593
2021-04-01 09:25:43,9748.8,20593
2021-04-01 09:25:44,9748.8,20593
2021-04-01 09:25:45,9748.8,20593
2021-04-01 09:25:46,9748.5,20596
2021-04-01 09:25:47,9734.45,21013
2021-04-01 09:25:48,9734.45,21013
2021-04-01 09:25:49,9734.45,21013
2021-04-01 09:25:50,9739.9,21115
2021-04-01 09:25:51,9739.9,21115
2021-04-01 09:25:52,9739.9,21115
2021-04-01 09:25:53,9739.9,21115
2021-04-01 09:25:54,9733.2,21117
2021-04-01 09:25:55,9739.85,21118
2021-04-01 09:25:56,9739.85,21118
2021-04-01 09:25:57,9739.85,21118
2021-04-01 09:25:58,9739.85,21118
2021-04-01 09:25:59,9739.85,21118
2021-04-01 09:26:00,9739.85,21118
2021-04-01 09:26:01,9739.85,21118
2021-04-01 09:26:02,9739.85,21118
2021-04-01 09:26:03,9739.85,21118
2021-04-01 09:26:04,9739.85,21118
2021-04-01 09:26:05,9731.45,21136
2021-04-01 09:26:06,9731.45,21136
2021-04-01 09:26:07,9731.45,21136
2021-04-01 09:26:08,9731.45,21136
2021-04-01 09:26:09,9731.45,21136
2021-04-01 09:26:10,9735.95,21149
2021-04-01 09:26:11,9735.95,21150
2021-04-01 09:26:12,9735.95,21150
2021-04-01 09:26:13,9735.9,21152
2021-04-01 09:26:14,9735.9,21152
2021-04-01 09:26:15,9736.75,21352
2021-04-01 09:26:16,9736.75,21352
2021-04-01 09:26:17,9732.0,21402
2021-04-01 09:26:18,9732.0,21402
2021-04-01 09:26:19,9736.3,21407
2021-04-01 09:26:20,9736.3,21407
2021-04-01 09:26:21,9736.3,21407
2021-04-01 09:26:22,9736.3,21407
2021-04-01 09:26:23,9730.65,21408
2021-04-01 09:26:24,9735.0,21413
2021-04-01 09:26:25,9734.95,21423
2021-04-01 09:26:26,9734.95,21425
2021-04-01 09:26:27,9734.95,21425
2021-04-01 09:26:28,9734.95,21425
2021-04-01 09:26:29,9734.95,21425
2021-04-01 09:26:30,9734.95,21425
2021-04-01 09:26:31,9731.0,21426
2021-04-01 09:26:32,9731.0,21426
2021-04-01 09:26:33,9731.0,21426
2021-04-01 09:26:34,9725.2,21674
2021-04-01 09:26:35,9725.2,21674
2021-04-01 09:26:36,9728.8,21675
2021-04-01 09:26:37,9720.7,21679
2021-04-01 09:26:38,9720.7,21679
2021-04-01 09:26:39,9720.7,21679
2021-04-01 09:26:40,9720.6,21689
2021-04-01 09:26:41,9721.15,21728
2021-04-01 09:26:42,9721.15,21759
2021-04-01 09:26:43,9725.95,21778
2021-04-01 09:26:44,9721.25,21790
2021-04-01 09:26:45,9721.3,21793
2021-04-01 09:26:46,9721.3,21794
2021-04-01 09:26:47,9721.3,21794
2021-04-01 09:26:48,9725.7,21804
2021-04-01 09:26:49,9721.3,21805
2021-04-01 09:26:50,9720.7,21905
2021-04-01 09:26:51,9720.7,21905
2021-04-01 09:26:52,9721.3,21907
2021-04-01 09:26:53,9721.3,21907
2021-04-01 09:26:54,9721.3,21907
2021-04-01 09:26:55,9726.8,21939
2021-04-01 09:26:56,9724.85,21940
2021-04-01 09:26:57,9724.85,21940
2021-04-01 09:26:58,9721.3,21941
2021-04-01 09:26:59,9721.3,21941
2021-04-01 09:27:00,9724.8,21942
2021-04-01 09:27:01,9724.8,21942
2021-04-01 09:27:02,9721.35,21945
2021-04-01 09:27:03,9721.35,21946
2021-04-01 09:27:04,9721.35,21946
2021-04-01 09:27:05,9721.35,21946
2021-04-01 09:27:06,9721.35,21946
2021-04-01 09:27:07,9721.35,21946
2021-04-01 09:27:08,9711.7,22697
2021-04-01 09:27:09,9714.75,22957
2021-04-01 09:27:10,9717.2,23057
2021-04-01 09:27:11,9716.35,23060
2021-04-01 09:27:12,9716.35,23060
2021-04-01 09:27:13,9708.85,23081
2021-04-01 09:27:14,9714.8,23083
2021-04-01 09:27:15,9709.05,23268
2021-04-01 09:27:16,9724.0,23463
2021-04-01 09:27:17,9724.0,23463
2021-04-01 09:27:18,9724.0,23463
2021-04-01 09:27:19,9716.45,23484
2021-04-01 09:27:20,9716.45,23484
2021-04-01 09:27:21,9716.9,23495
2021-04-01 09:27:22,9716.9,23495
2021-04-01 09:27:23,9716.9,23495
2021-04-01 09:27:24,9716.9,23495
2021-04-01 09:27:25,9716.9,23495
2021-04-01 09:27:26,9716.9,23495
2021-04-01 09:27:27,9717.25,23498
2021-04-01 09:27:28,9717.25,23498
2021-04-01 09:27:29,9717.15,23500
2021-04-01 09:27:30,9717.15,23500
2021-04-01 09:27:31,9717.55,23507
2021-04-01 09:27:32,9713.4,23515
2021-04-01 09:27:33,9720.0,23516
2021-04-01 09:27:34,9721.0,23540
2021-04-01 09:27:35,9719.25,23570
2021-04-01 09:27:36,9725.45,23925
2021-04-01 09:27:37,9722.25,23934
2021-04-01 09:27:38,9727.0,23935
2021-04-01 09:27:39,9726.3,23950
2021-04-01 09:27:40,9726.3,23950
2021-04-01 09:27:41,9726.75,23953
2021-04-01 09:27:42,9730.0,23958
2021-04-01 09:27:43,9730.0,23961
2021-04-01 09:27:44,9730.0,23961
2021-04-01 09:27:45,9730.0,23961
2021-04-01 09:27:46,9730.0,23961
2021-04-01 09:27:47,9730.0,24067
2021-04-01 09:27:48,9730.0,24067
2021-04-01 09:27:49,9730.0,24067
2021-04-01 09:27:50,9730.0,24067
2021-04-01 09:27:51,9730.5,24137
2021-04-01 09:27:52,9730.5,24137
2021-04-01 09:27:53,9731.0,24138
2021-04-01 09:27:54,9731.0,24138
2021-04-01 09:27:55,9730.0,24140
2021-04-01 09:27:56,9731.0,24190
2021-04-01 09:27:57,9727.35,24213
2021-04-01 09:27:58,9727.65,24218
2021-04-01 09:27:59,9727.65,24220
2021-04-01 09:28:00,9727.65,24220
2021-04-01 09:28:01,9727.65,24220
2021-04-01 09:28:02,9738.25,24724
2021-04-01 09:28:03,9738.15,24738
2021-04-01 09:28:04,9742.7,24742
2021-04-01 09:28:05,9742.7,24742
2021-04-01 09:28:06,9742.0,24886
2021-04-01 09:28:07,9742.0,24886
2021-04-01 09:28:08,9731.15,24904
2021-04-01 09:28:09,9731.15,24904
2021-04-01 09:28:10,9731.15,24904
2021-04-01 09:28:11,9731.15,24904
2021-04-01 09:28:12,9731.15,24904
2021-04-01 09:28:13,9731.15,24904
2021-04-01 09:28:14,9731.15,24904
2021-04-01 09:28:15,9730.05,24915
2021-04-01 09:28:16,9730.05,24915
2021-04-01 09:28:17,9733.5,24926
2021-04-01 09:28:18,9730.25,24927
2021-04-01 09:28:19,9731.15,24952
2021-04-01 09:28:20,9731.15,24953
2021-04-01 09:28:21,9731.15,24953
2021-04-01 09:28:22,9731.15,24953
2021-04-01 09:28:23,9731.15,24953
2021-04-01 09:28:24,9731.15,24953
2021-04-01 09:28:25,9731.15,24953
2021-04-01 09:28:26,9733.45,24954
2021-04-01 09:28:27,9733.45,24954
2021-04-01 09:28:28,9728.05,24964
2021-04-01 09:28:29,9732.95,24966
2021-04-01 09:28:30,9732.95,24967
2021-04-01 09:28:31,9732.95,24967
2021-04-01 09:28:32,9732.95,24967
2021-04-01 09:28:33,9732.95,24967
2021-04-01 09:28:34,9731.0,24971
2021-04-01 09:28:35,9730.0,25079
2021-04-01 09:28:36,9730.0,25079
2021-04-01 09:28:37,9730.0,25079
2021-04-01 09:28:38,9730.0,25079
2021-04-01 09:28:39,9724.25,25117
2021-04-01 09:28:40,9725.85,25130
2021-04-01 09:28:41,9720.0,25135
2021-04-01 09:28:42,9720.0,25135
2021-04-01 09:28:43,9720.0,25135
2021-04-01 09:28:44,9720.0,25135
2021-04-01 09:28:45,9720.0,25136
2021-04-01 09:28:46,9725.15,25140
2021-04-01 09:28:47,9725.15,25140
2021-04-01 09:28:48,9724.35,25190
2021-04-01 09:28:49,9724.35,25190
2021-04-01 09:28:50,9724.35,25227
2021-04-01 09:28:51,9724.35,25227
2021-04-01 09:28:52,9724.35,25227
2021-04-01 09:28:53,9724.35,25228
2021-04-01 09:28:54,9724.35,25228
2021-04-01 09:28:55,9724.35,25228
2021-04-01 09:28:56,9720.0,25281
2021-04-01 09:28:57,9720.0,25281
2021-04-01 09:28:58,9720.4,25598
2021-04-01 09:28:59,9718.95,25618
2021-04-01 09:29:00,9718.45,25622
2021-04-01 09:29:01,9717.5,25721
2021-04-01 09:29:02,9710.8,25722
2021-04-01 09:29:03,9717.45,25724
2021-04-01 09:29:04,9717.45,25725
2021-04-01 09:29:05,9711.0,25726
2021-04-01 09:29:06,9711.0,25726
2021-04-01 09:29:07,9717.95,25787
2021-04-01 09:29:08,9717.95,25787
2021-04-01 09:29:09,9711.9,25793
2021-04-01 09:29:10,9711.9,25793
2021-04-01 09:29:11,9710.2,25808
2021-04-01 09:29:12,9710.2,25808
2021-04-01 09:29:13,9710.2,25821
2021-04-01 09:29:14,9705.0,26221
2021-04-01 09:29:15,9711.9,26231
2021-04-01 09:29:16,9713.1,26232
2021-04-01 09:29:17,9714.65,26244
2021-04-01 09:29:18,9711.0,26449
2021-04-01 09:29:19,9711.0,26451
2021-04-01 09:29:20,9711.0,26451
2021-04-01 09:29:21,9711.0,26451
2021-04-01 09:29:23,9713.1,26456
2021-04-01 09:29:22,9713.1,26456
2021-04-01 09:29:24,9713.1,26456
2021-04-01 09:29:25,9711.0,26476
2021-04-01 09:29:26,9711.3,26485
2021-04-01 09:29:27,9708.25,26590
2021-04-01 09:29:28,9711.0,26592
2021-04-01 09:29:29,9711.0,26592
2021-04-01 09:29:30,9715.8,26599
2021-04-01 09:29:31,9715.8,26599
2021-04-01 09:29:32,9708.0,26656
2021-04-01 09:29:33,9712.0,26657
2021-04-01 09:29:34,9712.7,26658
2021-04-01 09:29:35,9711.0,26758
2021-04-01 09:29:36,9711.0,26758
2021-04-01 09:29:37,9709.0,26783
2021-04-01 09:29:38,9709.0,26783
2021-04-01 09:29:39,9709.0,26783
2021-04-01 09:29:40,9709.05,26784
2021-04-01 09:29:41,9709.05,26784
2021-04-01 09:29:42,9712.9,26813
2021-04-01 09:29:43,9712.9,26813
2021-04-01 09:29:44,9712.9,26813
2021-04-01 09:29:45,9712.9,26813
2021-04-01 09:29:46,9713.0,26897
2021-04-01 09:29:47,9713.0,26897
2021-04-01 09:29:48,9713.0,26897
2021-04-01 09:29:49,9713.0,26898
2021-04-01 09:29:50,9713.0,26908
2021-04-01 09:29:51,9713.0,26908
2021-04-01 09:29:52,9711.0,26952
2021-04-01 09:29:53,9713.0,26953
2021-04-01 09:29:54,9713.0,26953
2021-04-01 09:29:55,9713.0,26953
2021-04-01 09:29:56,9713.0,26953
2021-04-01 09:29:57,9712.0,26963
2021-04-01 09:29:58,9712.0,26963
2021-04-01 09:29:59,9712.0,26965
2021-04-01 09:30:00,9712.0,26965
2021-04-01 09:30:01,9712.0,26989
2021-04-01 09:30:02,9713.0,27013
2021-04-01 09:30:03,9713.0,27013
2021-04-01 09:30:04,9717.5,27019
2021-04-01 09:30:05,9712.25,27069
2021-04-01 09:30:06,9719.7,27089
2021-04-01 09:30:07,9720.8,27245
2021-04-01 09:30:08,9720.8,27245
2021-04-01 09:30:09,9720.8,27245
2021-04-01 09:30:10,9720.8,27245
2021-04-01 09:30:11,9720.8,27245
2021-04-01 09:30:12,9720.8,27245
2021-04-01 09:30:13,9720.8,27245
2021-04-01 09:30:14,9718.85,27249
2021-04-01 09:30:15,9718.9,27301
2021-04-01 09:30:16,9718.9,27301
2021-04-01 09:30:17,9718.9,27301
2021-04-01 09:30:18,9713.8,27311
2021-04-01 09:30:19,9713.8,27311
2021-04-01 09:30:20,9716.5,27314
2021-04-01 09:30:21,9713.8,27344
2021-04-01 09:30:22,9713.8,27349
2021-04-01 09:30:23,9713.8,27349
2021-04-01 09:30:24,9713.8,27349
2021-04-01 09:30:25,9718.7,27429
2021-04-01 09:30:26,9720.8,27627
2021-04-01 09:30:27,9720.8,27627
2021-04-01 09:30:28,9720.8,27627
2021-04-01 09:30:29,9716.45,27752
2021-04-01 09:30:30,9715.5,27759
2021-04-01 09:30:31,9716.1,27764
2021-04-01 09:30:32,9716.1,27764
2021-04-01 09:30:33,9716.1,27764
2021-04-01 09:30:34,9721.15,27766
2021-04-01 09:30:35,9721.0,27776
2021-04-01 09:30:36,9721.0,27776
2021-04-01 09:30:37,9721.0,27776
2021-04-01 09:30:38,9721.75,27777
2021-04-01 09:30:39,9721.75,27777
2021-04-01 09:30:40,9721.75,27777
2021-04-01 09:30:41,9715.0,27912
2021-04-01 09:30:42,9715.0,27912
2021-04-01 09:30:43,9715.0,27912
2021-04-01 09:30:44,9715.0,27912
2021-04-01 09:30:45,9715.0,27912
2021-04-01 09:30:46,9715.0,27912
2021-04-01 09:30:47,9715.05,27929
2021-04-01 09:30:48,9715.05,27929
2021-04-01 09:30:49,9715.05,27929
2021-04-01 09:30:50,9715.05,27929
2021-04-01 09:30:51,9720.35,28029
2021-04-01 09:30:52,9715.0,28110
2021-04-01 09:30:53,9710.0,28314
2021-04-01 09:30:54,9716.45,28319
2021-04-01 09:30:55,9716.45,28319
2021-04-01 09:30:56,9716.45,28319
2021-04-01 09:30:57,9716.45,28319
2021-04-01 09:30:58,9717.3,28405
2021-04-01 09:30:59,9714.9,28409
2021-04-01 09:31:00,9714.9,28409
2021-04-01 09:31:01,9714.9,28419
2021-04-01 09:31:02,9710.0,28431
2021-04-01 09:31:03,9710.0,28431
2021-04-01 09:31:04,9714.45,28432
2021-04-01 09:31:05,9705.15,28582
2021-04-01 09:31:06,9705.0,28707
2021-04-01 09:31:07,9709.7,28741
2021-04-01 09:31:08,9709.7,28741
2021-04-01 09:31:09,9709.35,28742
2021-04-01 09:31:10,9708.9,28745
2021-04-01 09:31:11,9708.9,28745
2021-04-01 09:31:12,9708.9,28745
2021-04-01 09:31:13,9708.9,28745
2021-04-01 09:31:14,9708.9,28745
2021-04-01 09:31:15,9708.9,28745
2021-04-01 09:31:16,9708.9,28745
2021-04-01 09:31:17,9719.0,28882
2021-04-01 09:31:18,9719.0,28882
2021-04-01 09:31:19,9710.7,28889
2021-04-01 09:31:20,9707.65,28914
2021-04-01 09:31:21,9707.65,28914
2021-04-01 09:31:22,9714.85,28915
2021-04-01 09:31:23,9714.85,28915
2021-04-01 09:31:24,9714.85,28915
2021-04-01 09:31:25,9709.4,28985
2021-04-01 09:31:26,9708.8,29344
2021-04-01 09:31:27,9704.05,29345
2021-04-01 09:31:28,9704.05,29345
2021-04-01 09:31:29,9714.3,29355
2021-04-01 09:31:30,9714.3,29355
2021-04-01 09:31:31,9710.0,29358
2021-04-01 09:31:32,9710.0,29358
2021-04-01 09:31:33,9711.95,29369
2021-04-01 09:31:34,9711.95,29369
2021-04-01 09:31:35,9704.2,29380
2021-04-01 09:31:36,9704.2,29380
2021-04-01 09:31:37,9704.2,29380
2021-04-01 09:31:38,9705.0,29385
2021-04-01 09:31:39,9705.0,29385
2021-04-01 09:31:40,9705.0,29385
2021-04-01 09:31:41,9705.0,29407
2021-04-01 09:31:42,9705.0,29515
2021-04-01 09:31:43,9705.0,29515
2021-04-01 09:31:44,9702.9,29555
2021-04-01 09:31:45,9705.0,29617
2021-04-01 09:31:46,9705.0,29617
2021-04-01 09:31:47,9700.95,29863
2021-04-01 09:31:48,9700.95,29863
2021-04-01 09:31:49,9700.95,29863
2021-04-01 09:31:50,9700.15,29869
2021-04-01 09:31:51,9700.65,29875
2021-04-01 09:31:52,9700.65,29875
2021-04-01 09:31:53,9707.9,29884
2021-04-01 09:31:54,9700.85,29988
2021-04-01 09:31:55,9693.4,30896
2021-04-01 09:31:56,9693.4,30912
2021-04-01 09:31:57,9693.4,30921
2021-04-01 09:31:58,9693.4,30965
2021-04-01 09:31:59,9697.15,30977
2021-04-01 09:32:00,9695.0,31007
2021-04-01 09:32:01,9695.0,31007
2021-04-01 09:32:02,9695.0,31011
2021-04-01 09:32:03,9699.45,31037
2021-04-01 09:32:04,9697.1,31089
2021-04-01 09:32:05,9700.0,31160
2021-04-01 09:32:06,9700.0,31160
2021-04-01 09:32:07,9700.0,31228
2021-04-01 09:32:08,9700.0,31228
2021-04-01 09:32:09,9705.0,31254
2021-04-01 09:32:10,9700.05,31260
2021-04-01 09:32:11,9700.05,31261
2021-04-01 09:32:12,9700.0,31374
2021-04-01 09:32:13,9704.9,31400
2021-04-01 09:32:14,9698.0,31407
2021-04-01 09:32:15,9700.0,31451
2021-04-01 09:32:16,9700.0,31451
2021-04-01 09:32:17,9700.0,31464
2021-04-01 09:32:18,9700.0,31464
2021-04-01 09:32:19,9700.0,31471
2021-04-01 09:32:20,9695.25,31481
2021-04-01 09:32:21,9696.25,31483
2021-04-01 09:32:22,9696.25,31483
2021-04-01 09:32:23,9696.25,31483
2021-04-01 09:32:24,9700.0,31484
2021-04-01 09:32:25,9700.0,31485
2021-04-01 09:32:26,9700.0,31485
2021-04-01 09:32:27,9700.0,31486
2021-04-01 09:32:28,9700.0,31486
2021-04-01 09:32:29,9696.0,31487
2021-04-01 09:32:30,9695.25,31497
2021-04-01 09:32:31,9695.25,31497
2021-04-01 09:32:32,9701.0,31504
2021-04-01 09:32:33,9701.0,31504
2021-04-01 09:32:34,9701.0,31504
2021-04-01 09:32:36,9698.1,31510
2021-04-01 09:32:35,9698.1,31510
2021-04-01 09:32:37,9698.15,31511
2021-04-01 09:32:38,9700.0,31528
2021-04-01 09:32:39,9698.15,31529
2021-04-01 09:32:40,9698.1,31535
2021-04-01 09:32:41,9698.1,31535
2021-04-01 09:32:42,9698.1,31535
2021-04-01 09:32:43,9700.0,31584
2021-04-01 09:32:44,9700.0,31584
2021-04-01 09:32:45,9698.1,31588
2021-04-01 09:32:46,9698.1,31588
2021-04-01 09:32:47,9698.15,31589
2021-04-01 09:32:48,9698.15,31589
2021-04-01 09:32:49,9698.15,31589
2021-04-01 09:32:50,9698.15,31589
2021-04-01 09:32:51,9700.0,31596
2021-04-01 09:32:52,9700.0,31597
2021-04-01 09:32:53,9700.0,31597
2021-04-01 09:32:54,9700.0,31597
2021-04-01 09:32:55,9699.2,31601
2021-04-01 09:32:56,9699.25,31621
2021-04-01 09:32:57,9699.2,31652
2021-04-01 09:32:59,9703.55,31668
2021-04-01 09:32:58,9700.0,31665
2021-04-01 09:33:00,9704.0,31703
2021-04-01 09:33:01,9705.0,31816
2021-04-01 09:33:02,9705.0,31816
2021-04-01 09:33:03,9705.0,31816
2021-04-01 09:33:04,9705.0,31816
2021-04-01 09:33:05,9705.0,31816
2021-04-01 09:33:06,9705.0,31816
2021-04-01 09:33:07,9708.0,31826
2021-04-01 09:33:08,9702.65,31832
2021-04-01 09:33:09,9702.65,31832
2021-04-01 09:33:10,9702.65,31834
2021-04-01 09:33:11,9702.65,31834
2021-04-01 09:33:12,9702.65,31834
2021-04-01 09:33:13,9702.65,31835
2021-04-01 09:33:14,9702.65,31835
2021-04-01 09:33:15,9702.65,31835
2021-04-01 09:33:16,9708.0,31851
2021-04-01 09:33:17,9708.0,31851
2021-04-01 09:33:18,9708.0,31851
2021-04-01 09:33:19,9708.0,31861
2021-04-01 09:33:20,9709.15,31891
2021-04-01 09:33:21,9709.15,31891
2021-04-01 09:33:22,9709.15,31891
2021-04-01 09:33:23,9705.0,31895
2021-04-01 09:33:24,9705.0,31895
2021-04-01 09:33:25,9705.0,31895
2021-04-01 09:33:26,9705.0,31897
2021-04-01 09:33:27,9705.0,32023
2021-04-01 09:33:28,9705.0,32023
2021-04-01 09:33:29,9705.0,32033
2021-04-01 09:33:30,9705.0,32033
2021-04-01 09:33:31,9705.0,32033
2021-04-01 09:33:32,9705.0,32033
2021-04-01 09:33:33,9705.0,32033
2021-04-01 09:33:34,9705.0,32033
2021-04-01 09:33:35,9711.3,32332
2021-04-01 09:33:36,9711.3,32332
2021-04-01 09:33:37,9708.5,32333
2021-04-01 09:33:38,9708.5,32333
2021-04-01 09:33:39,9708.5,32333
2021-04-01 09:33:40,9708.5,32333
2021-04-01 09:33:41,9717.2,32434
2021-04-01 09:33:42,9717.2,32434
2021-04-01 09:33:43,9713.0,32444
2021-04-01 09:33:44,9713.0,32444
2021-04-01 09:33:45,9713.0,32444
2021-04-01 09:33:47,9717.0,32464
2021-04-01 09:33:48,9717.0,32464
2021-04-01 09:33:49,9710.2,32465
2021-04-01 09:33:50,9710.2,32465
2021-04-01 09:33:51,9710.2,32465
2021-04-01 09:33:52,9710.2,32495
2021-04-01 09:33:53,9710.2,32503
2021-04-01 09:33:54,9710.2,32514
2021-04-01 09:33:55,9710.2,32514
2021-04-01 09:33:56,9714.95,32515
2021-04-01 09:33:57,9714.95,32515
2021-04-01 09:33:58,9710.3,32520
2021-04-01 09:33:59,9710.35,32521
2021-04-01 09:34:00,9714.9,32584
2021-04-01 09:34:01,9710.15,32609
2021-04-01 09:34:02,9710.15,32609
2021-04-01 09:34:03,9710.15,32609
2021-04-01 09:34:04,9710.15,32609
2021-04-01 09:34:05,9710.15,32609
2021-04-01 09:34:06,9710.15,32609
2021-04-01 09:34:07,9714.95,32615
2021-04-01 09:34:08,9714.95,32615
2021-04-01 09:34:09,9710.45,32765
2021-04-01 09:34:10,9715.3,32769
2021-04-01 09:34:11,9715.3,32769
2021-04-01 09:34:12,9710.0,32894
2021-04-01 09:34:13,9710.0,32894
2021-04-01 09:34:14,9710.0,32894
2021-04-01 09:34:15,9710.55,32954
2021-04-01 09:34:16,9717.0,33059
2021-04-01 09:34:17,9717.3,33159
2021-04-01 09:34:18,9718.9,33160
2021-04-01 09:34:19,9717.0,33245
2021-04-01 09:34:20,9717.0,33245
2021-04-01 09:34:21,9717.0,33245
2021-04-01 09:34:22,9717.0,33245
2021-04-01 09:34:23,9718.9,33246
2021-04-01 09:34:24,9718.9,33246
2021-04-01 09:34:25,9718.9,33246
2021-04-01 09:34:26,9718.9,33246
2021-04-01 09:34:27,9718.9,33246
2021-04-01 09:34:28,9718.9,33246
2021-04-01 09:34:29,9718.8,33257
2021-04-01 09:34:30,9716.0,33290
2021-04-01 09:34:31,9716.0,33290
2021-04-01 09:34:33,9716.0,33290
2021-04-01 09:34:32,9716.0,33290
2021-04-01 09:34:34,9712.45,33316
2021-04-01 09:34:35,9715.55,33320
2021-04-01 09:34:36,9715.35,33321
2021-04-01 09:34:37,9710.15,33322
2021-04-01 09:34:38,9710.15,33322
2021-04-01 09:34:39,9713.25,33352
2021-04-01 09:34:40,9713.25,33352
2021-04-01 09:34:41,9713.25,33352
2021-04-01 09:34:42,9716.65,33360
2021-04-01 09:34:43,9710.5,33390
2021-04-01 09:34:44,9718.9,33426
2021-04-01 09:34:45,9719.0,33554
2021-04-01 09:34:46,9720.0,33594
2021-04-01 09:34:47,9720.0,33594
2021-04-01 09:34:48,9720.0,33594
2021-04-01 09:34:49,9715.25,33604
2021-04-01 09:34:50,9715.25,33604
2021-04-01 09:34:51,9715.25,33604
2021-04-01 09:34:52,9715.0,33614
2021-04-01 09:34:53,9715.05,33639
2021-04-01 09:34:54,9715.15,33641
2021-04-01 09:34:55,9715.15,33641
2021-04-01 09:34:56,9715.15,33647
2021-04-01 09:34:57,9715.15,33647
2021-04-01 09:34:58,9715.0,33697
2021-04-01 09:34:59,9719.95,33712
2021-04-01 09:35:00,9719.95,33712
2021-04-01 09:35:01,9715.25,33733
2021-04-01 09:35:02,9716.15,33847
2021-04-01 09:35:03,9716.15,33847
2021-04-01 09:35:04,9716.15,33847
2021-04-01 09:35:05,9716.15,33847
2021-04-01 09:35:06,9716.15,33847
2021-04-01 09:35:07,9716.15,33847
2021-04-01 09:35:08,9716.15,33847
2021-04-01 09:35:09,9716.15,33847
2021-04-01 09:35:10,9716.15,33847
2021-04-01 09:35:11,9716.15,33847
2021-04-01 09:35:12,9719.0,33852
2021-04-01 09:35:13,9719.0,33852
2021-04-01 09:35:14,9719.0,33852
2021-04-01 09:35:15,9720.0,33855
2021-04-01 09:35:16,9720.0,33857
2021-04-01 09:35:17,9720.0,33857
2021-04-01 09:35:18,9720.0,33857
2021-04-01 09:35:19,9723.6,33872
2021-04-01 09:35:20,9726.4,34108
2021-04-01 09:35:21,9729.0,34169
2021-04-01 09:35:22,9729.0,34169
2021-04-01 09:35:23,9729.0,34169
2021-04-01 09:35:24,9729.0,34169
2021-04-01 09:35:25,9729.0,34169
2021-04-01 09:35:27,9730.0,34249
2021-04-01 09:35:26,9730.0,34249
2021-04-01 09:35:28,9730.0,34299
2021-04-01 09:35:29,9726.4,34300
2021-04-01 09:35:30,9725.45,34350
2021-04-01 09:35:31,9726.35,34360
2021-04-01 09:35:32,9730.0,34378
2021-04-01 09:35:33,9730.0,34402
2021-04-01 09:35:34,9730.0,34402
2021-04-01 09:35:35,9728.8,34481
2021-04-01 09:35:36,9728.8,34482
2021-04-01 09:35:37,9728.8,34482
2021-04-01 09:35:38,9730.0,34483
2021-04-01 09:35:39,9733.0,34497
2021-04-01 09:35:40,9733.0,34497
2021-04-01 09:35:42,9733.0,34497
2021-04-01 09:35:42,9733.0,34497
2021-04-01 09:35:43,9728.9,34498
2021-04-01 09:35:44,9728.9,34498
2021-04-01 09:35:45,9728.9,34505
2021-04-01 09:35:46,9733.0,34525
2021-04-01 09:35:48,9733.0,34525
2021-04-01 09:35:48,9732.8,34535
2021-04-01 09:35:49,9725.7,34635
2021-04-01 09:35:50,9725.7,34635
2021-04-01 09:35:51,9725.7,34635
2021-04-01 09:35:52,9732.5,34640
2021-04-01 09:35:54,9732.5,34640
2021-04-01 09:35:54,9732.5,34640
2021-04-01 09:35:55,9732.5,34640
2021-04-01 09:35:56,9730.0,34645
2021-04-01 09:35:57,9730.0,34645
2021-04-01 09:35:58,9730.0,34645
2021-04-01 09:36:00,9725.0,34651
2021-04-01 09:36:00,9725.0,34651
2021-04-01 09:36:01,9725.0,34651
2021-04-01 09:36:02,9725.0,34651
2021-04-01 09:36:03,9725.0,34651
2021-04-01 09:36:04,9727.55,34666
2021-04-01 09:36:05,9727.55,34666
2021-04-01 09:36:06,9727.55,34666
2021-04-01 09:36:08,9727.55,34666
2021-04-01 09:36:09,9728.8,34668
2021-04-01 09:36:09,9728.8,34668
2021-04-01 09:36:10,9728.8,34668
2021-04-01 09:36:11,9728.8,34668
2021-04-01 09:36:12,9722.1,34818
2021-04-01 09:36:13,9722.1,34818
2021-04-01 09:36:14,9725.0,34833
2021-04-01 09:36:16,9725.0,34843
2021-04-01 09:36:16,9725.0,34843
2021-04-01 09:36:17,9725.0,34843
2021-04-01 09:36:18,9725.0,34843
2021-04-01 09:36:19,9725.0,34851
2021-04-01 09:36:20,9725.0,34851
2021-04-01 09:36:22,9727.05,34868
2021-04-01 09:36:22,9727.05,34868
2021-04-01 09:36:23,9727.05,34868
2021-04-01 09:36:25,9727.05,34868
2021-04-01 09:36:26,9730.0,35224
2021-04-01 09:36:26,9730.0,35224
2021-04-01 09:36:27,9725.8,35280
2021-04-01 09:36:28,9725.8,35280
2021-04-01 09:36:29,9725.8,35280
2021-04-01 09:36:31,9732.0,35281
2021-04-01 09:36:32,9732.0,35281
2021-04-01 09:36:32,9732.0,35281
2021-04-01 09:36:33,9732.0,35281
2021-04-01 09:36:34,9725.85,35299
2021-04-01 09:36:35,9725.85,35299
2021-04-01 09:36:36,9725.85,35299
2021-04-01 09:36:38,9725.85,35299
2021-04-01 09:36:39,9725.85,35299
2021-04-01 09:36:40,9725.85,35299
2021-04-01 09:36:40,9725.85,35299
2021-04-01 09:36:41,9730.0,35306
2021-04-01 09:36:42,9730.0,35306
2021-04-01 09:36:43,9730.0,35306
2021-04-01 09:36:45,9730.0,35308
2021-04-01 09:36:45,9730.0,35308
2021-04-01 09:36:46,9730.0,35363
2021-04-01 09:36:47,9730.0,35363
2021-04-01 09:36:48,9731.95,35373
2021-04-01 09:36:49,9730.0,35450
2021-04-01 09:36:51,9730.0,35450
2021-04-01 09:36:52,9725.15,35498
2021-04-01 09:36:52,9725.15,35498
2021-04-01 09:36:53,9729.9,35518
2021-04-01 09:36:54,9729.9,35518
2021-04-01 09:36:55,9729.9,35518
2021-04-01 09:36:56,9729.9,35521
2021-04-01 09:36:57,9725.0,35531
2021-04-01 09:36:58,9725.0,35531
2021-04-01 09:36:59,9725.0,35531
2021-04-01 09:37:00,9725.0,35531
2021-04-01 09:37:01,9725.0,35531
2021-04-01 09:37:02,9725.85,35534
2021-04-01 09:37:03,9730.0,35536
2021-04-01 09:37:04,9725.15,35639
2021-04-01 09:37:05,9725.15,35639
2021-04-01 09:37:07,9725.15,35639
2021-04-01 09:37:07,9725.1,35645
2021-04-01 09:37:08,9725.1,35645
2021-04-01 09:37:09,9725.1,35645
2021-04-01 09:37:10,9718.05,35865
2021-04-01 09:37:11,9718.05,35865
2021-04-01 09:37:12,9717.0,35942
2021-04-01 09:37:14,9717.0,36067
2021-04-01 09:37:14,9722.0,36079
2021-04-01 09:37:15,9722.0,36079
2021-04-01 09:37:16,9722.0,36079
2021-04-01 09:37:17,9725.3,36080
2021-04-01 09:37:19,9725.3,36080
2021-04-01 09:37:19,9725.3,36080
2021-04-01 09:37:20,9727.85,36082
2021-04-01 09:37:21,9727.85,36082
2021-04-01 09:37:22,9727.85,36082
2021-04-01 09:37:24,9727.85,36082
2021-04-01 09:37:24,9727.85,36082
2021-04-01 09:37:25,9724.85,36084
2021-04-01 09:37:26,9724.85,36084
2021-04-01 09:37:27,9721.25,36087
2021-04-01 09:37:29,9721.25,36087
2021-04-01 09:37:29,9721.25,36087
2021-04-01 09:37:30,9721.25,36087
2021-04-01 09:37:31,9721.25,36087
2021-04-01 09:37:32,9725.0,36092
2021-04-01 09:37:34,9725.0,36092
2021-04-01 09:37:35,9725.0,36092
2021-04-01 09:37:35,9725.0,36092
2021-04-01 09:37:36,9725.0,36092
2021-04-01 09:37:37,9724.75,36112
2021-04-01 09:37:38,9724.75,36112
2021-04-01 09:37:40,9724.75,36112
2021-04-01 09:37:40,9724.75,36112
2021-04-01 09:37:41,9724.75,36112
2021-04-01 09:37:42,9725.0,36113
2021-04-01 09:37:43,9728.6,36114
2021-04-01 09:37:44,9728.6,36114
2021-04-01 09:37:46,9725.4,36126
2021-04-01 09:37:46,9725.4,36126
2021-04-01 09:37:47,9729.9,36176
2021-04-01 09:37:48,9729.9,36176
2021-04-01 09:37:49,9729.9,36176
2021-04-01 09:37:50,9728.6,36412
2021-04-01 09:37:51,9728.6,36412
2021-04-01 09:37:53,9728.6,36412
2021-04-01 09:37:53,9728.6,36412
2021-04-01 09:37:54,9728.6,36412
2021-04-01 09:37:55,9728.6,36412
2021-04-01 09:37:56,9726.0,36415
2021-04-01 09:37:58,9726.0,36415
2021-04-01 09:37:58,9726.0,36415
2021-04-01 09:37:59,9730.0,36445
2021-04-01 09:38:00,9725.55,36573
2021-04-01 09:38:01,9725.5,36583
2021-04-01 09:38:02,9725.5,36583
2021-04-01 09:38:03,9725.5,36583
2021-04-01 09:38:04,9725.5,36583
2021-04-01 09:38:06,9721.2,36669
2021-04-01 09:38:06,9726.0,36674
2021-04-01 09:38:07,9726.0,36674
2021-04-01 09:38:08,9726.0,36674
2021-04-01 09:38:09,9726.0,36674
2021-04-01 09:38:11,9726.0,36674
2021-04-01 09:38:11,9726.0,36674
2021-04-01 09:38:12,9726.0,36674
2021-04-01 09:38:13,9726.0,36674
2021-04-01 09:38:14,9726.0,36674
2021-04-01 09:38:15,9726.0,36674
2021-04-01 09:38:16,9726.0,36674
2021-04-01 09:38:17,9726.0,36674
2021-04-01 09:38:18,9726.0,36674
2021-04-01 09:38:20,9726.0,36694
2021-04-01 09:38:20,9726.0,36694
2021-04-01 09:38:21,9726.0,36694
2021-04-01 09:38:22,9721.55,36699
2021-04-01 09:38:23,9721.55,36699
2021-04-01 09:38:24,9721.55,36699
2021-04-01 09:38:25,9721.55,36699
2021-04-01 09:38:27,9726.0,36721
2021-04-01 09:38:27,9726.0,36721
2021-04-01 09:38:28,9726.0,36721
2021-04-01 09:38:29,9726.0,36758
2021-04-01 09:38:30,9726.0,36758
2021-04-01 09:38:31,9726.0,36830
2021-04-01 09:38:32,9726.0,36830
2021-04-01 09:38:33,9726.0,36830
2021-04-01 09:38:35,9726.0,36842
2021-04-01 09:38:35,9726.0,36842
2021-04-01 09:38:36,9726.0,36842
2021-04-01 09:38:37,9726.0,36842
2021-04-01 09:38:38,9726.0,36842
2021-04-01 09:38:40,9726.0,36842
2021-04-01 09:38:40,9726.0,36842
2021-04-01 09:38:41,9726.0,36842
2021-04-01 09:38:42,9726.0,36844
2021-04-01 09:38:43,9726.0,36844
2021-04-01 09:38:45,9726.0,36847
2021-04-01 09:38:45,9726.0,36847
2021-04-01 09:38:46,9726.0,36847
2021-04-01 09:38:47,9726.0,36907
2021-04-01 09:38:48,9721.85,36909
2021-04-01 09:38:49,9721.85,36909
2021-04-01 09:38:51,9721.85,36909
2021-04-01 09:38:52,9721.85,36909
2021-04-01 09:38:52,9721.85,36909
2021-04-01 09:38:53,9721.85,36909
2021-04-01 09:38:54,9721.85,36909
2021-04-01 09:38:55,9726.0,36910
2021-04-01 09:38:57,9726.0,36910
2021-04-01 09:38:57,9726.0,36910
2021-04-01 09:38:58,9726.0,36910
2021-04-01 09:38:59,9726.0,36910
2021-04-01 09:39:00,9726.0,36910
2021-04-01 09:39:01,9726.0,36910
2021-04-01 09:39:03,9726.0,36910
2021-04-01 09:39:03,9726.0,36910
2021-04-01 09:39:04,9721.3,36969
2021-04-01 09:39:05,9720.0,36980
2021-04-01 09:39:06,9720.0,36980
2021-04-01 09:39:08,9720.0,36980
2021-04-01 09:39:08,9720.0,36980
2021-04-01 09:39:09,9722.1,36981
2021-04-01 09:39:10,9722.1,36981
2021-04-01 09:39:11,9722.1,36981
2021-04-01 09:39:12,9721.9,36996
2021-04-01 09:39:14,9718.0,36998
2021-04-01 09:39:14,9717.5,37012
2021-04-01 09:39:15,9721.3,37018
2021-04-01 09:39:16,9721.3,37018
2021-04-01 09:39:17,9721.3,37018
2021-04-01 09:39:18,9721.3,37018
2021-04-01 09:39:19,9721.3,37018
2021-04-01 09:39:21,9721.3,37018
2021-04-01 09:39:24,9721.3,37018
2021-04-01 09:39:24,9721.3,37018
2021-04-01 09:39:25,9715.0,37173
2021-04-01 09:39:26,9715.0,37204
2021-04-01 09:39:27,9715.0,37204
2021-04-01 09:39:28,9710.7,37254
2021-04-01 09:39:30,9710.7,37254
2021-04-01 09:39:30,9710.7,37254
2021-04-01 09:39:31,9710.7,37254
2021-04-01 09:39:32,9710.7,37254
2021-04-01 09:39:33,9710.7,37254
2021-04-01 09:39:34,9710.7,37254
2021-04-01 09:39:35,9710.7,37254
2021-04-01 09:39:36,9710.7,37254
2021-04-01 09:39:37,9710.7,37254
2021-04-01 09:39:39,9710.7,37254
2021-04-01 09:39:39,9710.7,37254
2021-04-01 09:39:40,9710.7,37254
2021-04-01 09:39:41,9710.7,37254
2021-04-01 09:39:42,9711.65,37255
2021-04-01 09:39:44,9717.0,37256
2021-04-01 09:39:44,9717.0,37256
2021-04-01 09:39:45,9717.0,37256
2021-04-01 09:39:46,9719.25,37266
2021-04-01 09:39:47,9714.85,37325
2021-04-01 09:39:48,9714.45,37391
2021-04-01 09:39:49,9714.45,37391
2021-04-01 09:39:51,9714.45,37391
2021-04-01 09:39:51,9714.45,37391
2021-04-01 09:39:52,9719.0,37396
2021-04-01 09:39:53,9717.0,37397
2021-04-01 09:39:54,9717.0,37402
2021-04-01 09:39:55,9717.0,37402
2021-04-01 09:39:56,9717.0,37402
2021-04-01 09:39:57,9717.0,37402
2021-04-01 09:39:58,9723.85,37432
2021-04-01 09:39:59,9723.4,37442
2021-04-01 09:40:01,9723.4,37442
2021-04-01 09:40:01,9723.4,37442
2021-04-01 09:40:02,9723.4,37442
2021-04-01 09:40:03,9723.4,37442
2021-04-01 09:40:04,9723.4,37442
2021-04-01 09:40:05,9722.0,37443
2021-04-01 09:40:06,9722.0,37443
2021-04-01 09:40:07,9717.5,37493
2021-04-01 09:40:09,9717.5,37493
2021-04-01 09:40:09,9717.5,37493
2021-04-01 09:40:10,9717.5,37493
2021-04-01 09:40:11,9717.5,37493
2021-04-01 09:40:12,9717.5,37493
2021-04-01 09:40:13,9717.5,37493
2021-04-01 09:40:16,9717.65,37503
2021-04-01 09:40:16,9717.65,37503
2021-04-01 09:40:17,9717.65,37514
2021-04-01 09:40:18,9717.65,37514
2021-04-01 09:40:19,9722.0,37532
2021-04-01 09:40:20,9722.0,37532
2021-04-01 09:40:22,9722.0,37532
2021-04-01 09:40:22,9722.0,37532
2021-04-01 09:40:23,9722.0,37532
2021-04-01 09:40:24,9722.0,37532
2021-04-01 09:40:25,9722.0,37533
2021-04-01 09:40:26,9722.0,37533
2021-04-01 09:40:28,9722.0,37533
2021-04-01 09:40:28,9722.0,37533
2021-04-01 09:40:29,9717.65,37553
2021-04-01 09:40:30,9723.0,37591
2021-04-01 09:40:31,9723.0,37591
2021-04-01 09:40:32,9723.0,37653
2021-04-01 09:40:34,9723.0,37653
2021-04-01 09:40:35,9723.0,37653
2021-04-01 09:40:35,9723.0,37653
2021-04-01 09:40:36,9723.0,37653
2021-04-01 09:40:37,9723.0,37653
2021-04-01 09:40:38,9723.0,37653
2021-04-01 09:40:39,9723.0,37653
2021-04-01 09:40:40,9723.0,37653
2021-04-01 09:40:41,9723.5,37657
2021-04-01 09:40:43,9723.5,37658
2021-04-01 09:40:43,9723.5,37658
2021-04-01 09:40:44,9723.5,37658
2021-04-01 09:40:45,9723.5,37658
2021-04-01 09:40:46,9723.5,37658
2021-04-01 09:40:48,9725.55,37710
2021-04-01 09:40:48,9723.5,37720
2021-04-01 09:40:49,9725.95,37730
2021-04-01 09:40:50,9725.95,37730
2021-04-01 09:40:51,9725.95,37730
2021-04-01 09:40:52,9725.95,37730
2021-04-01 09:40:53,9725.95,37730
2021-04-01 09:40:55,9725.95,37730
2021-04-01 09:40:55,9726.0,37755
2021-04-01 09:40:56,9726.0,37755
2021-04-01 09:40:57,9720.45,37816
2021-04-01 09:40:58,9720.45,37816
2021-04-01 09:41:00,9720.45,37816
2021-04-01 09:41:00,9720.45,37816
2021-04-01 09:41:01,9720.45,37816
2021-04-01 09:41:02,9720.45,37816
2021-04-01 09:41:03,9725.95,37818
2021-04-01 09:41:04,9725.95,37819
2021-04-01 09:41:06,9725.95,37819
2021-04-01 09:41:07,9720.0,37824
2021-04-01 09:41:07,9720.0,37824
2021-04-01 09:41:08,9720.0,37844
2021-04-01 09:41:09,9720.45,37854
2021-04-01 09:41:10,9720.45,37854
2021-04-01 09:41:12,9720.0,37856
2021-04-01 09:41:12,9720.0,37856
2021-04-01 09:41:13,9724.8,37867
2021-04-01 09:41:14,9719.8,37868
2021-04-01 09:41:15,9719.8,37868
2021-04-01 09:41:17,9719.8,37868
2021-04-01 09:41:18,9719.85,37894
2021-04-01 09:41:18,9719.85,37894
2021-04-01 09:41:19,9719.85,37894
2021-04-01 09:41:20,9719.85,37894
2021-04-01 09:41:21,9719.85,37894
2021-04-01 09:41:22,9719.85,37894
2021-04-01 09:41:23,9719.85,37894
2021-04-01 09:41:24,9719.8,37914
2021-04-01 09:41:26,9719.8,37914
2021-04-01 09:41:26,9719.8,37914
2021-04-01 09:41:27,9719.8,37914
2021-04-01 09:41:28,9719.8,37914
2021-04-01 09:41:29,9719.85,37917
2021-04-01 09:41:30,9724.85,37918
2021-04-01 09:41:31,9724.85,37948
2021-04-01 09:41:32,9719.85,37963
2021-04-01 09:41:33,9719.85,37963
2021-04-01 09:41:34,9719.85,37963
2021-04-01 09:41:35,9719.85,37963
2021-04-01 09:41:36,9719.85,37963
2021-04-01 09:41:37,9719.85,37963
2021-04-01 09:41:38,9719.8,37995
2021-04-01 09:41:39,9714.7,38070
2021-04-01 09:41:40,9714.7,38070
2021-04-01 09:41:41,9718.75,38071
2021-04-01 09:41:42,9718.75,38071
2021-04-01 09:41:44,9718.75,38071
2021-04-01 09:41:44,9718.75,38071
2021-04-01 09:41:45,9718.75,38071
2021-04-01 09:41:46,9718.75,38071
2021-04-01 09:41:47,9710.3,38124
2021-04-01 09:41:48,9710.3,38124
2021-04-01 09:41:49,9715.0,38143
2021-04-01 09:41:50,9715.0,38143
2021-04-01 09:41:52,9715.0,38143
2021-04-01 09:41:52,9715.1,38145
2021-04-01 09:41:53,9715.1,38145
2021-04-01 09:41:54,9715.1,38145
2021-04-01 09:41:55,9721.1,38146
2021-04-01 09:41:56,9714.7,38147
2021-04-01 09:41:57,9714.7,38147
2021-04-01 09:41:58,9711.3,38175
2021-04-01 09:41:59,9720.7,38250
2021-04-01 09:42:01,9720.7,38250
2021-04-01 09:42:02,9720.7,38250
2021-04-01 09:42:02,9720.7,38250
2021-04-01 09:42:03,9718.65,38251
2021-04-01 09:42:04,9718.65,38251
2021-04-01 09:42:05,9711.4,38253
2021-04-01 09:42:06,9711.4,38253
2021-04-01 09:42:08,9711.4,38253
2021-04-01 09:42:08,9711.4,38253
2021-04-01 09:42:09,9711.4,38253
2021-04-01 09:42:10,9711.4,38253
2021-04-01 09:42:11,9711.4,38253
2021-04-01 09:42:12,9711.4,38253
2021-04-01 09:42:13,9711.4,38253
2021-04-01 09:42:14,9711.4,38253
2021-04-01 09:42:16,9711.4,38253
2021-04-01 09:42:17,9711.4,38253
2021-04-01 09:42:17,9712.0,38263
2021-04-01 09:42:18,9710.3,38264
2021-04-01 09:42:19,9714.65,38269
2021-04-01 09:42:20,9714.65,38269
2021-04-01 09:42:21,9710.1,38294
2021-04-01 09:42:22,9710.1,38298
2021-04-01 09:42:24,9710.1,38308
2021-04-01 09:42:24,9710.05,38346
2021-04-01 09:42:25,9710.05,38346
2021-04-01 09:42:26,9714.5,38351
2021-04-01 09:42:28,9714.5,38351
2021-04-01 09:42:28,9714.5,38351
2021-04-01 09:42:29,9710.0,38401
2021-04-01 09:42:30,9710.0,38401
2021-04-01 09:42:31,9710.0,38401
2021-04-01 09:42:32,9710.0,38402
2021-04-01 09:42:33,9710.1,38406
2021-04-01 09:42:34,9710.1,38406
2021-04-01 09:42:35,9710.1,38406
2021-04-01 09:42:36,9710.1,38406
2021-04-01 09:42:37,9710.1,38406
2021-04-01 09:42:38,9710.1,38406
2021-04-01 09:42:40,9710.0,38421
2021-04-01 09:42:41,9710.0,38421
2021-04-01 09:42:41,9710.0,38421
2021-04-01 09:42:42,9710.0,38421
2021-04-01 09:42:43,9702.7,38715
2021-04-01 09:42:44,9702.7,38715
2021-04-01 09:42:45,9713.7,38720
2021-04-01 09:42:46,9710.05,38730
2021-04-01 09:42:48,9710.05,38730
2021-04-01 09:42:48,9710.05,38730
2021-04-01 09:42:49,9710.05,38730
2021-04-01 09:42:50,9710.05,38730
2021-04-01 09:42:51,9710.05,38730
2021-04-01 09:42:52,9710.05,38730
2021-04-01 09:42:53,9710.05,38730
2021-04-01 09:42:54,9710.05,38730
2021-04-01 09:42:55,9708.05,38740
2021-04-01 09:42:56,9708.05,38740
2021-04-01 09:42:57,9708.05,38740
2021-04-01 09:42:58,9702.95,38755
2021-04-01 09:42:59,9702.5,38765
2021-04-01 09:43:00,9700.0,39069
2021-04-01 09:43:01,9698.2,39121
2021-04-01 09:43:02,9701.75,39252
2021-04-01 09:43:03,9701.75,39252
2021-04-01 09:43:04,9701.75,39252
2021-04-01 09:43:05,9701.75,39252
2021-04-01 09:43:06,9701.55,39253
2021-04-01 09:43:07,9701.55,39253
2021-04-01 09:43:08,9698.05,39563
2021-04-01 09:43:09,9696.05,39564
2021-04-01 09:43:10,9696.05,39564
2021-04-01 09:43:12,9702.0,39633
2021-04-01 09:43:12,9702.0,39633
2021-04-01 09:43:13,9704.85,39671
2021-04-01 09:43:14,9702.6,39686
2021-04-01 09:43:15,9702.6,39704
2021-04-01 09:43:16,9702.6,39704
2021-04-01 09:43:17,9702.6,39706
2021-04-01 09:43:18,9702.6,39706
2021-04-01 09:43:19,9702.6,39713
2021-04-01 09:43:20,9702.6,39718
2021-04-01 09:43:21,9702.6,39718
2021-04-01 09:43:22,9702.6,39718
2021-04-01 09:43:23,9702.6,39718
2021-04-01 09:43:24,9702.6,39718
2021-04-01 09:43:25,9702.6,39733
2021-04-01 09:43:26,9707.7,39780
2021-04-01 09:43:28,9703.0,39783
2021-04-01 09:43:28,9707.7,39780
2021-04-01 09:43:29,9703.0,39783
2021-04-01 09:43:30,9702.6,39793
2021-04-01 09:43:31,9707.7,39802
2021-04-01 09:43:32,9707.7,39802
2021-04-01 09:43:33,9707.55,39803
2021-04-01 09:43:34,9707.55,39803
2021-04-01 09:43:35,9707.55,39818
2021-04-01 09:43:36,9707.55,39818
2021-04-01 09:43:37,9707.55,39818
2021-04-01 09:43:38,9707.55,39818
2021-04-01 09:43:39,9707.55,39818
2021-04-01 09:43:41,9710.1,39973
2021-04-01 09:43:41,9710.1,39973
2021-04-01 09:43:42,9707.65,39975
2021-04-01 09:43:43,9707.65,39975
2021-04-01 09:43:44,9707.65,39975
2021-04-01 09:43:45,9707.65,39975
2021-04-01 09:43:47,9707.65,39975
2021-04-01 09:43:48,9707.65,39975
2021-04-01 09:43:49,9710.1,40001
2021-04-01 09:43:49,9710.1,40001
2021-04-01 09:43:50,9712.95,40002
2021-04-01 09:43:51,9712.95,40002
2021-04-01 09:43:52,9712.95,40002
2021-04-01 09:43:53,9712.95,40002
2021-04-01 09:43:54,9712.95,40002
2021-04-01 09:43:55,9714.85,40003
2021-04-01 09:43:56,9714.85,40003
2021-04-01 09:43:57,9714.85,40003
2021-04-01 09:43:58,9714.85,40033
2021-04-01 09:44:00,9714.85,40033
2021-04-01 09:44:00,9714.85,40033
2021-04-01 09:44:01,9714.85,40033
2021-04-01 09:44:02,9714.85,40043
2021-04-01 09:44:03,9710.15,40045
2021-04-01 09:44:04,9714.75,40049
2021-04-01 09:44:05,9714.75,40049
2021-04-01 09:44:06,9714.75,40049
2021-04-01 09:44:08,9714.75,40049
2021-04-01 09:44:09,9714.65,40051
2021-04-01 09:44:09,9714.65,40051
2021-04-01 09:44:10,9710.15,40056
2021-04-01 09:44:12,9714.65,40083
2021-04-01 09:44:13,9710.15,40084
2021-04-01 09:44:14,9714.65,40086
2021-04-01 09:44:15,9714.65,40086
2021-04-01 09:44:16,9714.65,40086
2021-04-01 09:44:17,9714.65,40086
2021-04-01 09:44:18,9714.65,40086
2021-04-01 09:44:19,9714.55,40091
2021-04-01 09:44:21,9714.55,40091
2021-04-01 09:44:21,9710.1,40092
2021-04-01 09:44:23,9714.55,40097
2021-04-01 09:44:23,9710.95,40099
2021-04-01 09:44:24,9714.65,40101
2021-04-01 09:44:25,9714.65,40101
2021-04-01 09:44:26,9714.65,40101
2021-04-01 09:44:27,9714.65,40101
2021-04-01 09:44:28,9714.65,40101
2021-04-01 09:44:29,9714.65,40101
2021-04-01 09:44:31,9714.65,40101
2021-04-01 09:44:32,9715.65,40262
2021-04-01 09:44:32,9715.65,40262
2021-04-01 09:44:33,9715.65,40262
2021-04-01 09:44:34,9715.65,40262
2021-04-01 09:44:35,9715.65,40262
2021-04-01 09:44:36,9715.65,40262
2021-04-01 09:44:37,9714.15,40263
2021-04-01 09:44:39,9714.15,40263
2021-04-01 09:44:38,9714.15,40263
2021-04-01 09:44:41,9714.15,40263
2021-04-01 09:44:40,9714.15,40263
2021-04-01 09:44:42,9714.15,40263
2021-04-01 09:44:43,9714.15,40263
2021-04-01 09:44:45,9714.15,40263
2021-04-01 09:44:45,9714.15,40263
2021-04-01 09:44:46,9714.15,40263
2021-04-01 09:44:47,9714.15,40263
2021-04-01 09:44:49,9714.15,40263
2021-04-01 09:44:50,9714.15,40263
2021-04-01 09:44:51,9714.15,40263
2021-04-01 09:44:51,9714.15,40263
2021-04-01 09:44:52,9714.15,40263
2021-04-01 09:44:53,9714.15,40263
2021-04-01 09:44:55,9714.15,40263
2021-04-01 09:44:55,9714.15,40263
2021-04-01 09:44:56,9714.65,40265
2021-04-01 09:44:57,9714.65,40265
2021-04-01 09:44:58,9716.0,40266
2021-04-01 09:44:59,9716.0,40266
2021-04-01 09:45:00,9716.0,40266
2021-04-01 09:45:01,9716.0,40266
2021-04-01 09:45:02,9716.0,40266
2021-04-01 09:45:04,9718.9,40286
2021-04-01 09:45:04,9718.9,40286
2021-04-01 09:45:05,9719.0,40296
2021-04-01 09:45:06,9719.0,40296
2021-04-01 09:45:07,9719.0,40326
2021-04-01 09:45:08,9719.0,40326
2021-04-01 09:45:09,9719.0,40326
2021-04-01 09:45:10,9714.65,40327
2021-04-01 09:45:11,9714.65,40327
2021-04-01 09:45:12,9719.8,40354
2021-04-01 09:45:13,9719.8,40354
2021-04-01 09:45:14,9719.9,40384
2021-04-01 09:45:15,9719.9,40384
2021-04-01 09:45:16,9719.95,40417
2021-04-01 09:45:17,9720.0,40427
2021-04-01 09:45:18,9720.0,40429
2021-04-01 09:45:19,9719.95,40436
2021-04-01 09:45:21,9720.0,40450
2021-04-01 09:45:22,9720.0,40450
2021-04-01 09:45:22,9720.0,40450
2021-04-01 09:45:23,9720.0,40450
2021-04-01 09:45:25,9720.0,40450
2021-04-01 09:45:26,9720.0,40450
2021-04-01 09:45:27,9720.0,40450
2021-04-01 09:45:29,9716.05,40468
2021-04-01 09:45:29,9716.05,40468
2021-04-01 09:45:31,9719.9,40469
2021-04-01 09:45:31,9719.9,40469
2021-04-01 09:45:32,9719.9,40479
2021-04-01 09:45:33,9716.05,40489
2021-04-01 09:45:34,9716.05,40489
2021-04-01 09:45:36,9716.05,40489
2021-04-01 09:45:36,9716.05,40491
2021-04-01 09:45:37,9716.05,40491
2021-04-01 09:45:38,9720.0,40516
2021-04-01 09:45:39,9720.0,40516
2021-04-01 09:45:40,9720.0,40516
2021-04-01 09:45:41,9720.0,40516
2021-04-01 09:45:43,9720.0,40576
2021-04-01 09:45:43,9720.0,40576
2021-04-01 09:45:44,9720.0,40576
2021-04-01 09:45:45,9720.0,40576
2021-04-01 09:45:46,9720.0,40577
2021-04-01 09:45:47,9720.0,40607
2021-04-01 09:45:48,9720.0,40607
2021-04-01 09:45:49,9716.05,40617
2021-04-01 09:45:50,9720.0,40643
2021-04-01 09:45:51,9720.6,40719
2021-04-01 09:45:53,9722.0,40802
2021-04-01 09:45:53,9722.0,40802
2021-04-01 09:45:54,9722.0,40802
2021-04-01 09:45:55,9722.0,40802
2021-04-01 09:45:56,9723.0,40805
2021-04-01 09:45:57,9723.0,40805
2021-04-01 09:45:58,9723.0,40805
2021-04-01 09:45:59,9718.6,40810
2021-04-01 09:46:00,9718.6,40810
2021-04-01 09:46:01,9718.6,40810
2021-04-01 09:46:02,9723.0,40811
2021-04-01 09:46:03,9723.0,40811
2021-04-01 09:46:04,9723.0,40811
2021-04-01 09:46:06,9718.85,40816
2021-04-01 09:46:06,9718.85,40816
2021-04-01 09:46:07,9718.85,40816
2021-04-01 09:46:08,9718.85,40816
2021-04-01 09:46:09,9718.85,40816
2021-04-01 09:46:10,9723.95,40826
2021-04-01 09:46:11,9723.95,40826
2021-04-01 09:46:12,9723.0,40836
2021-04-01 09:46:13,9723.0,40836
2021-04-01 09:46:14,9723.0,40836
2021-04-01 09:46:15,9723.0,40836
2021-04-01 09:46:16,9723.0,40836
2021-04-01 09:46:17,9723.0,40837
2021-04-01 09:46:18,9723.0,40837
2021-04-01 09:46:20,9723.0,40861
2021-04-01 09:46:20,9723.0,40861
2021-04-01 09:46:21,9723.0,40861
2021-04-01 09:46:22,9723.0,40864
2021-04-01 09:46:23,9723.0,40879
2021-04-01 09:46:24,9723.0,40899
2021-04-01 09:46:26,9723.0,40899
2021-04-01 09:46:27,9723.6,40901
2021-04-01 09:46:28,9723.6,40901
2021-04-01 09:46:28,9723.6,40901
2021-04-01 09:46:29,9723.6,40901
2021-04-01 09:46:30,9723.6,40932
2021-04-01 09:46:31,9723.6,40932
2021-04-01 09:46:32,9723.0,40935
2021-04-01 09:46:33,9723.0,40935
2021-04-01 09:46:34,9723.0,40935
2021-04-01 09:46:36,9723.0,40935
2021-04-01 09:46:37,9723.0,40935
2021-04-01 09:46:39,9723.0,40935
2021-04-01 09:46:40,9723.6,40945
2021-04-01 09:46:41,9723.6,40945
2021-04-01 09:46:41,9723.6,40945
2021-04-01 09:46:42,9723.6,40945
2021-04-01 09:46:43,9723.6,40945
2021-04-01 09:46:44,9723.1,40946
2021-04-01 09:46:45,9723.5,40947
2021-04-01 09:46:47,9723.6,40952
2021-04-01 09:46:48,9724.0,41043
2021-04-01 09:46:48,9725.0,41052
2021-04-01 09:46:49,9725.0,41052
2021-04-01 09:46:50,9725.0,41076
2021-04-01 09:46:51,9725.0,41076
2021-04-01 09:46:52,9725.0,41076
2021-04-01 09:46:53,9725.0,41076
2021-04-01 09:46:55,9725.0,41076
2021-04-01 09:46:56,9725.0,41076
2021-04-01 09:46:57,9723.65,41078
2021-04-01 09:46:57,9723.65,41078
2021-04-01 09:46:58,9723.65,41078
2021-04-01 09:46:59,9725.0,41088
2021-04-01 09:47:01,9725.0,41088
2021-04-01 09:47:02,9723.65,41095
2021-04-01 09:47:03,9723.65,41095
2021-04-01 09:47:04,9724.95,41099
2021-04-01 09:47:04,9724.95,41099
2021-04-01 09:47:05,9723.6,41100
2021-04-01 09:47:06,9723.6,41100
2021-04-01 09:47:07,9723.6,41100
2021-04-01 09:47:09,9724.95,41120
2021-04-01 09:47:10,9724.95,41120
2021-04-01 09:47:10,9724.95,41120
2021-04-01 09:47:11,9724.95,41120
2021-04-01 09:47:12,9724.95,41120
2021-04-01 09:47:14,9718.8,41403
2021-04-01 09:47:14,9718.8,41403
2021-04-01 09:47:15,9722.15,41408
2021-04-01 09:47:16,9721.85,41410
2021-04-01 09:47:17,9724.95,41910
2021-04-01 09:47:18,9717.2,42035
2021-04-01 09:47:20,9717.2,42035
2021-04-01 09:47:21,9723.0,42042
2021-04-01 09:47:22,9723.0,42042
2021-04-01 09:47:22,9723.0,42042
2021-04-01 09:47:23,9720.1,42082
2021-04-01 09:47:24,9724.95,42107
2021-04-01 09:47:25,9724.9,42108
2021-04-01 09:47:26,9724.9,42108
2021-04-01 09:47:27,9724.9,42108
2021-04-01 09:47:29,9724.9,42108
2021-04-01 09:47:30,9719.25,42110
2021-04-01 09:47:30,9719.25,42110
2021-04-01 09:47:31,9719.25,42110
2021-04-01 09:47:32,9715.0,42205
2021-04-01 09:47:33,9716.35,42206
2021-04-01 09:47:35,9716.35,42206
2021-04-01 09:47:36,9710.05,42217
2021-04-01 09:47:36,9710.05,42217
2021-04-01 09:47:37,9710.05,42217
2021-04-01 09:47:38,9716.85,42219
2021-04-01 09:47:39,9716.85,42219
2021-04-01 09:47:40,9715.5,42604
2021-04-01 09:47:41,9715.5,42604
2021-04-01 09:47:42,9702.7,42645
2021-04-01 09:47:43,9708.4,42683
2021-04-01 09:47:45,9708.3,42684
2021-04-01 09:47:46,9708.3,42684
2021-04-01 09:47:46,9708.3,42684
2021-04-01 09:47:47,9708.3,42684
2021-04-01 09:47:48,9708.3,42684
2021-04-01 09:47:49,9708.3,42684
2021-04-01 09:47:51,9708.3,42684
2021-04-01 09:47:52,9708.3,42684
2021-04-01 09:47:53,9707.5,42687
2021-04-01 09:47:53,9707.5,42687
2021-04-01 09:47:54,9702.6,42694
2021-04-01 09:47:56,9702.6,42724
2021-04-01 09:47:56,9702.6,42724
2021-04-01 09:47:57,9702.6,42724
2021-04-01 09:47:58,9702.6,42724
2021-04-01 09:47:59,9702.6,42724
2021-04-01 09:48:01,9706.55,42764
2021-04-01 09:48:02,9706.8,42765
2021-04-01 09:48:03,9706.8,42765
2021-04-01 09:48:03,9706.8,42765
2021-04-01 09:48:04,9706.8,42765
2021-04-01 09:48:05,9706.8,42765
2021-04-01 09:48:06,9706.8,42765
2021-04-01 09:48:07,9706.8,42765
2021-04-01 09:48:08,9706.8,42765
2021-04-01 09:48:09,9706.8,42765
2021-04-01 09:48:11,9706.8,42765
2021-04-01 09:48:12,9702.6,42770
2021-04-01 09:48:12,9702.6,42770
2021-04-01 09:48:13,9702.6,42770
2021-04-01 09:48:14,9702.0,42796
2021-04-01 09:48:15,9702.0,42796
2021-04-01 09:48:16,9702.0,42796
2021-04-01 09:48:18,9700.2,42873
2021-04-01 09:48:19,9700.2,42873
2021-04-01 09:48:20,9700.0,42945
2021-04-01 09:48:20,9700.0,42945
2021-04-01 09:48:21,9700.0,43231
2021-04-01 09:48:22,9705.1,43287
2021-04-01 09:48:24,9705.1,43287
2021-04-01 09:48:25,9700.0,43310
2021-04-01 09:48:26,9700.0,43310
2021-04-01 09:48:27,9700.0,43353
2021-04-01 09:48:27,9700.0,43353
2021-04-01 09:48:28,9700.0,43357
2021-04-01 09:48:29,9698.25,43392
2021-04-01 09:48:30,9700.0,43416
2021-04-01 09:48:31,9695.65,43550
2021-04-01 09:48:32,9700.0,43555
2021-04-01 09:48:34,9700.0,43555
2021-04-01 09:48:35,9700.0,43555
2021-04-01 09:48:36,9700.0,43555
2021-04-01 09:48:37,9700.0,43555
2021-04-01 09:48:37,9700.0,43555
2021-04-01 09:48:38,9700.0,43555
2021-04-01 09:48:39,9700.0,43557
2021-04-01 09:48:40,9700.0,43558
2021-04-01 09:48:42,9700.0,43558
2021-04-01 09:48:43,9700.0,43565
2021-04-01 09:48:44,9700.0,43565
2021-04-01 09:48:45,9700.0,43681
2021-04-01 09:48:45,9700.0,43681
2021-04-01 09:48:46,9699.85,43691
2021-04-01 09:48:47,9702.9,43692
2021-04-01 09:48:48,9702.9,43692
2021-04-01 09:48:49,9704.4,43693
2021-04-01 09:48:50,9704.4,43703
2021-04-01 09:48:51,9704.4,43703
2021-04-01 09:48:53,9704.4,43703
2021-04-01 09:48:54,9704.4,43708
2021-04-01 09:48:54,9704.4,43708
2021-04-01 09:48:55,9705.0,43709
2021-04-01 09:48:56,9705.0,43709
2021-04-01 09:48:57,9704.45,43710
2021-04-01 09:48:58,9704.45,43710
2021-04-01 09:49:00,9704.45,43711
2021-04-01 09:49:01,9704.45,43711
2021-04-01 09:49:01,9704.45,43711
2021-04-01 09:49:02,9704.45,43711
2021-04-01 09:49:04,9704.45,43711
2021-04-01 09:49:05,9704.45,43711
2021-04-01 09:49:07,9704.45,43711
2021-04-01 09:49:08,9704.45,43711
2021-04-01 09:49:09,9704.45,43711
2021-04-01 09:49:10,9704.45,43711
2021-04-01 09:49:10,9704.45,43711
2021-04-01 09:49:11,9704.45,43711
2021-04-01 09:49:12,9704.45,43711
2021-04-01 09:49:13,9704.45,43711
2021-04-01 09:49:14,9704.45,43711
2021-04-01 09:49:15,9704.45,43711
2021-04-01 09:49:17,9704.45,43711
2021-04-01 09:49:18,9704.45,43711
2021-04-01 09:49:18,9704.45,43711
2021-04-01 09:49:19,9704.45,43711
2021-04-01 09:49:20,9704.45,43711
2021-04-01 09:49:22,9705.15,43714
2021-04-01 09:49:22,9705.15,43714
2021-04-01 09:49:24,9705.15,43716
2021-04-01 09:49:25,9705.15,43716
2021-04-01 09:49:25,9705.15,43716
2021-04-01 09:49:26,9705.15,43716
2021-04-01 09:49:27,9711.9,43717
2021-04-01 09:49:28,9711.9,43717
2021-04-01 09:49:29,9711.95,43718
2021-04-01 09:49:31,9711.95,43718
2021-04-01 09:49:32,9711.95,43718
2021-04-01 09:49:33,9711.95,43718
2021-04-01 09:49:34,9711.95,43718
2021-04-01 09:49:34,9711.95,43718
2021-04-01 09:49:35,9712.0,43730
2021-04-01 09:49:36,9712.0,43730
2021-04-01 09:49:37,9712.0,43731
2021-04-01 09:49:38,9712.0,43731
2021-04-01 09:49:39,9712.0,43731
2021-04-01 09:49:40,9712.0,43765
2021-04-01 09:49:41,9712.0,43765
2021-04-01 09:49:42,9712.0,43795
2021-04-01 09:49:44,9707.9,43796
2021-04-01 09:49:45,9707.9,43796
2021-04-01 09:49:46,9707.9,43796
2021-04-01 09:49:46,9707.9,43796
2021-04-01 09:49:47,9707.9,43796
2021-04-01 09:49:48,9707.9,43796
2021-04-01 09:49:49,9707.9,43796
2021-04-01 09:49:51,9709.65,43801
2021-04-01 09:49:52,9709.65,43801
2021-04-01 09:49:53,9709.65,43801
2021-04-01 09:49:54,9709.65,43801
2021-04-01 09:49:54,9709.65,43801
2021-04-01 09:49:55,9712.0,43802
2021-04-01 09:49:56,9712.5,43806
2021-04-01 09:49:58,9712.5,43806
2021-04-01 09:49:59,9712.5,43806
2021-04-01 09:50:00,9709.65,43807
2021-04-01 09:50:00,9710.0,43809
2021-04-01 09:50:01,9710.0,43832
2021-04-01 09:50:02,9710.0,43832
2021-04-01 09:50:03,9710.0,43832
2021-04-01 09:50:04,9710.0,43832
2021-04-01 09:50:05,9710.0,43832
2021-04-01 09:50:06,9710.0,43832
2021-04-01 09:50:08,9710.0,43832
2021-04-01 09:50:09,9710.0,43832
2021-04-01 09:50:10,9710.0,43832
2021-04-01 09:50:11,9710.0,43832
2021-04-01 09:50:12,9710.0,43832
2021-04-01 09:50:14,9710.0,43832
2021-04-01 09:50:15,9710.0,43832
2021-04-01 09:50:15,9710.0,43832
2021-04-01 09:50:16,9710.0,43978
2021-04-01 09:50:17,9710.0,43978
2021-04-01 09:50:18,9710.0,43978
2021-04-01 09:50:19,9710.0,43978
2021-04-01 09:50:20,9710.0,43978
2021-04-01 09:50:21,9710.0,43978
2021-04-01 09:50:22,9712.05,43988
2021-04-01 09:50:24,9712.05,43988
2021-04-01 09:50:25,9713.55,44035
2021-04-01 09:50:25,9713.55,44035
2021-04-01 09:50:26,9713.55,44035
2021-04-01 09:50:27,9708.55,44149
2021-04-01 09:50:28,9708.55,44149
2021-04-01 09:50:30,9708.55,44149
2021-04-01 09:50:31,9718.8,44224
2021-04-01 09:50:31,9718.8,44224
2021-04-01 09:50:32,9713.6,44228
2021-04-01 09:50:33,9713.6,44228
2021-04-01 09:50:34,9710.0,44349
2021-04-01 09:50:36,9710.0,44349
2021-04-01 09:50:37,9710.0,44349
2021-04-01 09:50:38,9710.0,44349
2021-04-01 09:50:38,9710.0,44349
2021-04-01 09:50:39,9718.95,44350
2021-04-01 09:50:40,9718.95,44350
2021-04-01 09:50:41,9718.95,44350
2021-04-01 09:50:44,9718.95,44350
2021-04-01 09:50:45,9718.95,44350
2021-04-01 09:50:45,9718.95,44350
2021-04-01 09:50:46,9714.35,44450
2021-04-01 09:50:47,9714.35,44450
2021-04-01 09:50:48,9714.35,44450
2021-04-01 09:50:50,9718.85,44460
2021-04-01 09:50:51,9718.85,44460
2021-04-01 09:50:52,9718.85,44460
2021-04-01 09:50:52,9718.85,44460
2021-04-01 09:50:53,9718.85,44460
2021-04-01 09:50:54,9719.0,44522
2021-04-01 09:50:55,9719.0,44522
2021-04-01 09:50:57,9719.0,44522
2021-04-01 09:50:58,9719.0,44522
2021-04-01 09:50:58,9719.0,44522
2021-04-01 09:50:59,9719.0,44522
2021-04-01 09:51:00,9719.0,44522
2021-04-01 09:51:01,9719.0,44562
2021-04-01 09:51:02,9719.0,44562
2021-04-01 09:51:04,9719.0,44562
2021-04-01 09:51:05,9719.0,44562
2021-04-01 09:51:05,9719.0,44562
2021-04-01 09:51:06,9719.0,44562
2021-04-01 09:51:07,9719.0,44562
2021-04-01 09:51:08,9719.0,44562
2021-04-01 09:51:09,9719.0,44562
2021-04-01 09:51:11,9719.0,44562
2021-04-01 09:51:12,9719.0,44562
2021-04-01 09:51:12,9719.0,44562
2021-04-01 09:51:13,9719.0,44564
2021-04-01 09:51:14,9719.0,44564
2021-04-01 09:51:16,9719.0,44591
2021-04-01 09:51:17,9719.0,44591
2021-04-01 09:51:18,9719.0,44591
2021-04-01 09:51:18,9719.0,44591
2021-04-01 09:51:19,9715.6,44641
2021-04-01 09:51:20,9715.6,44641
2021-04-01 09:51:21,9715.6,44641
2021-04-01 09:51:22,9715.6,44641
2021-04-01 09:51:24,9715.6,44641
2021-04-01 09:51:25,9715.6,44641
2021-04-01 09:51:25,9715.6,44641
2021-04-01 09:51:26,9715.6,44641
2021-04-01 09:51:27,9715.6,44641
2021-04-01 09:51:28,9715.6,44641
2021-04-01 09:51:30,9715.6,44641
2021-04-01 09:51:31,9715.6,44641
2021-04-01 09:51:31,9715.6,44641
2021-04-01 09:51:32,9715.6,44641
2021-04-01 09:51:33,9715.55,44648
2021-04-01 09:51:34,9715.55,44648
2021-04-01 09:51:36,9715.55,44648
2021-04-01 09:51:37,9721.7,44849
2021-04-01 09:51:38,9721.7,44849
2021-04-01 09:51:39,9716.3,44879
2021-04-01 09:51:39,9716.3,44879
2021-04-01 09:51:40,9716.3,44879
2021-04-01 09:51:41,9715.85,44890
2021-04-01 09:51:43,9715.85,44890
2021-04-01 09:51:44,9715.2,44940
2021-04-01 09:51:44,9715.2,44940
2021-04-01 09:51:45,9715.05,44945
2021-04-01 09:51:46,9715.05,44945
2021-04-01 09:51:47,9715.05,44945
2021-04-01 09:51:49,9715.05,44945
2021-04-01 09:51:50,9715.05,44945
2021-04-01 09:51:51,9720.0,44955
2021-04-01 09:51:52,9720.0,44955
2021-04-01 09:51:52,9720.0,44955
2021-04-01 09:51:53,9720.0,44955
2021-04-01 09:51:54,9720.0,44955
2021-04-01 09:51:55,9720.0,44965
2021-04-01 09:51:57,9720.0,44965
2021-04-01 09:51:58,9720.0,44975
2021-04-01 09:51:59,9716.0,44987
2021-04-01 09:52:00,9716.0,45019
2021-04-01 09:52:00,9716.0,45019
2021-04-01 09:52:01,9716.0,45019
2021-04-01 09:52:02,9716.0,45019
2021-04-01 09:52:04,9716.0,45019
2021-04-01 09:52:05,9719.9,45020
2021-04-01 09:52:05,9719.9,45020
2021-04-01 09:52:06,9719.9,45020
2021-04-01 09:52:07,9719.9,45020
2021-04-01 09:52:08,9719.9,45020
2021-04-01 09:52:10,9719.9,45020
2021-04-01 09:52:11,9716.0,45021
2021-04-01 09:52:12,9715.2,45028
2021-04-01 09:52:12,9715.2,45028
2021-04-01 09:52:13,9715.2,45028
2021-04-01 09:52:14,9715.2,45028
2021-04-01 09:52:16,9715.2,45028
2021-04-01 09:52:17,9715.2,45028
2021-04-01 09:52:17,9715.05,45076
2021-04-01 09:52:18,9715.05,45082
2021-04-01 09:52:19,9715.05,45082
2021-04-01 09:52:20,9710.0,45524
2021-04-01 09:52:22,9710.0,45524
2021-04-01 09:52:23,9710.0,45524
2021-04-01 09:52:23,9710.0,45524
2021-04-01 09:52:24,9711.4,45529
2021-04-01 09:52:25,9711.4,45529
2021-04-01 09:52:27,9713.45,45536
2021-04-01 09:52:28,9713.45,45536
2021-04-01 09:52:28,9713.45,45536
2021-04-01 09:52:29,9713.05,45538
2021-04-01 09:52:30,9713.05,45538
2021-04-01 09:52:31,9713.05,45538
2021-04-01 09:52:33,9711.4,45543
2021-04-01 09:52:34,9711.4,45544
2021-04-01 09:52:34,9711.4,45544
2021-04-01 09:52:35,9711.4,45544
2021-04-01 09:52:36,9711.4,45544
2021-04-01 09:52:38,9713.1,45547
2021-04-01 09:52:39,9713.1,45547
2021-04-01 09:52:39,9713.1,45547
2021-04-01 09:52:40,9713.1,45547
2021-04-01 09:52:41,9713.1,45547
2021-04-01 09:52:42,9713.1,45547
2021-04-01 09:52:43,9713.1,45547
2021-04-01 09:52:44,9711.4,45548
2021-04-01 09:52:46,9711.4,45548
2021-04-01 09:52:47,9711.4,45548
2021-04-01 09:52:48,9711.4,45549
2021-04-01 09:52:49,9711.4,45549
2021-04-01 09:52:49,9711.4,45549
2021-04-01 09:52:50,9711.4,45549
2021-04-01 09:52:51,9715.0,45551
2021-04-01 09:52:52,9711.4,45552
2021-04-01 09:52:53,9711.4,45552
2021-04-01 09:52:54,9711.4,45553
2021-04-01 09:52:55,9712.0,45561
2021-04-01 09:52:56,9712.0,45567
2021-04-01 09:52:58,9712.0,45569
2021-04-01 09:52:59,9712.0,45569
2021-04-01 09:53:00,9712.0,45569
2021-04-01 09:53:01,9712.0,45569
2021-04-01 09:53:02,9712.0,45573
2021-04-01 09:53:02,9712.0,45573
2021-04-01 09:53:03,9712.0,45573
2021-04-01 09:53:04,9712.0,45573
2021-04-01 09:53:06,9712.0,45573
2021-04-01 09:53:07,9712.0,45582
2021-04-01 09:53:08,9712.0,45582
2021-04-01 09:53:09,9712.0,45582
2021-04-01 09:53:09,9712.0,45582
2021-04-01 09:53:10,9712.0,45582
2021-04-01 09:53:11,9712.0,45582
2021-04-01 09:53:12,9712.0,45582
2021-04-01 09:53:14,9711.4,45594
2021-04-01 09:53:15,9711.4,45594
2021-04-01 09:53:16,9711.4,45595
2021-04-01 09:53:17,9711.4,45595
2021-04-01 09:53:17,9711.4,45595
2021-04-01 09:53:18,9711.05,45597
2021-04-01 09:53:19,9711.05,45597
2021-04-01 09:53:21,9711.05,45597
2021-04-01 09:53:22,9711.05,45597
2021-04-01 09:53:23,9711.05,45597
2021-04-01 09:53:23,9711.05,45597
2021-04-01 09:53:24,9711.05,45598
2021-04-01 09:53:25,9711.05,45604
2021-04-01 09:53:26,9711.05,45604
2021-04-01 09:53:28,9711.05,45604
2021-04-01 09:53:29,9711.05,45604
2021-04-01 09:53:29,9711.05,45604
2021-04-01 09:53:30,9712.0,45605
2021-04-01 09:53:31,9712.0,45605
2021-04-01 09:53:32,9711.05,45608
2021-04-01 09:53:34,9711.05,45608
2021-04-01 09:53:35,9711.05,45608
2021-04-01 09:53:36,9711.05,45608
2021-04-01 09:53:37,9704.9,45708
2021-04-01 09:53:38,9704.9,45708
2021-04-01 09:53:38,9704.9,45708
2021-04-01 09:53:39,9710.0,45711
2021-04-01 09:53:40,9710.0,45711
2021-04-01 09:53:41,9710.0,45711
2021-04-01 09:53:42,9710.0,45711
2021-04-01 09:53:44,9710.0,45711
2021-04-01 09:53:45,9706.4,45718
2021-04-01 09:53:46,9706.4,45718
2021-04-01 09:53:46,9706.4,45718
2021-04-01 09:53:48,9706.4,45718
2021-04-01 09:53:49,9710.0,45723
2021-04-01 09:53:50,9711.0,45733
2021-04-01 09:53:51,9711.0,45733
2021-04-01 09:53:52,9711.0,45733
2021-04-01 09:53:53,9706.3,45734
2021-04-01 09:53:54,9711.0,45749
2021-04-01 09:53:54,9711.0,45749
2021-04-01 09:53:55,9711.0,45749
2021-04-01 09:53:56,9711.0,45749
2021-04-01 09:53:57,9711.0,45752
2021-04-01 09:53:58,9711.0,45752
2021-04-01 09:53:59,9706.25,45764
2021-04-01 09:54:00,9706.25,45764
2021-04-01 09:54:02,9706.25,45764
2021-04-01 09:54:03,9711.0,45765
2021-04-01 09:54:04,9711.0,45765
2021-04-01 09:54:04,9711.0,45765
2021-04-01 09:54:05,9711.0,45765
2021-04-01 09:54:06,9711.0,45765
2021-04-01 09:54:07,9711.0,45765
2021-04-01 09:54:08,9711.0,45765
2021-04-01 09:54:09,9711.0,45765
2021-04-01 09:54:10,9711.0,45765
2021-04-01 09:54:12,9711.0,45765
2021-04-01 09:54:13,9711.0,45765
2021-04-01 09:54:13,9711.0,45765
2021-04-01 09:54:14,9711.0,45765
2021-04-01 09:54:15,9711.0,45765
2021-04-01 09:54:17,9711.0,45765
2021-04-01 09:54:18,9707.05,45767
2021-04-01 09:54:18,9711.0,45765
2021-04-01 09:54:19,9707.05,45767
2021-04-01 09:54:20,9707.05,45767
2021-04-01 09:54:21,9707.05,45767
2021-04-01 09:54:23,9711.0,45772
2021-04-01 09:54:24,9711.0,45772
2021-04-01 09:54:25,9711.0,45772
2021-04-01 09:54:25,9711.0,45772
2021-04-01 09:54:26,9711.0,45772
2021-04-01 09:54:27,9711.0,45772
2021-04-01 09:54:28,9711.0,45773
2021-04-01 09:54:30,9711.0,45773
2021-04-01 09:54:31,9707.05,45778
2021-04-01 09:54:32,9707.05,45778
2021-04-01 09:54:32,9707.05,45778
2021-04-01 09:54:33,9707.05,45778
2021-04-01 09:54:34,9707.05,45778
2021-04-01 09:54:35,9711.0,45781
2021-04-01 09:54:36,9711.0,45781
2021-04-01 09:54:38,9711.0,45781
2021-04-01 09:54:39,9711.0,45781
2021-04-01 09:54:39,9711.0,45781
2021-04-01 09:54:40,9707.05,45791
2021-04-01 09:54:41,9707.05,45791
2021-04-01 09:54:42,9707.05,45791
2021-04-01 09:54:43,9706.15,45840
2021-04-01 09:54:44,9706.15,45840
2021-04-01 09:54:45,9706.15,45840
2021-04-01 09:54:47,9706.15,45840
2021-04-01 09:54:48,9706.15,45840
2021-04-01 09:54:48,9706.15,45840
2021-04-01 09:54:49,9706.15,45840
2021-04-01 09:54:50,9706.15,45840
2021-04-01 09:54:51,9706.15,45840
2021-04-01 09:54:53,9710.25,45841
2021-04-01 09:54:54,9710.25,45841
2021-04-01 09:54:55,9710.25,45841
2021-04-01 09:54:56,9710.25,45841
2021-04-01 09:54:56,9710.25,45841
2021-04-01 09:54:57,9707.05,45846
2021-04-01 09:54:58,9707.05,45846
2021-04-01 09:54:59,9707.05,45846
2021-04-01 09:55:01,9707.05,45846
2021-04-01 09:55:02,9707.05,45849
2021-04-01 09:55:02,9707.05,45849
2021-04-01 09:55:03,9707.05,45849
2021-04-01 09:55:04,9707.05,45849
2021-04-01 09:55:05,9707.05,45849
2021-04-01 09:55:06,9707.05,45852
2021-04-01 09:55:08,9707.05,45852
2021-04-01 09:55:08,9707.05,45852
2021-04-01 09:55:09,9707.05,45852
2021-04-01 09:55:11,9707.05,45852
2021-04-01 09:55:12,9707.05,45852
2021-04-01 09:55:12,9707.05,45852
2021-04-01 09:55:13,9710.0,45854
2021-04-01 09:55:14,9710.0,45854
2021-04-01 09:55:15,9710.0,45854
2021-04-01 09:55:16,9710.0,45854
2021-04-01 09:55:18,9710.0,45854
2021-04-01 09:55:19,9710.0,45854
2021-04-01 09:55:19,9710.0,45854
2021-04-01 09:55:20,9710.0,45854
2021-04-01 09:55:22,9710.0,45854
2021-04-01 09:55:23,9710.0,45854
2021-04-01 09:55:24,9710.0,45854
2021-04-01 09:55:25,9710.0,45854
2021-04-01 09:55:25,9710.0,45854
2021-04-01 09:55:26,9710.0,45854
2021-04-01 09:55:27,9710.0,45854
2021-04-01 09:55:29,9710.0,45854
2021-04-01 09:55:30,9710.0,45854
2021-04-01 09:55:31,9710.0,45854
2021-04-01 09:55:31,9710.0,45854
2021-04-01 09:55:32,9710.0,45854
2021-04-01 09:55:33,9710.0,45854
2021-04-01 09:55:34,9707.05,45855
2021-04-01 09:55:35,9707.05,45855
2021-04-01 09:55:37,9707.05,45855
2021-04-01 09:55:38,9707.05,45855
2021-04-01 09:55:39,9707.05,45855
2021-04-01 09:55:39,9707.05,45855
2021-04-01 09:55:40,9705.05,45906
2021-04-01 09:55:41,9705.05,45906
2021-04-01 09:55:42,9705.05,45906
2021-04-01 09:55:43,9705.05,45906
2021-04-01 09:55:45,9705.05,45906
2021-04-01 09:55:46,9710.0,45916
2021-04-01 09:55:46,9710.0,45916
2021-04-01 09:55:47,9710.0,45916
2021-04-01 09:55:48,9710.0,45916
2021-04-01 09:55:49,9710.0,45916
2021-04-01 09:55:50,9705.0,45923
2021-04-01 09:55:52,9705.0,45928
2021-04-01 09:55:53,9705.15,45960
2021-04-01 09:55:54,9705.15,45960
2021-04-01 09:55:54,9705.15,45960
2021-04-01 09:55:55,9705.15,45960
2021-04-01 09:55:56,9705.15,45960
2021-04-01 09:55:58,9705.15,45960
2021-04-01 09:55:59,9705.15,45960
2021-04-01 09:56:00,9705.15,45960
2021-04-01 09:56:01,9705.15,45960
2021-04-01 09:56:01,9705.15,45960
2021-04-01 09:56:02,9705.15,45960
2021-04-01 09:56:03,9705.15,45960
2021-04-01 09:56:04,9705.15,45960
2021-04-01 09:56:05,9706.05,45979
2021-04-01 09:56:06,9706.05,45979
2021-04-01 09:56:08,9706.85,45980
2021-04-01 09:56:09,9706.85,45980
2021-04-01 09:56:10,9710.0,46035
2021-04-01 09:56:11,9712.9,46052
2021-04-01 09:56:11,9712.9,46052
2021-04-01 09:56:12,9712.9,46052
2021-04-01 09:56:13,9711.15,46054
2021-04-01 09:56:14,9711.15,46054
2021-04-01 09:56:16,9711.15,46054
2021-04-01 09:56:17,9711.15,46054
2021-04-01 09:56:17,9711.15,46054
2021-04-01 09:56:18,9711.15,46054
2021-04-01 09:56:19,9711.15,46054
2021-04-01 09:56:20,9711.15,46054
2021-04-01 09:56:21,9711.15,46059
2021-04-01 09:56:23,9711.15,46059
2021-04-01 09:56:24,9711.15,46059
2021-04-01 09:56:25,9711.15,46059
2021-04-01 09:56:26,9711.15,46059
2021-04-01 09:56:26,9711.15,46059
2021-04-01 09:56:27,9711.15,46059
2021-04-01 09:56:28,9714.95,46064
2021-04-01 09:56:30,9714.95,46064
2021-04-01 09:56:31,9709.35,46164
2021-04-01 09:56:31,9709.35,46164
2021-04-01 09:56:32,9709.35,46164
2021-04-01 09:56:33,9714.95,46214
2021-04-01 09:56:34,9714.95,46214
2021-04-01 09:56:36,9714.95,46214
2021-04-01 09:56:37,9714.95,46214
2021-04-01 09:56:37,9714.95,46214
2021-04-01 09:56:38,9714.95,46214
2021-04-01 09:56:39,9714.95,46214
2021-04-01 09:56:41,9714.95,46214
2021-04-01 09:56:42,9714.95,46214
2021-04-01 09:56:43,9714.95,46214
2021-04-01 09:56:43,9709.3,46216
2021-04-01 09:56:44,9709.3,46216
2021-04-01 09:56:45,9709.3,46216
2021-04-01 09:56:46,9710.0,46217
2021-04-01 09:56:48,9710.0,46217
2021-04-01 09:56:49,9710.0,46217
2021-04-01 09:56:50,9714.7,46237
2021-04-01 09:56:50,9714.7,46237
2021-04-01 09:56:51,9714.7,46237
2021-04-01 09:56:52,9710.0,46238
2021-04-01 09:56:53,9710.0,46238
2021-04-01 09:56:55,9713.95,46243
2021-04-01 09:56:56,9713.95,46243
2021-04-01 09:56:57,9713.95,46243
2021-04-01 09:56:57,9713.95,46243
2021-04-01 09:56:58,9713.95,46243
2021-04-01 09:56:59,9713.95,46253
2021-04-01 09:57:00,9713.95,46253
2021-04-01 09:57:01,9713.95,46253
2021-04-01 09:57:02,9713.95,46253
2021-04-01 09:57:03,9713.95,46253
2021-04-01 09:57:05,9713.95,46256
2021-04-01 09:57:06,9713.95,46256
2021-04-01 09:57:07,9713.95,46256
2021-04-01 09:57:07,9713.95,46256
2021-04-01 09:57:08,9713.95,46256
2021-04-01 09:57:09,9713.95,46256
2021-04-01 09:57:10,9714.0,46300
2021-04-01 09:57:12,9714.95,46346
2021-04-01 09:57:13,9714.95,46346
2021-04-01 09:57:14,9715.0,46415
2021-04-01 09:57:14,9715.0,46415
2021-04-01 09:57:15,9715.0,46415
2021-04-01 09:57:16,9715.0,46415
2021-04-01 09:57:18,9715.0,46426
2021-04-01 09:57:19,9715.0,46426
2021-04-01 09:57:20,9715.0,46426
2021-04-01 09:57:20,9715.0,46426
2021-04-01 09:57:21,9715.0,46426
2021-04-01 09:57:22,9716.95,46440
2021-04-01 09:57:23,9716.95,46441
2021-04-01 09:57:24,9716.95,46441
2021-04-01 09:57:25,9716.95,46476
2021-04-01 09:57:26,9716.95,46476
2021-04-01 09:57:27,9716.95,46476
2021-04-01 09:57:29,9716.95,46476
2021-04-01 09:57:30,9715.1,46481
2021-04-01 09:57:30,9715.1,46481
2021-04-01 09:57:31,9715.5,46482
2021-04-01 09:57:32,9715.5,46482
2021-04-01 09:57:33,9715.5,46482
2021-04-01 09:57:35,9715.5,46482
2021-04-01 09:57:35,9715.5,46482
2021-04-01 09:57:37,9715.5,46482
2021-04-01 09:57:38,9718.95,46507
2021-04-01 09:57:39,9718.95,46507
2021-04-01 09:57:39,9718.95,46507
2021-04-01 09:57:40,9715.5,46510
2021-04-01 09:57:41,9715.5,46510
2021-04-01 09:57:42,9715.5,46510
2021-04-01 09:57:43,9715.5,46510
2021-04-01 09:57:44,9715.5,46510
2021-04-01 09:57:46,9715.5,46510
2021-04-01 09:57:47,9720.0,47471
2021-04-01 09:57:47,9720.0,47481
2021-04-01 09:57:48,9720.0,47491
2021-04-01 09:57:50,9720.0,47491
2021-04-01 09:57:51,9720.0,47491
2021-04-01 09:57:52,9720.0,47491
2021-04-01 09:57:53,9720.0,47492
2021-04-01 09:57:53,9720.0,47492
2021-04-01 09:57:54,9720.0,47548
2021-04-01 09:57:55,9720.0,47548
2021-04-01 09:57:57,9720.0,47548
2021-04-01 09:57:58,9720.0,47548
2021-04-01 09:57:59,9720.0,47548
2021-04-01 09:58:00,9720.0,47548
2021-04-01 09:58:00,9720.0,47548
2021-04-01 09:58:02,9724.9,47566
2021-04-01 09:58:03,9724.9,47566
2021-04-01 09:58:04,9724.9,47566
2021-04-01 09:58:05,9722.3,47568
2021-04-01 09:58:05,9722.3,47568
2021-04-01 09:58:06,9722.3,47568
2021-04-01 09:58:07,9722.3,47568
2021-04-01 09:58:08,9722.3,47568
2021-04-01 09:58:09,9722.3,47568
2021-04-01 09:58:11,9724.0,47585
2021-04-01 09:58:12,9722.3,47605
2021-04-01 09:58:13,9722.3,47605
2021-04-01 09:58:13,9720.0,47691
2021-04-01 09:58:14,9715.6,47711
2021-04-01 09:58:16,9715.6,47711
2021-04-01 09:58:17,9715.6,47711
2021-04-01 09:58:18,9715.6,47711
2021-04-01 09:58:18,9715.6,47711
2021-04-01 09:58:19,9715.6,47711
2021-04-01 09:58:20,9719.95,47726
2021-04-01 09:58:22,9712.1,48042
2021-04-01 09:58:23,9712.1,48042
2021-04-01 09:58:24,9712.1,48042
2021-04-01 09:58:25,9712.1,48042
2021-04-01 09:58:25,9712.1,48042
2021-04-01 09:58:26,9715.75,48043
2021-04-01 09:58:27,9715.75,48043
2021-04-01 09:58:29,9715.75,48043
2021-04-01 09:58:30,9716.1,48063
2021-04-01 09:58:31,9716.1,48063
2021-04-01 09:58:32,9716.1,48063
2021-04-01 09:58:32,9716.1,48063
2021-04-01 09:58:33,9716.1,48063
2021-04-01 09:58:35,9716.1,48063
2021-04-01 09:58:36,9716.1,48063
2021-04-01 09:58:37,9716.1,48063
2021-04-01 09:58:38,9713.4,48065
2021-04-01 09:58:39,9713.4,48065
2021-04-01 09:58:39,9713.4,48065
2021-04-01 09:58:40,9713.4,48065
2021-04-01 09:58:42,9717.85,48075
2021-04-01 09:58:43,9717.85,48075
2021-04-01 09:58:44,9717.85,48075
2021-04-01 09:58:45,9715.0,48076
2021-04-01 09:58:45,9715.0,48076
2021-04-01 09:58:46,9715.0,48076
2021-04-01 09:58:47,9715.0,48076
2021-04-01 09:58:48,9715.0,48076
2021-04-01 09:58:49,9715.0,48076
2021-04-01 09:58:51,9716.05,48077
2021-04-01 09:58:52,9720.0,48087
2021-04-01 09:58:53,9720.0,48087
2021-04-01 09:58:54,9720.0,48087
2021-04-01 09:58:55,9720.0,48089
2021-04-01 09:58:55,9720.0,48089
2021-04-01 09:58:56,9720.0,48089
2021-04-01 09:58:58,9720.0,48089
2021-04-01 09:58:59,9720.0,48089
2021-04-01 09:59:00,9720.0,48094
2021-04-01 09:59:01,9720.0,48094
2021-04-01 09:59:02,9720.0,48094
2021-04-01 09:59:03,9720.0,48094
2021-04-01 09:59:04,9720.0,48094
2021-04-01 09:59:06,9720.0,48094
2021-04-01 09:59:07,9720.0,48094
2021-04-01 09:59:08,9720.0,48094
2021-04-01 09:59:09,9720.0,48094
2021-04-01 09:59:10,9720.0,48094
2021-04-01 09:59:10,9720.0,48094
2021-04-01 09:59:11,9717.25,48150
2021-04-01 09:59:12,9715.0,48162
2021-04-01 09:59:14,9715.0,48162
2021-04-01 09:59:15,9719.15,48176
2021-04-01 09:59:16,9719.15,48176
2021-04-01 09:59:17,9712.0,48226
2021-04-01 09:59:18,9712.0,48226
2021-04-01 09:59:19,9712.0,48226
2021-04-01 09:59:20,9715.0,48236
2021-04-01 09:59:20,9715.0,48236
2021-04-01 09:59:21,9715.0,48251
2021-04-01 09:59:22,9715.0,48251
2021-04-01 09:59:24,9715.0,48251
2021-04-01 09:59:25,9715.0,48251
2021-04-01 09:59:26,9715.0,48251
2021-04-01 09:59:27,9713.75,48259
2021-04-01 09:59:28,9713.75,48259
2021-04-01 09:59:29,9713.75,48259
2021-04-01 09:59:30,9713.75,48259
2021-04-01 09:59:30,9713.75,48259
2021-04-01 09:59:31,9713.75,48259
2021-04-01 09:59:32,9713.75,48260
2021-04-01 09:59:33,9713.75,48260
2021-04-01 09:59:34,9713.75,48260
2021-04-01 09:59:35,9713.75,48260
2021-04-01 09:59:37,9713.75,48261
2021-04-01 09:59:38,9713.75,48261
2021-04-01 09:59:39,9713.75,48261
2021-04-01 09:59:40,9713.75,48261
2021-04-01 09:59:41,9713.75,48281
2021-04-01 09:59:42,9713.75,48281
2021-04-01 09:59:43,9712.8,48284
2021-04-01 09:59:44,9712.8,48284
2021-04-01 09:59:44,9712.8,48284
2021-04-01 09:59:45,9712.8,48284
2021-04-01 09:59:46,9712.8,48284
2021-04-01 09:59:48,9712.8,48284
2021-04-01 09:59:49,9712.8,48284
2021-04-01 09:59:50,9712.8,48284
2021-04-01 09:59:51,9712.8,48291
2021-04-01 09:59:52,9712.8,48291
2021-04-01 09:59:52,9712.8,48291
2021-04-01 09:59:53,9712.8,48291
2021-04-01 09:59:54,9712.8,48291
2021-04-01 09:59:56,9712.8,48291
2021-04-01 09:59:57,9718.8,48311
2021-04-01 09:59:58,9718.8,48311
2021-04-01 09:59:59,9718.8,48311
2021-04-01 10:00:00,9718.8,48311
2021-04-01 10:00:00,9718.8,48311
2021-04-01 10:00:01,9718.8,48311
2021-04-01 10:00:02,9718.8,48311
2021-04-01 10:00:04,9718.8,48311
2021-04-01 10:00:05,9718.8,48311
2021-04-01 10:00:06,9718.8,48311
2021-04-01 10:00:07,9718.8,48311
2021-04-01 10:00:08,9712.95,48362
2021-04-01 10:00:09,9712.95,48362
2021-04-01 10:00:10,9712.95,48362
2021-04-01 10:00:10,9712.95,48362
2021-04-01 10:00:11,9712.4,48640
2021-04-01 10:00:12,9712.4,48640
2021-04-01 10:00:13,9712.4,48640
2021-04-01 10:00:15,9712.4,48640
2021-04-01 10:00:16,9712.0,48641
2021-04-01 10:00:17,9712.0,48641
2021-04-01 10:00:17,9712.0,48641
2021-04-01 10:00:18,9712.0,48641
2021-04-01 10:00:19,9712.0,48641
2021-04-01 10:00:20,9712.0,48641
2021-04-01 10:00:21,9712.0,48641
2021-04-01 10:00:23,9717.8,48643
2021-04-01 10:00:24,9717.8,48643
2021-04-01 10:00:25,9717.8,48643
2021-04-01 10:00:26,9717.8,48643
2021-04-01 10:00:27,9717.8,48643
2021-04-01 10:00:27,9717.8,48643
2021-04-01 10:00:28,9717.8,48643
2021-04-01 10:00:29,9717.8,48643
2021-04-01 10:00:31,9717.8,48643
2021-04-01 10:00:32,9713.05,48645
2021-04-01 10:00:33,9713.05,48645
2021-04-01 10:00:33,9713.05,48645
2021-04-01 10:00:34,9718.75,48648
2021-04-01 10:00:35,9718.75,48648
2021-04-01 10:00:37,9718.75,48648
2021-04-01 10:00:38,9717.8,48651
2021-04-01 10:00:39,9717.8,48651
2021-04-01 10:00:40,9717.8,48651
2021-04-01 10:00:41,9717.8,48661
2021-04-01 10:00:42,9717.8,48661
2021-04-01 10:00:43,9717.8,48661
2021-04-01 10:00:44,9717.8,48661
2021-04-01 10:00:45,9717.8,48661
2021-04-01 10:00:45,9717.8,48661
2021-04-01 10:00:47,9717.8,48661
2021-04-01 10:00:48,9717.8,48661
2021-04-01 10:00:49,9717.8,48661
2021-04-01 10:00:50,9717.8,48661
2021-04-01 10:00:51,9717.8,48661
2021-04-01 10:00:52,9717.8,48666
2021-04-01 10:00:52,9717.8,48666
2021-04-01 10:00:53,9717.8,48666
2021-04-01 10:00:54,9717.8,48667
2021-04-01 10:00:56,9713.4,48686
2021-04-01 10:00:57,9713.4,48686
2021-04-01 10:00:58,9713.4,48686
2021-04-01 10:00:59,9713.4,48686
2021-04-01 10:01:00,9717.8,48701
2021-04-01 10:01:00,9717.8,48701
2021-04-01 10:01:01,9717.8,48701
2021-04-01 10:01:02,9717.8,48701
2021-04-01 10:01:03,9717.8,48701
2021-04-01 10:01:04,9717.8,48701
2021-04-01 10:01:05,9717.8,48701
2021-04-01 10:01:07,9714.3,48726
2021-04-01 10:01:08,9714.3,48726
2021-04-01 10:01:09,9714.3,48726
2021-04-01 10:01:10,9714.3,48726
2021-04-01 10:01:11,9714.3,48726
2021-04-01 10:01:12,9717.0,48727
2021-04-01 10:01:13,9717.0,48727
2021-04-01 10:01:13,9717.0,48727
2021-04-01 10:01:14,9717.0,48729
2021-04-01 10:01:15,9717.0,48729
2021-04-01 10:01:17,9717.0,48729
2021-04-01 10:01:18,9719.3,48754
2021-04-01 10:01:19,9720.0,48866
2021-04-01 10:01:20,9720.0,48866
2021-04-01 10:01:20,9720.0,48866
2021-04-01 10:01:21,9720.0,48866
2021-04-01 10:01:22,9720.0,48867
2021-04-01 10:01:24,9720.0,48867
2021-04-01 10:01:25,9720.0,48921
2021-04-01 10:01:26,9720.0,48921
2021-04-01 10:01:26,9720.0,48921
2021-04-01 10:01:27,9720.0,48921
2021-04-01 10:01:28,9717.95,49021
2021-04-01 10:01:30,9723.0,49035
2021-04-01 10:01:31,9723.0,49035
2021-04-01 10:01:32,9723.0,49035
2021-04-01 10:01:32,9723.0,49035
2021-04-01 10:01:33,9720.0,49036
2021-04-01 10:01:34,9720.0,49037
2021-04-01 10:01:36,9720.0,49037
2021-04-01 10:01:37,9720.0,49037
2021-04-01 10:01:38,9720.0,49037
2021-04-01 10:01:38,9720.0,49037
2021-04-01 10:01:39,9720.0,49086
2021-04-01 10:01:41,9720.0,49086
2021-04-01 10:01:42,9713.2,49162
2021-04-01 10:01:43,9713.1,49167
2021-04-01 10:01:44,9713.1,49167
2021-04-01 10:01:45,9719.65,49207
2021-04-01 10:01:46,9719.65,49207
2021-04-01 10:01:47,9719.65,49207
2021-04-01 10:01:48,9719.65,49207
2021-04-01 10:01:49,9719.65,49207
2021-04-01 10:01:50,9713.45,49363
2021-04-01 10:01:51,9713.45,49363
2021-04-01 10:01:52,9713.45,49363
2021-04-01 10:01:52,9713.45,49363
2021-04-01 10:01:54,9713.45,49363
2021-04-01 10:01:55,9713.45,49363
2021-04-01 10:01:56,9713.45,49363
2021-04-01 10:01:56,9713.45,49363
2021-04-01 10:01:57,9713.5,49368
2021-04-01 10:01:58,9713.5,49368
2021-04-01 10:02:00,9713.5,49368
2021-04-01 10:02:01,9713.5,49368
2021-04-01 10:02:02,9713.5,49368
2021-04-01 10:02:03,9718.4,49393
2021-04-01 10:02:04,9718.4,49443
2021-04-01 10:02:04,9718.4,49443
2021-04-01 10:02:05,9718.4,49443
2021-04-01 10:02:06,9718.4,49443
2021-04-01 10:02:07,9718.4,49443
2021-04-01 10:02:09,9718.4,49443
2021-04-01 10:02:10,9718.4,49443
2021-04-01 10:02:11,9718.4,49443
2021-04-01 10:02:12,9718.4,49444
2021-04-01 10:02:13,9718.4,49444
2021-04-01 10:02:13,9718.4,49444
2021-04-01 10:02:14,9718.4,49444
2021-04-01 10:02:16,9718.4,49444
2021-04-01 10:02:17,9718.4,49444
2021-04-01 10:02:18,9718.4,49444
2021-04-01 10:02:19,9718.4,49444
2021-04-01 10:02:20,9718.4,49447
2021-04-01 10:02:21,9718.4,49447
2021-04-01 10:02:22,9718.4,49447
2021-04-01 10:02:23,9718.4,49447
2021-04-01 10:02:24,9718.4,49447
2021-04-01 10:02:25,9718.4,49447
2021-04-01 10:02:25,9718.4,49447
2021-04-01 10:02:26,9718.4,49447
2021-04-01 10:02:28,9718.4,49447
2021-04-01 10:02:29,9718.4,49447
2021-04-01 10:02:30,9718.4,49447
2021-04-01 10:02:31,9718.4,49447
2021-04-01 10:02:32,9718.4,49447
2021-04-01 10:02:32,9718.4,49447
2021-04-01 10:02:33,9718.4,49447
2021-04-01 10:02:35,9713.75,49451
2021-04-01 10:02:36,9713.75,49451
2021-04-01 10:02:37,9716.4,49461
2021-04-01 10:02:38,9716.4,49461
2021-04-01 10:02:39,9716.4,49461
2021-04-01 10:02:40,9715.0,49511
2021-04-01 10:02:40,9715.0,49511
2021-04-01 10:02:42,9715.0,49511
2021-04-01 10:02:43,9718.4,49512
2021-04-01 10:02:44,9718.4,49512
2021-04-01 10:02:44,9718.4,49512
2021-04-01 10:02:45,9718.4,49512
2021-04-01 10:02:46,9718.4,49512
2021-04-01 10:02:47,9713.65,49585
2021-04-01 10:02:49,9713.0,49588
2021-04-01 10:02:50,9713.0,49588
2021-04-01 10:02:51,9713.0,49588
2021-04-01 10:02:52,9712.4,49659
2021-04-01 10:02:52,9712.4,49659
2021-04-01 10:02:53,9712.4,49659
2021-04-01 10:02:54,9712.4,49659
2021-04-01 10:02:55,9712.2,49662
2021-04-01 10:02:56,9712.2,49662
2021-04-01 10:02:58,9712.2,49662
2021-04-01 10:02:59,9712.2,49662
2021-04-01 10:03:00,9712.2,49662
2021-04-01 10:03:01,9709.0,49877
2021-04-01 10:03:01,9708.0,49886
2021-04-01 10:03:02,9708.0,49922
2021-04-01 10:03:04,9705.0,50047
2021-04-01 10:03:05,9705.0,50047
2021-04-01 10:03:06,9705.0,50047
2021-04-01 10:03:06,9705.0,50047
2021-04-01 10:03:07,9705.0,50047
2021-04-01 10:03:09,9705.0,50047
2021-04-01 10:03:10,9705.0,50047
2021-04-01 10:03:11,9707.0,50072
2021-04-01 10:03:12,9707.0,50072
2021-04-01 10:03:12,9707.0,50072
2021-04-01 10:03:13,9705.0,50429
2021-04-01 10:03:15,9706.95,50522
2021-04-01 10:03:16,9706.95,50522
2021-04-01 10:03:17,9706.95,50522
2021-04-01 10:03:18,9706.95,50522
2021-04-01 10:03:18,9706.95,50522
2021-04-01 10:03:19,9706.95,50522
2021-04-01 10:03:21,9706.95,50522
2021-04-01 10:03:22,9706.95,50522
2021-04-01 10:03:23,9706.95,50522
2021-04-01 10:03:24,9706.95,50522
2021-04-01 10:03:24,9706.95,50522
2021-04-01 10:03:25,9706.95,50522
2021-04-01 10:03:27,9706.95,50522
2021-04-01 10:03:28,9706.95,50522
2021-04-01 10:03:29,9706.95,50523
2021-04-01 10:03:30,9706.95,50523
2021-04-01 10:03:31,9706.95,50523
2021-04-01 10:03:33,9706.95,50523
2021-04-01 10:03:33,9706.95,50523
2021-04-01 10:03:34,9706.95,50523
2021-04-01 10:03:35,9706.95,50523
2021-04-01 10:03:37,9706.95,50523
2021-04-01 10:03:38,9706.95,50523
2021-04-01 10:03:39,9706.95,50523
2021-04-01 10:03:40,9706.95,50523
2021-04-01 10:03:40,9706.95,50523
2021-04-01 10:03:41,9706.95,50525
2021-04-01 10:03:42,9705.0,50535
2021-04-01 10:03:44,9705.0,50535
2021-04-01 10:03:45,9705.0,50535
2021-04-01 10:03:46,9705.0,50535
2021-04-01 10:03:46,9705.0,50535
2021-04-01 10:03:47,9705.0,50535
2021-04-01 10:03:48,9706.35,50537
2021-04-01 10:03:50,9709.2,50762
2021-04-01 10:03:51,9709.2,50762
2021-04-01 10:03:52,9705.5,50768
2021-04-01 10:03:53,9705.5,50768
2021-04-01 10:03:55,9705.5,50768
2021-04-01 10:03:57,9705.5,50768
2021-04-01 10:03:58,9705.5,50768
2021-04-01 10:04:00,9705.5,50768
2021-04-01 10:04:01,9705.5,50768
2021-04-01 10:04:02,9705.5,50768
2021-04-01 10:04:03,9705.3,50780
2021-04-01 10:04:04,9711.25,50790
2021-04-01 10:04:05,9705.3,50801
2021-04-01 10:04:06,9705.5,50802
2021-04-01 10:04:07,9705.5,50802
2021-04-01 10:04:07,9705.5,50802
2021-04-01 10:04:08,9711.05,50832
2021-04-01 10:04:10,9711.05,50832
2021-04-01 10:04:11,9711.05,50832
2021-04-01 10:04:12,9711.05,50832
2021-04-01 10:04:15,9705.55,50833
2021-04-01 10:04:16,9705.55,50833
2021-04-01 10:04:17,9705.55,50833
2021-04-01 10:04:18,9711.2,50858
2021-04-01 10:04:19,9713.2,51008
2021-04-01 10:04:20,9711.05,51031
2021-04-01 10:04:20,9711.05,51031
2021-04-01 10:04:21,9711.05,51031
2021-04-01 10:04:22,9711.05,51031
2021-04-01 10:04:24,9711.05,51031
2021-04-01 10:04:25,9711.05,51031
2021-04-01 10:04:26,9711.05,51031
2021-04-01 10:04:27,9711.05,51031
2021-04-01 10:04:28,9711.05,51031
2021-04-01 10:04:29,9711.05,51031
2021-04-01 10:04:30,9711.05,51031
2021-04-01 10:04:31,9705.0,51289
2021-04-01 10:04:31,9705.0,51289
2021-04-01 10:04:32,9705.0,51289
2021-04-01 10:04:33,9700.4,51617
2021-04-01 10:04:35,9704.3,51692
2021-04-01 10:04:36,9704.75,51693
2021-04-01 10:04:37,9704.75,51693
2021-04-01 10:04:38,9701.0,51695
2021-04-01 10:04:39,9701.0,51695
2021-04-01 10:04:40,9701.0,51695
2021-04-01 10:04:41,9701.0,51696
2021-04-01 10:04:42,9701.0,51696
2021-04-01 10:04:42,9701.0,51696
2021-04-01 10:04:43,9701.0,51696
2021-04-01 10:04:45,9701.0,51696
2021-04-01 10:04:46,9701.0,51696
2021-04-01 10:04:47,9701.0,51696
2021-04-01 10:04:47,9701.0,51696
2021-04-01 10:04:49,9701.0,51696
2021-04-01 10:04:50,9701.0,51696
2021-04-01 10:04:51,9701.0,51696
2021-04-01 10:04:52,9701.0,51696
2021-04-01 10:04:53,9701.0,51696
2021-04-01 10:04:54,9705.4,51698
2021-04-01 10:04:55,9705.4,51738
2021-04-01 10:04:56,9705.4,51738
2021-04-01 10:04:57,9705.4,51738
2021-04-01 10:04:58,9705.4,51738
2021-04-01 10:04:59,9705.45,51749
2021-04-01 10:05:00,9705.45,51749
2021-04-01 10:05:01,9705.45,51749
2021-04-01 10:05:02,9705.45,51749
2021-04-01 10:05:02,9705.45,51749
2021-04-01 10:05:03,9705.45,51749
2021-04-01 10:05:05,9705.45,51749
2021-04-01 10:05:06,9705.45,51749
2021-04-01 10:05:07,9705.45,51749
2021-04-01 10:05:08,9702.4,51755
2021-04-01 10:05:09,9702.4,51755
2021-04-01 10:05:10,9702.4,51755
2021-04-01 10:05:11,9702.4,51755
2021-04-01 10:05:11,9702.4,51755
2021-04-01 10:05:12,9702.4,51755
2021-04-01 10:05:13,9702.4,51755
2021-04-01 10:05:15,9701.25,51806
2021-04-01 10:05:16,9701.25,51806
2021-04-01 10:05:17,9701.25,51806
2021-04-01 10:05:18,9701.25,51816
2021-04-01 10:05:18,9701.25,51816
2021-04-01 10:05:21,9701.95,51904
2021-04-01 10:05:22,9701.95,51904
2021-04-01 10:05:22,9701.95,51904
2021-04-01 10:05:23,9701.95,51904
2021-04-01 10:05:24,9701.95,51904
2021-04-01 10:05:27,9692.6,53460
2021-04-01 10:05:28,9673.6,56458
2021-04-01 10:05:29,9677.55,56732
2021-04-01 10:05:30,9687.55,56805
2021-04-01 10:05:30,9687.55,56805
2021-04-01 10:05:31,9687.55,56805
2021-04-01 10:05:33,9687.55,56805
2021-04-01 10:05:34,9687.55,56805
2021-04-01 10:05:34,9687.55,56805
2021-04-01 10:05:36,9687.55,56805
2021-04-01 10:05:37,9687.55,56805
2021-04-01 10:05:38,9691.4,57200
2021-04-01 10:05:39,9691.35,57201
2021-04-01 10:05:39,9697.35,57203
2021-04-01 10:05:40,9697.75,57204
2021-04-01 10:05:41,9697.75,57204
2021-04-01 10:05:43,9697.8,57330
2021-04-01 10:05:44,9697.8,57330
2021-04-01 10:05:45,9691.9,57350
2021-04-01 10:05:45,9691.9,57350
2021-04-01 10:05:46,9691.15,57367
2021-04-01 10:05:48,9691.15,57367
2021-04-01 10:05:49,9697.75,57369
2021-04-01 10:05:50,9693.8,57379
2021-04-01 10:05:51,9693.85,57383
2021-04-01 10:05:52,9693.85,57383
2021-04-01 10:05:53,9699.45,57393
2021-04-01 10:05:53,9699.45,57393
2021-04-01 10:05:54,9699.45,57393
2021-04-01 10:05:55,9699.45,57393
2021-04-01 10:05:57,9694.05,57418
2021-04-01 10:05:58,9694.05,57418
2021-04-01 10:05:59,9698.0,57470
2021-04-01 10:06:00,9698.0,57470
2021-04-01 10:06:01,9698.0,57470
2021-04-01 10:06:02,9694.85,57480
2021-04-01 10:06:03,9699.0,57482
2021-04-01 10:06:03,9699.0,57482
2021-04-01 10:06:04,9700.0,57586
2021-04-01 10:06:05,9700.0,57586
2021-04-01 10:06:06,9700.0,57586
2021-04-01 10:06:07,9700.0,57586
2021-04-01 10:06:09,9704.0,57589
2021-04-01 10:06:10,9701.2,57590
2021-04-01 10:06:11,9701.2,57590
2021-04-01 10:06:12,9701.2,57590
2021-04-01 10:06:12,9701.2,57590
2021-04-01 10:06:13,9704.0,57591
2021-04-01 10:06:15,9700.95,57672
2021-04-01 10:06:16,9700.95,57680
2021-04-01 10:06:17,9700.0,57737
2021-04-01 10:06:18,9695.0,57769
2021-04-01 10:06:18,9695.0,57769
2021-04-01 10:06:19,9695.0,57769
2021-04-01 10:06:20,9695.05,57771
2021-04-01 10:06:22,9695.05,57773
2021-04-01 10:06:23,9695.05,57775
2021-04-01 10:06:24,9695.0,57781
2021-04-01 10:06:24,9695.0,57781
2021-04-01 10:06:25,9695.05,57783
2021-04-01 10:06:26,9695.0,57786
2021-04-01 10:06:28,9695.0,57788
2021-04-01 10:06:29,9698.9,57790
2021-04-01 10:06:30,9695.0,57792
2021-04-01 10:06:31,9695.0,57792
2021-04-01 10:06:32,9695.0,57792
2021-04-01 10:06:32,9695.0,57792
2021-04-01 10:06:33,9695.0,57792
2021-04-01 10:06:35,9695.45,58012
2021-04-01 10:06:36,9703.05,58377
2021-04-01 10:06:37,9704.55,58668
2021-04-01 10:06:38,9707.25,58901
2021-04-01 10:06:38,9710.0,58949
2021-04-01 10:06:39,9707.35,58989
2021-04-01 10:06:41,9707.35,58989
2021-04-01 10:06:42,9707.35,58989
2021-04-01 10:06:43,9707.35,58989
2021-04-01 10:06:44,9710.8,59030
2021-04-01 10:06:44,9710.15,59080
2021-04-01 10:06:45,9720.0,59135
2021-04-01 10:06:47,9714.8,59161
2021-04-01 10:06:48,9720.0,59239
2021-04-01 10:06:49,9720.0,59240
2021-04-01 10:06:50,9716.75,59250
2021-04-01 10:06:50,9720.0,59240
2021-04-01 10:06:51,9716.55,59268
2021-04-01 10:06:53,9716.55,59268
2021-04-01 10:06:54,9716.55,59268
2021-04-01 10:06:55,9720.0,59269
2021-04-01 10:06:55,9716.55,59268
2021-04-01 10:06:56,9717.2,59294
2021-04-01 10:06:57,9720.0,59324
2021-04-01 10:06:59,9720.0,59324
2021-04-01 10:07:00,9720.0,59324
2021-04-01 10:07:01,9717.2,59335
2021-04-01 10:07:01,9717.2,59337
2021-04-01 10:07:02,9717.2,59337
2021-04-01 10:07:03,9717.2,59338
2021-04-01 10:07:05,9717.2,59338
2021-04-01 10:07:06,9716.4,59393
2021-04-01 10:07:07,9716.4,59393
2021-04-01 10:07:07,9716.4,59393
2021-04-01 10:07:08,9713.4,59398
2021-04-01 10:07:09,9713.4,59398
2021-04-01 10:07:11,9713.45,59399
2021-04-01 10:07:12,9713.45,59399
2021-04-01 10:07:13,9713.45,59399
2021-04-01 10:07:13,9713.45,59399
2021-04-01 10:07:14,9713.45,59399
2021-04-01 10:07:15,9713.45,59399
2021-04-01 10:07:17,9720.0,59440
2021-04-01 10:07:18,9716.55,59471
2021-04-01 10:07:19,9716.55,59471
2021-04-01 10:07:20,9716.55,59471
2021-04-01 10:07:21,9716.55,59471
2021-04-01 10:07:22,9716.2,59602
2021-04-01 10:07:23,9716.2,59602
2021-04-01 10:07:23,9716.2,59602
2021-04-01 10:07:24,9716.2,59602
2021-04-01 10:07:26,9715.95,59603
2021-04-01 10:07:27,9715.65,59610
2021-04-01 10:07:28,9715.65,59610
2021-04-01 10:07:29,9720.0,59650
2021-04-01 10:07:29,9715.65,59610
2021-04-01 10:07:30,9720.0,59650
2021-04-01 10:07:32,9720.0,59650
2021-04-01 10:07:33,9720.0,59650
2021-04-01 10:07:34,9716.05,59698
2021-04-01 10:07:34,9716.05,59698
2021-04-01 10:07:35,9716.05,59698
2021-04-01 10:07:36,9716.05,59698
2021-04-01 10:07:38,9716.05,59698
2021-04-01 10:07:39,9716.05,59698
2021-04-01 10:07:40,9720.0,59700
2021-04-01 10:07:41,9720.0,59700
2021-04-01 10:07:41,9716.55,59702
2021-04-01 10:07:42,9716.55,59702
2021-04-01 10:07:43,9716.55,59702
2021-04-01 10:07:44,9716.55,59702
2021-04-01 10:07:46,9716.55,59702
2021-04-01 10:07:47,9716.55,59703
2021-04-01 10:07:48,9716.05,59712
2021-04-01 10:07:49,9716.05,59712
2021-04-01 10:07:50,9719.0,59756
2021-04-01 10:07:50,9719.0,59753
2021-04-01 10:07:51,9719.8,59765
2021-04-01 10:07:53,9719.75,59785
2021-04-01 10:07:54,9719.6,59797
2021-04-01 10:07:55,9719.55,59803
2021-04-01 10:07:56,9719.55,59823
2021-04-01 10:07:56,9716.05,59820
2021-04-01 10:07:57,9719.55,59832
2021-04-01 10:07:58,9719.55,59838
2021-04-01 10:08:00,9719.55,59850
2021-04-01 10:08:01,9719.55,59860
2021-04-01 10:08:02,9719.6,59895
2021-04-01 10:08:03,9719.6,59895
2021-04-01 10:08:04,9719.6,59895
2021-04-01 10:08:05,9719.6,59895
2021-04-01 10:08:05,9719.6,59895
2021-04-01 10:08:06,9719.6,59895
2021-04-01 10:08:07,9719.6,59895
2021-04-01 10:08:09,9719.6,59895
2021-04-01 10:08:10,9719.6,59895
2021-04-01 10:08:11,9718.55,59897
2021-04-01 10:08:11,9718.55,59897
2021-04-01 10:08:12,9718.55,59897
2021-04-01 10:08:14,9718.55,59897
2021-04-01 10:08:15,9718.55,59897
2021-04-01 10:08:16,9718.55,59897
2021-04-01 10:08:17,9718.55,59897
2021-04-01 10:08:18,9718.55,59897
2021-04-01 10:08:19,9718.55,59897
2021-04-01 10:08:21,9715.35,59899
2021-04-01 10:08:22,9715.35,59899
2021-04-01 10:08:23,9715.35,59899
2021-04-01 10:08:24,9715.35,59899
2021-04-01 10:08:25,9715.35,59899
2021-04-01 10:08:26,9715.35,59899
2021-04-01 10:08:27,9715.35,59899
2021-04-01 10:08:29,9715.35,59899
2021-04-01 10:08:30,9715.35,59899
2021-04-01 10:08:31,9718.0,59935
2021-04-01 10:08:32,9719.9,59946
2021-04-01 10:08:33,9719.9,59946
2021-04-01 10:08:34,9719.9,59949
2021-04-01 10:08:34,9719.9,59949
2021-04-01 10:08:35,9719.9,59949
2021-04-01 10:08:36,9719.9,59949
2021-04-01 10:08:38,9719.9,59949
2021-04-01 10:08:39,9715.35,59960
2021-04-01 10:08:40,9719.15,59965
2021-04-01 10:08:41,9719.15,59965
2021-04-01 10:08:42,9719.15,59965
2021-04-01 10:08:43,9720.3,60795
2021-04-01 10:08:43,9714.35,60772
2021-04-01 10:08:44,9721.0,60804
2021-04-01 10:08:46,9728.25,62221
2021-04-01 10:08:47,9729.5,62277
2021-04-01 10:08:48,9730.0,62569
2021-04-01 10:08:49,9731.0,62608
2021-04-01 10:08:50,9732.0,62637
2021-04-01 10:08:51,9732.0,62660
2021-04-01 10:08:52,9732.0,62660
2021-04-01 10:08:53,9737.5,63262
2021-04-01 10:08:53,9734.8,62812
2021-04-01 10:08:54,9741.8,63815
2021-04-01 10:08:55,9763.25,66287
2021-04-01 10:08:57,9766.0,66528
2021-04-01 10:08:58,9768.7,66683
2021-04-01 10:08:59,9774.0,67226
2021-04-01 10:09:00,9772.0,68072
2021-04-01 10:09:00,9760.6,68013
2021-04-01 10:09:01,9766.1,68143
2021-04-01 10:09:03,9765.6,68174
2021-04-01 10:09:04,9761.3,68232
2021-04-01 10:09:05,9763.85,68424
2021-04-01 10:09:05,9770.5,68454
2021-04-01 10:09:06,9762.0,68629
2021-04-01 10:09:07,9770.0,69013
2021-04-01 10:09:09,9765.0,69071
2021-04-01 10:09:10,9764.45,69193
2021-04-01 10:09:11,9769.55,69495
2021-04-01 10:09:12,9761.9,69558
2021-04-01 10:09:13,9767.6,69633
2021-04-01 10:09:13,9767.0,69643
2021-04-01 10:09:15,9766.55,69721
2021-04-01 10:09:16,9760.75,69833
2021-04-01 10:09:17,9760.0,69925
2021-04-01 10:09:18,9759.35,69933
2021-04-01 10:09:19,9759.25,69945
2021-04-01 10:09:19,9759.25,69945
2021-04-01 10:09:20,9755.0,70059
2021-04-01 10:09:22,9758.5,70100
2021-04-01 10:09:23,9757.75,70103
2021-04-01 10:09:24,9756.85,70104
2021-04-01 10:09:25,9760.0,70429
2021-04-01 10:09:26,9759.3,70570
2021-04-01 10:09:26,9751.0,70563
2021-04-01 10:09:27,9753.0,70573
2021-04-01 10:09:29,9753.0,70573
2021-04-01 10:09:30,9753.0,70573
2021-04-01 10:09:31,9753.0,70614
2021-04-01 10:09:32,9751.0,70615
2021-04-01 10:09:33,9752.4,70616
2021-04-01 10:09:34,9751.0,70618
2021-04-01 10:09:35,9752.7,70748
2021-04-01 10:09:36,9756.95,70956
2021-04-01 10:09:37,9751.75,70972
2021-04-01 10:09:37,9751.75,70972
2021-04-01 10:09:39,9753.0,70989
2021-04-01 10:09:40,9753.0,70989
2021-04-01 10:09:41,9748.4,71058
2021-04-01 10:09:42,9753.0,71112
2021-04-01 10:09:42,9750.0,71114
2021-04-01 10:09:43,9750.0,71114
2021-04-01 10:09:45,9750.0,71114
2021-04-01 10:09:46,9750.0,71129
2021-04-01 10:09:47,9750.0,71152
2021-04-01 10:09:48,9750.0,71192
2021-04-01 10:09:48,9750.0,71192
2021-04-01 10:09:49,9750.0,71193
2021-04-01 10:09:51,9750.0,71193
2021-04-01 10:09:52,9750.0,71194
2021-04-01 10:09:53,9750.0,71221
2021-04-01 10:09:54,9750.0,71221
2021-04-01 10:09:55,9750.0,71226
2021-04-01 10:09:55,9750.0,71237
2021-04-01 10:09:56,9750.05,71263
2021-04-01 10:09:58,9752.95,71266
2021-04-01 10:09:59,9750.0,71327
2021-04-01 10:10:00,9750.0,71328
2021-04-01 10:10:01,9748.45,71479
2021-04-01 10:10:01,9748.45,71479
2021-04-01 10:10:03,9748.45,71479
2021-04-01 10:10:04,9753.0,71483
2021-04-01 10:10:05,9753.0,71483
2021-04-01 10:10:06,9750.0,71513
2021-04-01 10:10:07,9750.0,71538
2021-04-01 10:10:08,9754.95,71539
2021-04-01 10:10:09,9759.75,71830
2021-04-01 10:10:09,9759.75,71830
2021-04-01 10:10:11,9754.3,71831
2021-04-01 10:10:12,9754.3,71831
2021-04-01 10:10:13,9759.9,71835
