timestamp,ltp,volume
2021-05-10 09:31:04,771.0,1569130
2021-05-10 09:31:05,770.65,1569395
2021-05-10 09:31:06,771.0,1569921
2021-05-10 09:31:07,771.15,1571915
2021-05-10 09:31:08,770.8,1572849
2021-05-10 09:31:09,771.5,1573948
2021-05-10 09:31:10,771.65,1574732
2021-05-10 09:31:11,771.65,1574919
2021-05-10 09:31:12,771.65,1574961
2021-05-10 09:31:13,771.9,1575166
2021-05-10 09:31:14,771.55,1575362
2021-05-10 09:31:15,771.4,1575913
2021-05-10 09:31:16,771.85,1576183
2021-05-10 09:31:17,771.75,1576214
2021-05-10 09:31:18,771.55,1576429
2021-05-10 09:31:19,771.95,1576540
2021-05-10 09:31:24,771.65,1582382
2021-05-10 09:31:25,771.65,1582395
2021-05-10 09:31:26,772.05,1582414
2021-05-10 09:31:27,772.15,1582496
2021-05-10 09:31:28,772.0,1582601
2021-05-10 09:31:29,772.0,1582611
2021-05-10 09:31:31,771.9,1582750
2021-05-10 09:31:32,772.0,1583053
2021-05-10 09:31:33,772.0,1583354
2021-05-10 09:31:34,772.35,1583364
2021-05-10 09:31:35,772.05,1583416
2021-05-10 09:31:36,772.2,1584251
2021-05-10 09:31:37,772.2,1584456
2021-05-10 09:31:37,772.4,1584656
2021-05-10 09:31:38,772.2,1584779
2021-05-10 09:31:39,772.4,1584781
2021-05-10 09:31:40,772.4,1585807
2021-05-10 09:31:41,772.35,1586632
2021-05-10 09:31:42,772.3,1587355
2021-05-10 09:31:43,772.25,1587637
2021-05-10 09:31:44,772.0,1587697
2021-05-10 09:31:45,771.65,1590542
2021-05-10 09:31:46,771.55,1590738
2021-05-10 09:31:47,772.0,1592918
2021-05-10 09:31:48,772.1,1593281
2021-05-10 09:31:49,772.0,1593381
2021-05-10 09:31:50,772.0,1593411
2021-05-10 09:31:51,772.1,1593426
2021-05-10 09:31:52,772.0,1593676
2021-05-10 09:31:53,772.1,1593900
2021-05-10 09:31:54,772.1,1594198
2021-05-10 09:31:55,772.4,1594352
2021-05-10 09:31:57,772.2,1594632
2021-05-10 09:31:58,772.4,1594838
2021-05-10 09:31:59,772.45,1594843
2021-05-10 09:32:00,772.35,1596011
2021-05-10 09:32:01,772.5,1596246
2021-05-10 09:32:02,772.25,1596509
2021-05-10 09:32:03,772.05,1598023
2021-05-10 09:32:04,772.4,1598448
2021-05-10 09:32:05,772.5,1598573
2021-05-10 09:32:06,772.4,1598579
2021-05-10 09:32:07,772.25,1598605
2021-05-10 09:32:08,772.7,1599630
2021-05-10 09:32:10,772.1,1599970
2021-05-10 09:32:10,772.1,1599970
2021-05-10 09:32:11,772.4,1600475
2021-05-10 09:32:12,772.0,1600746
2021-05-10 09:32:13,772.05,1600878
2021-05-10 09:32:14,772.15,1600899
2021-05-10 09:32:16,771.45,1606180
2021-05-10 09:32:16,771.45,1606180
2021-05-10 09:32:18,771.6,1606348
2021-05-10 09:32:19,770.95,1610663
2021-05-10 09:32:20,771.05,1610770
2021-05-10 09:32:20,771.05,1610770
2021-05-10 09:32:23,770.7,1612307
2021-05-10 09:32:24,771.25,1612352
2021-05-10 09:32:24,771.25,1612462
2021-05-10 09:32:25,771.25,1612747
2021-05-10 09:32:26,771.0,1613298
2021-05-10 09:32:27,771.0,1613433
2021-05-10 09:32:28,770.9,1619213
2021-05-10 09:32:29,771.15,1619313
2021-05-10 09:32:30,770.85,1619673
2021-05-10 09:32:31,771.0,1619742
2021-05-10 09:32:32,770.9,1619760
2021-05-10 09:32:33,770.85,1620212
2021-05-10 09:32:34,770.85,1620261
2021-05-10 09:32:35,770.85,1620739
2021-05-10 09:32:36,770.85,1620744
2021-05-10 09:32:38,770.65,1621149
2021-05-10 09:32:39,770.7,1621670
2021-05-10 09:32:40,770.7,1621899
2021-05-10 09:32:46,770.15,1626812
2021-05-10 09:32:47,770.55,1627426
2021-05-10 09:32:49,770.0,1631003
2021-05-10 09:32:50,769.85,1640182
2021-05-10 09:32:51,769.55,1640721
2021-05-10 09:32:52,769.8,1641394
2021-05-10 09:32:53,769.8,1644348
2021-05-10 09:32:54,769.5,1647170
2021-05-10 09:32:55,769.4,1649201
2021-05-10 09:32:56,769.0,1651705
2021-05-10 09:32:57,769.05,1653353
2021-05-10 09:32:58,769.4,1654103
2021-05-10 09:32:59,769.0,1654992
2021-05-10 09:33:00,769.25,1661373
2021-05-10 09:33:02,769.0,1661749
2021-05-10 09:33:03,769.5,1663689
2021-05-10 09:33:05,769.5,1664342
2021-05-10 09:33:05,769.4,1664378
2021-05-10 09:33:06,769.8,1665847
2021-05-10 09:33:07,769.55,1667556
2021-05-10 09:33:08,769.35,1667633
2021-05-10 09:33:10,769.5,1668018
2021-05-10 09:33:11,769.55,1669048
2021-05-10 09:33:13,770.7,1676427
2021-05-10 09:33:14,770.75,1676456
2021-05-10 09:33:16,770.45,1676947
2021-05-10 09:33:17,770.8,1676973
2021-05-10 09:33:18,770.7,1677219
2021-05-10 09:33:21,770.75,1678517
2021-05-10 09:33:22,770.8,1679783
2021-05-10 09:33:22,770.65,1679959
2021-05-10 09:33:23,771.0,1679979
2021-05-10 09:33:26,771.0,1680463
2021-05-10 09:33:26,771.05,1680774
2021-05-10 09:33:29,770.4,1686682
2021-05-10 09:33:31,770.55,1686922
2021-05-10 09:33:31,770.1,1686977
2021-05-10 09:33:32,770.1,1687047
2021-05-10 09:33:33,770.2,1687670
2021-05-10 09:33:34,770.5,1689912
2021-05-10 09:33:35,770.55,1689993
2021-05-10 09:33:36,770.15,1690300
2021-05-10 09:33:37,770.45,1690872
2021-05-10 09:33:38,769.9,1692803
2021-05-10 09:33:39,769.5,1693434
2021-05-10 09:33:40,769.25,1695134
2021-05-10 09:33:41,769.4,1697276
2021-05-10 09:33:42,769.5,1697758
2021-05-10 09:33:43,769.6,1698826
2021-05-10 09:33:44,769.55,1699664
2021-05-10 09:33:45,769.4,1699785
2021-05-10 09:33:46,769.35,1700165
2021-05-10 09:33:47,769.0,1708899
2021-05-10 09:33:48,768.3,1714413
2021-05-10 09:33:49,768.65,1715579
2021-05-10 09:33:50,768.55,1716424
2021-05-10 09:33:51,769.0,1717185
2021-05-10 09:33:52,768.8,1718703
2021-05-10 09:33:53,768.75,1720331
2021-05-10 09:33:54,769.05,1720916
2021-05-10 09:33:56,770.0,1727521
2021-05-10 09:33:57,769.95,1728035
2021-05-10 09:33:57,769.6,1728051
2021-05-10 09:33:58,769.55,1728132
2021-05-10 09:33:59,769.55,1728426
2021-05-10 09:34:00,769.8,1729243
2021-05-10 09:34:01,769.75,1729455
2021-05-10 09:34:02,769.7,1729891
2021-05-10 09:34:03,769.0,1730171
2021-05-10 09:34:04,769.3,1730407
2021-05-10 09:34:06,769.3,1730487
2021-05-10 09:34:06,769.25,1730530
2021-05-10 09:34:07,769.3,1730798
2021-05-10 09:34:08,769.3,1730823
2021-05-10 09:34:09,769.35,1731497
2021-05-10 09:34:10,769.05,1731619
2021-05-10 09:34:11,769.3,1732361
2021-05-10 09:34:12,769.5,1732472
2021-05-10 09:34:14,769.3,1732547
2021-05-10 09:34:15,769.3,1732787
2021-05-10 09:34:16,769.3,1733024
2021-05-10 09:34:17,769.85,1734859
2021-05-10 09:34:18,769.3,1735004
2021-05-10 09:34:19,769.25,1735760
2021-05-10 09:34:20,769.25,1736592
2021-05-10 09:34:20,768.95,1736651
2021-05-10 09:34:21,769.45,1741676
2021-05-10 09:34:22,769.75,1741806
2021-05-10 09:34:23,769.4,1741970
2021-05-10 09:34:24,769.3,1741974
2021-05-10 09:34:25,769.1,1742044
2021-05-10 09:34:26,769.45,1742844
2021-05-10 09:34:27,769.4,1743001
2021-05-10 09:34:28,769.0,1743511
2021-05-10 09:34:29,769.15,1744957
2021-05-10 09:34:30,768.8,1745147
2021-05-10 09:34:31,769.0,1745619
2021-05-10 09:34:32,769.0,1746358
2021-05-10 09:34:33,769.45,1746399
2021-05-10 09:34:34,769.1,1748967
2021-05-10 09:34:35,769.45,1750369
2021-05-10 09:34:36,769.4,1750753
2021-05-10 09:34:37,769.4,1750784
2021-05-10 09:34:38,769.4,1751087
2021-05-10 09:34:39,769.15,1751233
2021-05-10 09:34:40,769.1,1751400
2021-05-10 09:34:41,769.0,1751631
2021-05-10 09:34:42,769.0,1751900
2021-05-10 09:34:43,769.0,1751933
2021-05-10 09:34:44,769.45,1752583
2021-05-10 09:34:45,769.4,1752783
2021-05-10 09:34:46,769.0,1752954
2021-05-10 09:34:47,769.55,1757483
2021-05-10 09:34:48,769.8,1757949
2021-05-10 09:34:49,769.45,1759277
2021-05-10 09:34:50,769.8,1759723
2021-05-10 09:34:51,769.75,1760891
2021-05-10 09:34:52,769.75,1760891
2021-05-10 09:34:53,769.35,1760922
2021-05-10 09:34:55,769.1,1761123
2021-05-10 09:34:56,769.35,1761330
2021-05-10 09:34:57,769.4,1761716
2021-05-10 09:34:58,768.65,1771227
2021-05-10 09:34:58,769.0,1774698
2021-05-10 09:35:00,769.1,1776299
2021-05-10 09:35:01,769.0,1780746
2021-05-10 09:35:02,769.3,1781050
2021-05-10 09:35:03,769.4,1781148
2021-05-10 09:35:05,768.8,1782488
2021-05-10 09:35:05,769.25,1782489
2021-05-10 09:35:06,768.8,1782745
2021-05-10 09:35:07,768.8,1782912
2021-05-10 09:35:08,768.5,1784443
2021-05-10 09:35:09,768.5,1786462
2021-05-10 09:35:10,768.55,1786916
2021-05-10 09:35:11,768.05,1801854
2021-05-10 09:35:12,768.05,1802128
2021-05-10 09:35:13,768.0,1803379
2021-05-10 09:35:14,768.1,1804486
2021-05-10 09:35:15,768.05,1804822
2021-05-10 09:35:16,768.35,1805738
2021-05-10 09:35:17,768.15,1806427
2021-05-10 09:35:18,768.15,1806779
2021-05-10 09:35:19,768.1,1806805
2021-05-10 09:35:20,768.1,1809488
2021-05-10 09:35:21,768.1,1809598
2021-05-10 09:35:22,768.55,1812256
2021-05-10 09:35:23,768.1,1812390
2021-05-10 09:35:25,768.2,1812435
2021-05-10 09:35:26,768.15,1812821
2021-05-10 09:35:27,768.4,1812937
2021-05-10 09:35:28,768.5,1813406
2021-05-10 09:35:29,769.1,1824212
2021-05-10 09:35:30,769.1,1824373
2021-05-10 09:35:31,769.05,1824575
2021-05-10 09:35:33,769.0,1825975
2021-05-10 09:35:33,769.0,1825975
2021-05-10 09:35:34,768.65,1826522
2021-05-10 09:35:35,768.45,1828123
2021-05-10 09:35:36,768.4,1828483
2021-05-10 09:35:38,768.2,1828583
2021-05-10 09:35:39,768.65,1828707
2021-05-10 09:35:40,768.35,1829230
2021-05-10 09:35:41,768.9,1830199
2021-05-10 09:35:42,768.6,1830227
2021-05-10 09:35:42,768.95,1830332
2021-05-10 09:35:43,768.9,1830896
2021-05-10 09:35:44,768.3,1832852
2021-05-10 09:35:45,768.5,1832872
2021-05-10 09:35:46,768.85,1833084
2021-05-10 09:35:47,768.9,1833149
2021-05-10 09:35:48,768.6,1833721
2021-05-10 09:35:49,768.65,1834120
2021-05-10 09:35:50,768.65,1834448
2021-05-10 09:35:51,769.0,1834636
2021-05-10 09:35:52,768.9,1835216
2021-05-10 09:35:53,768.5,1835545
2021-05-10 09:35:55,768.85,1836292
2021-05-10 09:35:56,768.65,1836462
2021-05-10 09:35:57,769.0,1836629
2021-05-10 09:35:58,768.65,1836842
2021-05-10 09:35:58,769.3,1845516
2021-05-10 09:35:59,768.85,1848317
2021-05-10 09:36:01,769.15,1853419
2021-05-10 09:36:03,769.5,1853768
2021-05-10 09:36:04,769.5,1853768
2021-05-10 09:36:05,769.5,1854034
2021-05-10 09:36:06,769.5,1854091
2021-05-10 09:36:06,769.5,1854201
2021-05-10 09:36:07,769.2,1855439
2021-05-10 09:36:09,769.45,1857820
2021-05-10 09:36:10,769.5,1857870
2021-05-10 09:36:11,769.7,1858435
2021-05-10 09:36:12,769.75,1858640
2021-05-10 09:36:13,769.7,1859922
2021-05-10 09:36:14,769.5,1860420
2021-05-10 09:36:15,769.5,1860528
2021-05-10 09:36:16,769.65,1860774
2021-05-10 09:36:17,770.0,1861725
2021-05-10 09:36:18,770.0,1862462
2021-05-10 09:36:19,769.7,1862766
2021-05-10 09:36:21,770.0,1866569
2021-05-10 09:36:22,769.9,1868835
2021-05-10 09:36:22,770.0,1868890
2021-05-10 09:36:24,770.35,1872221
2021-05-10 09:36:25,770.35,1872231
2021-05-10 09:36:25,770.35,1872231
2021-05-10 09:36:26,770.4,1872712
2021-05-10 09:36:27,770.25,1873562
2021-05-10 09:36:28,770.35,1873891
2021-05-10 09:36:29,770.5,1874193
2021-05-10 09:36:30,770.5,1874777
2021-05-10 09:36:31,770.35,1876093
2021-05-10 09:36:32,770.45,1876131
2021-05-10 09:36:33,770.7,1876563
2021-05-10 09:36:34,770.45,1878833
2021-05-10 09:36:35,771.0,1879105
2021-05-10 09:36:36,771.0,1879276
2021-05-10 09:36:37,770.7,1879517
2021-05-10 09:36:38,770.7,1879687
2021-05-10 09:36:40,770.5,1882713
2021-05-10 09:36:41,770.55,1884147
2021-05-10 09:36:42,770.9,1884175
2021-05-10 09:36:43,770.6,1884478
2021-05-10 09:36:44,771.0,1886868
2021-05-10 09:36:45,771.0,1886907
2021-05-10 09:36:46,770.9,1887070
2021-05-10 09:36:47,771.0,1887735
2021-05-10 09:36:48,770.7,1888050
2021-05-10 09:36:49,771.0,1888372
2021-05-10 09:36:50,771.0,1889688
2021-05-10 09:36:51,771.15,1895017
2021-05-10 09:36:52,771.4,1895338
2021-05-10 09:36:53,771.5,1895438
2021-05-10 09:36:54,771.5,1895484
2021-05-10 09:36:55,771.4,1895716
2021-05-10 09:36:56,771.5,1896997
2021-05-10 09:36:57,771.5,1897734
2021-05-10 09:36:58,771.3,1898049
2021-05-10 09:36:59,771.1,1898334
2021-05-10 09:37:00,771.1,1898977
2021-05-10 09:37:00,771.1,1898977
2021-05-10 09:37:01,771.1,1900226
2021-05-10 09:37:02,771.1,1900719
2021-05-10 09:37:04,771.35,1900980
2021-05-10 09:37:05,771.35,1901632
2021-05-10 09:37:05,770.7,1904123
2021-05-10 09:37:07,770.7,1905240
2021-05-10 09:37:08,770.7,1906840
2021-05-10 09:37:09,770.65,1907266
2021-05-10 09:37:10,770.5,1907336
2021-05-10 09:37:11,770.7,1907511
2021-05-10 09:37:12,770.95,1909667
2021-05-10 09:37:13,770.85,1910339
2021-05-10 09:37:14,771.5,1911327
2021-05-10 09:37:15,771.05,1911402
2021-05-10 09:37:16,771.3,1911409
2021-05-10 09:37:17,771.4,1911434
2021-05-10 09:37:18,771.4,1911438
2021-05-10 09:37:19,771.5,1912018
2021-05-10 09:37:20,771.2,1912058
2021-05-10 09:37:20,771.05,1913663
2021-05-10 09:37:22,771.1,1913875
2021-05-10 09:37:23,771.25,1913962
2021-05-10 09:37:24,771.2,1914419
2021-05-10 09:37:25,771.3,1915835
2021-05-10 09:37:26,771.3,1915977
2021-05-10 09:37:27,771.3,1916447
2021-05-10 09:37:28,771.3,1917522
2021-05-10 09:37:28,771.3,1917522
2021-05-10 09:37:30,771.4,1917876
2021-05-10 09:37:31,771.3,1918556
2021-05-10 09:37:32,771.2,1918761
2021-05-10 09:37:33,771.2,1919775
2021-05-10 09:37:33,771.2,1919854
2021-05-10 09:37:34,771.2,1919990
2021-05-10 09:37:35,770.3,1934742
2021-05-10 09:37:37,770.4,1935569
2021-05-10 09:37:38,770.4,1936194
2021-05-10 09:37:39,770.3,1936514
2021-05-10 09:37:40,770.3,1936695
2021-05-10 09:37:41,770.3,1936836
2021-05-10 09:37:42,770.05,1937141
2021-05-10 09:37:43,770.3,1937248
2021-05-10 09:37:44,770.0,1938281
2021-05-10 09:37:45,770.3,1938552
2021-05-10 09:37:46,770.3,1938766
2021-05-10 09:37:47,770.3,1940542
2021-05-10 09:37:48,770.65,1941405
2021-05-10 09:37:49,771.0,1941684
2021-05-10 09:37:50,770.55,1941984
2021-05-10 09:37:51,770.7,1942215
2021-05-10 09:37:53,771.2,1943809
2021-05-10 09:37:52,771.0,1943559
2021-05-10 09:37:54,771.0,1944039
2021-05-10 09:37:55,771.0,1944099
2021-05-10 09:37:56,771.2,1945114
2021-05-10 09:37:59,771.1,1945454
2021-05-10 09:37:59,771.1,1945454
2021-05-10 09:38:01,771.3,1945655
2021-05-10 09:38:02,771.1,1945658
2021-05-10 09:38:03,771.3,1945733
2021-05-10 09:38:04,771.3,1945749
2021-05-10 09:38:05,771.3,1945751
2021-05-10 09:38:06,772.2,1968513
2021-05-10 09:38:07,772.2,1968593
2021-05-10 09:38:08,771.85,1968952
2021-05-10 09:38:09,771.6,1969075
2021-05-10 09:38:10,771.9,1969077
2021-05-10 09:38:11,771.6,1969221
2021-05-10 09:38:12,771.45,1969229
2021-05-10 09:38:13,771.45,1969229
2021-05-10 09:38:13,771.5,1969239
2021-05-10 09:38:15,771.9,1970780
2021-05-10 09:38:16,772.0,1970789
2021-05-10 09:38:17,772.0,1970789
2021-05-10 09:38:18,771.9,1970876
2021-05-10 09:38:19,771.9,1972918
2021-05-10 09:38:20,772.0,1974655
2021-05-10 09:38:21,771.65,1974823
2021-05-10 09:38:22,772.0,1974956
2021-05-10 09:38:23,771.8,1975112
2021-05-10 09:38:25,771.75,1975872
2021-05-10 09:38:26,772.4,1977503
2021-05-10 09:38:26,772.45,1978043
2021-05-10 09:38:28,772.45,1978723
2021-05-10 09:38:29,772.1,1978771
2021-05-10 09:38:30,771.5,1979521
2021-05-10 09:38:31,771.65,1979591
2021-05-10 09:38:31,771.65,1980331
2021-05-10 09:38:33,771.8,1981073
2021-05-10 09:38:34,771.75,1981175
2021-05-10 09:38:35,771.95,1984334
2021-05-10 09:38:35,772.2,1984122
2021-05-10 09:38:38,772.0,1984690
2021-05-10 09:38:39,772.0,1985047
2021-05-10 09:38:40,771.75,1985198
2021-05-10 09:38:40,771.75,1985198
2021-05-10 09:38:41,771.45,1985822
2021-05-10 09:38:43,771.8,1986699
2021-05-10 09:38:44,771.95,1986822
2021-05-10 09:38:45,772.0,1987323
2021-05-10 09:38:46,772.0,1987879
2021-05-10 09:38:47,772.0,1988252
2021-05-10 09:38:48,772.0,1988377
2021-05-10 09:38:49,772.05,1990560
2021-05-10 09:38:50,772.75,1999440
2021-05-10 09:38:51,772.9,1999960
2021-05-10 09:38:51,772.9,1999960
2021-05-10 09:38:52,772.8,2001338
2021-05-10 09:38:54,772.65,2001478
2021-05-10 09:38:55,772.65,2001506
2021-05-10 09:38:56,772.5,2002528
2021-05-10 09:38:57,772.6,2003378
2021-05-10 09:38:57,772.9,2003384
2021-05-10 09:38:58,772.95,2017584
2021-05-10 09:38:59,772.5,2018586
2021-05-10 09:39:00,772.3,2019126
2021-05-10 09:39:01,772.6,2019842
2021-05-10 09:39:02,772.75,2019897
2021-05-10 09:39:04,773.0,2020588
2021-05-10 09:39:05,772.6,2021153
2021-05-10 09:39:06,772.8,2021372
2021-05-10 09:39:07,772.6,2022257
2021-05-10 09:39:08,772.6,2022257
2021-05-10 09:39:09,772.8,2022307
2021-05-10 09:39:10,773.25,2027310
2021-05-10 09:39:11,773.0,2027395
2021-05-10 09:39:12,773.0,2027450
2021-05-10 09:39:13,773.35,2028062
2021-05-10 09:39:14,773.4,2029761
2021-05-10 09:39:15,772.55,2031316
2021-05-10 09:39:16,772.55,2031621
2021-05-10 09:39:17,772.55,2032315
2021-05-10 09:39:18,772.65,2033228
2021-05-10 09:39:19,772.8,2033721
2021-05-10 09:39:20,772.55,2033970
2021-05-10 09:39:21,772.5,2034141
2021-05-10 09:39:22,772.55,2034343
2021-05-10 09:39:23,772.35,2034494
2021-05-10 09:39:24,772.55,2035294
2021-05-10 09:39:25,772.9,2035326
2021-05-10 09:39:26,772.95,2035513
2021-05-10 09:39:27,772.9,2035558
2021-05-10 09:39:28,773.0,2035605
2021-05-10 09:39:29,773.0,2037378
2021-05-10 09:39:30,772.9,2037406
2021-05-10 09:39:31,773.15,2037521
2021-05-10 09:39:33,772.7,2037968
2021-05-10 09:39:32,772.7,2037968
2021-05-10 09:39:34,773.05,2038083
2021-05-10 09:39:35,772.65,2038414
2021-05-10 09:39:36,772.95,2039195
2021-05-10 09:39:37,772.85,2039246
2021-05-10 09:39:38,773.0,2041266
2021-05-10 09:39:39,773.0,2041501
2021-05-10 09:39:40,772.9,2041873
2021-05-10 09:39:41,773.0,2042190
2021-05-10 09:39:42,772.7,2042494
2021-05-10 09:39:43,773.0,2042752
2021-05-10 09:39:44,773.0,2042752
2021-05-10 09:39:45,773.0,2042877
2021-05-10 09:39:46,772.7,2042925
2021-05-10 09:39:47,773.05,2043265
2021-05-10 09:39:48,773.05,2043477
2021-05-10 09:39:49,772.65,2044290
2021-05-10 09:39:50,773.0,2044428
2021-05-10 09:39:51,772.65,2044504
2021-05-10 09:39:53,772.7,2044670
2021-05-10 09:39:52,772.7,2044670
2021-05-10 09:39:54,772.75,2046801
2021-05-10 09:39:55,772.75,2046801
2021-05-10 09:39:56,772.85,2047383
2021-05-10 09:39:57,772.6,2047440
2021-05-10 09:39:58,772.65,2048407
2021-05-10 09:39:59,772.65,2048814
2021-05-10 09:40:00,772.65,2049274
2021-05-10 09:40:01,772.35,2049598
2021-05-10 09:40:02,772.3,2049698
2021-05-10 09:40:03,773.0,2050199
2021-05-10 09:40:04,773.0,2050199
2021-05-10 09:40:05,772.65,2050250
2021-05-10 09:40:06,772.75,2051245
2021-05-10 09:40:07,772.35,2051599
2021-05-10 09:40:08,772.45,2052140
2021-05-10 09:40:09,772.45,2052774
2021-05-10 09:40:10,772.3,2052775
2021-05-10 09:40:11,772.45,2052840
2021-05-10 09:40:12,772.45,2052873
2021-05-10 09:40:13,772.7,2053058
2021-05-10 09:40:14,772.45,2053079
2021-05-10 09:40:15,772.8,2054142
2021-05-10 09:40:16,772.8,2054242
2021-05-10 09:40:17,772.6,2054659
2021-05-10 09:40:18,773.0,2055290
2021-05-10 09:40:19,773.0,2055330
2021-05-10 09:40:20,773.0,2055330
2021-05-10 09:40:21,772.6,2055783
2021-05-10 09:40:22,772.6,2055783
2021-05-10 09:40:23,773.0,2056446
2021-05-10 09:40:24,772.45,2056453
2021-05-10 09:40:25,772.8,2056579
2021-05-10 09:40:26,772.8,2056681
2021-05-10 09:40:27,772.9,2057314
2021-05-10 09:40:28,772.95,2057377
2021-05-10 09:40:29,772.6,2058878
2021-05-10 09:40:30,772.9,2058998
2021-05-10 09:40:31,772.55,2059352
2021-05-10 09:40:32,772.95,2060046
2021-05-10 09:40:33,772.95,2060047
2021-05-10 09:40:34,772.95,2060164
2021-05-10 09:40:35,772.95,2060299
2021-05-10 09:40:36,772.95,2060362
2021-05-10 09:40:37,772.6,2061475
2021-05-10 09:40:38,773.0,2061875
2021-05-10 09:40:39,773.0,2061946
2021-05-10 09:40:40,772.5,2062962
2021-05-10 09:40:41,772.9,2063234
2021-05-10 09:40:42,772.9,2063305
2021-05-10 09:40:43,772.9,2063567
2021-05-10 09:40:44,772.9,2063569
2021-05-10 09:40:45,772.95,2063669
2021-05-10 09:40:46,773.0,2063801
2021-05-10 09:40:47,773.0,2063801
2021-05-10 09:40:48,772.85,2063851
2021-05-10 09:40:49,772.85,2063851
2021-05-10 09:40:50,773.0,2065472
2021-05-10 09:40:51,772.9,2065961
2021-05-10 09:40:52,772.8,2065964
2021-05-10 09:40:53,772.9,2065993
2021-05-10 09:40:54,772.8,2066150
2021-05-10 09:40:55,772.8,2066211
2021-05-10 09:40:56,772.9,2066561
2021-05-10 09:40:57,773.0,2070618
2021-05-10 09:40:58,773.0,2070718
2021-05-10 09:40:59,772.65,2070932
2021-05-10 09:41:00,772.9,2071042
2021-05-10 09:41:01,772.65,2071314
2021-05-10 09:41:02,773.0,2071492
2021-05-10 09:41:03,773.0,2071752
2021-05-10 09:41:04,772.65,2072462
2021-05-10 09:41:05,772.65,2072565
2021-05-10 09:41:06,772.7,2072877
2021-05-10 09:41:07,772.7,2072877
2021-05-10 09:41:08,772.7,2072902
2021-05-10 09:41:09,772.65,2073222
2021-05-10 09:41:10,773.0,2073240
2021-05-10 09:41:11,772.65,2073277
2021-05-10 09:41:12,772.65,2073300
2021-05-10 09:41:13,772.65,2073325
2021-05-10 09:41:14,772.95,2073385
2021-05-10 09:41:15,772.95,2073385
2021-05-10 09:41:16,773.0,2073616
2021-05-10 09:41:17,773.0,2073818
2021-05-10 09:41:18,772.95,2074269
2021-05-10 09:41:19,772.65,2074569
2021-05-10 09:41:20,772.65,2077211
2021-05-10 09:41:23,773.0,2077317
2021-05-10 09:41:23,773.0,2077317
2021-05-10 09:41:24,773.0,2077417
2021-05-10 09:41:25,772.95,2077520
2021-05-10 09:41:26,772.65,2077990
2021-05-10 09:41:27,772.8,2077999
2021-05-10 09:41:29,772.95,2078600
2021-05-10 09:41:29,772.95,2078602
2021-05-10 09:41:31,773.0,2079160
2021-05-10 09:41:31,773.0,2079160
2021-05-10 09:41:32,773.0,2079945
2021-05-10 09:41:33,773.45,2102589
2021-05-10 09:41:34,773.45,2102609
2021-05-10 09:41:35,773.25,2102659
2021-05-10 09:41:36,773.45,2102910
2021-05-10 09:41:37,773.45,2103029
2021-05-10 09:41:39,773.45,2103821
2021-05-10 09:41:40,773.45,2104183
2021-05-10 09:41:40,773.2,2104083
2021-05-10 09:41:41,773.45,2104383
2021-05-10 09:41:42,773.1,2104988
2021-05-10 09:41:43,773.1,2105289
2021-05-10 09:41:44,773.25,2105399
2021-05-10 09:41:46,773.45,2105612
2021-05-10 09:41:47,773.45,2107177
2021-05-10 09:41:48,773.25,2108736
2021-05-10 09:41:49,773.25,2108839
2021-05-10 09:41:51,773.1,2109211
2021-05-10 09:41:51,773.25,2109238
2021-05-10 09:41:52,773.2,2109358
2021-05-10 09:41:53,773.0,2109494
2021-05-10 09:41:54,773.25,2109720
2021-05-10 09:41:55,773.0,2112571
2021-05-10 09:41:56,773.0,2113139
2021-05-10 09:41:57,773.0,2114037
2021-05-10 09:41:58,773.15,2114306
2021-05-10 09:42:00,773.35,2114342
2021-05-10 09:42:00,773.15,2114341
2021-05-10 09:42:02,773.05,2114648
2021-05-10 09:42:02,773.05,2114648
2021-05-10 09:42:03,773.4,2114829
2021-05-10 09:42:05,773.4,2116080
2021-05-10 09:42:06,773.35,2116837
2021-05-10 09:42:06,773.0,2116835
2021-05-10 09:42:08,773.5,2121052
2021-05-10 09:42:09,773.45,2121102
2021-05-10 09:42:10,773.15,2121152
2021-05-10 09:42:11,773.45,2122535
2021-05-10 09:42:12,773.4,2122592
2021-05-10 09:42:13,773.45,2122698
2021-05-10 09:42:14,773.4,2122822
2021-05-10 09:42:16,773.5,2122910
2021-05-10 09:42:16,773.5,2122910
2021-05-10 09:42:18,773.5,2125163
2021-05-10 09:42:19,773.2,2125440
2021-05-10 09:42:20,773.5,2126197
2021-05-10 09:42:22,773.15,2130321
2021-05-10 09:42:22,773.15,2130405
2021-05-10 09:42:23,772.95,2130459
2021-05-10 09:42:24,772.95,2130459
2021-05-10 09:42:25,773.0,2132363
2021-05-10 09:42:26,773.0,2132363
2021-05-10 09:42:27,772.65,2132405
2021-05-10 09:42:28,773.0,2132440
2021-05-10 09:42:29,773.0,2132443
2021-05-10 09:42:30,772.55,2134563
2021-05-10 09:42:31,772.5,2134963
2021-05-10 09:42:32,772.6,2137722
2021-05-10 09:42:33,772.6,2137778
2021-05-10 09:42:35,772.5,2137783
2021-05-10 09:42:36,772.5,2137833
2021-05-10 09:42:36,772.2,2138121
2021-05-10 09:42:37,772.25,2138498
2021-05-10 09:42:38,771.85,2150979
2021-05-10 09:42:39,771.95,2151183
2021-05-10 09:42:40,771.95,2151283
2021-05-10 09:42:42,772.0,2151298
2021-05-10 09:42:44,772.0,2151298
2021-05-10 09:42:45,771.8,2151628
2021-05-10 09:42:45,771.8,2151628
2021-05-10 09:42:46,771.8,2151639
2021-05-10 09:42:47,771.8,2151639
2021-05-10 09:42:48,771.8,2151649
2021-05-10 09:42:49,771.85,2152207
2021-05-10 09:42:51,771.45,2156216
2021-05-10 09:42:52,771.45,2157216
2021-05-10 09:42:53,771.15,2157316
2021-05-10 09:42:53,771.1,2158416
2021-05-10 09:42:54,771.4,2158501
2021-05-10 09:42:55,771.1,2159261
2021-05-10 09:42:56,771.1,2159261
2021-05-10 09:42:57,771.1,2164933
2021-05-10 09:42:58,771.15,2166232
2021-05-10 09:42:59,771.0,2178266
2021-05-10 09:43:00,770.8,2178971
2021-05-10 09:43:02,771.0,2179711
2021-05-10 09:43:03,770.7,2180393
2021-05-10 09:43:04,770.65,2181109
2021-05-10 09:43:04,770.65,2181109
2021-05-10 09:43:05,770.95,2181134
2021-05-10 09:43:06,770.6,2181244
2021-05-10 09:43:07,770.9,2181651
2021-05-10 09:43:08,770.6,2181741
2021-05-10 09:43:09,770.65,2182583
2021-05-10 09:43:10,770.5,2182624
2021-05-10 09:43:11,770.5,2183225
2021-05-10 09:43:12,770.65,2183732
2021-05-10 09:43:14,770.65,2183861
2021-05-10 09:43:14,770.75,2183914
2021-05-10 09:43:15,770.65,2184084
2021-05-10 09:43:16,770.65,2184341
2021-05-10 09:43:17,770.65,2184344
2021-05-10 09:43:19,770.65,2184344
2021-05-10 09:43:19,771.0,2184414
2021-05-10 09:43:20,771.0,2184632
2021-05-10 09:43:22,770.7,2184657
2021-05-10 09:43:23,770.7,2184863
2021-05-10 09:43:24,770.95,2184878
2021-05-10 09:43:25,770.75,2185173
2021-05-10 09:43:26,771.0,2185243
2021-05-10 09:43:27,771.0,2185243
2021-05-10 09:43:28,771.0,2185379
2021-05-10 09:43:29,771.0,2185390
2021-05-10 09:43:30,771.0,2185390
2021-05-10 09:43:31,771.0,2185401
2021-05-10 09:43:32,771.0,2185551
2021-05-10 09:43:32,771.0,2185551
2021-05-10 09:43:33,771.0,2185851
2021-05-10 09:43:34,770.8,2186319
2021-05-10 09:43:35,771.0,2186359
2021-05-10 09:43:36,771.0,2186359
2021-05-10 09:43:37,770.8,2186398
2021-05-10 09:43:38,770.8,2186398
2021-05-10 09:43:39,771.0,2186403
2021-05-10 09:43:40,770.8,2186487
2021-05-10 09:43:41,770.8,2186487
2021-05-10 09:43:42,771.0,2186757
2021-05-10 09:43:43,771.0,2186829
2021-05-10 09:43:44,771.0,2186930
2021-05-10 09:43:45,771.0,2186930
2021-05-10 09:43:46,770.8,2186986
2021-05-10 09:43:47,771.0,2187873
2021-05-10 09:43:48,770.8,2188526
2021-05-10 09:43:50,770.8,2188714
2021-05-10 09:43:51,770.8,2188793
2021-05-10 09:43:52,771.0,2188809
2021-05-10 09:43:54,771.0,2188827
2021-05-10 09:43:55,771.0,2188930
2021-05-10 09:43:56,770.8,2189290
2021-05-10 09:43:57,770.75,2189627
2021-05-10 09:43:58,771.0,2189700
2021-05-10 09:43:59,770.7,2189870
2021-05-10 09:44:00,770.65,2191224
2021-05-10 09:44:01,771.0,2192447
2021-05-10 09:44:02,770.8,2192452
2021-05-10 09:44:03,771.0,2192852
2021-05-10 09:44:04,770.65,2194088
2021-05-10 09:44:05,770.55,2194245
2021-05-10 09:44:06,770.65,2194296
2021-05-10 09:44:06,770.65,2194296
2021-05-10 09:44:07,770.65,2194296
2021-05-10 09:44:08,770.75,2194435
2021-05-10 09:44:09,770.45,2202437
2021-05-10 09:44:11,770.5,2203707
2021-05-10 09:44:12,770.5,2203708
2021-05-10 09:44:14,770.4,2203971
2021-05-10 09:44:15,770.4,2204013
2021-05-10 09:44:16,770.45,2204143
2021-05-10 09:44:17,770.35,2204243
2021-05-10 09:44:18,770.35,2204367
2021-05-10 09:44:19,770.4,2204730
2021-05-10 09:44:20,770.1,2205530
2021-05-10 09:44:20,770.05,2205562
2021-05-10 09:44:21,770.05,2205602
2021-05-10 09:44:22,770.35,2205677
2021-05-10 09:44:23,770.15,2205827
2021-05-10 09:44:25,770.05,2206492
2021-05-10 09:44:25,770.45,2206597
2021-05-10 09:44:26,770.0,2207927
2021-05-10 09:44:28,770.45,2209433
2021-05-10 09:44:28,770.15,2209439
2021-05-10 09:44:29,770.15,2209539
2021-05-10 09:44:30,770.1,2214103
2021-05-10 09:44:32,770.1,2214632
2021-05-10 09:44:33,770.15,2214637
2021-05-10 09:44:34,770.55,2214889
2021-05-10 09:44:34,770.3,2215244
2021-05-10 09:44:36,770.3,2215345
2021-05-10 09:44:36,770.3,2215405
2021-05-10 09:44:38,770.65,2215486
2021-05-10 09:44:38,770.3,2215514
2021-05-10 09:44:40,770.3,2215626
2021-05-10 09:44:41,770.45,2215878
2021-05-10 09:44:42,770.45,2215878
2021-05-10 09:44:42,770.45,2215923
2021-05-10 09:44:44,770.7,2218549
2021-05-10 09:44:45,770.8,2218668
2021-05-10 09:44:45,770.8,2218568
2021-05-10 09:44:46,770.5,2218868
2021-05-10 09:44:47,770.5,2219249
2021-05-10 09:44:48,770.9,2219254
2021-05-10 09:44:49,770.55,2219263
2021-05-10 09:44:50,770.9,2219265
2021-05-10 09:44:51,771.2,2228921
2021-05-10 09:44:52,771.45,2229534
2021-05-10 09:44:54,771.65,2229536
2021-05-10 09:44:55,771.65,2229536
2021-05-10 09:44:56,771.45,2230345
2021-05-10 09:44:56,771.75,2230340
2021-05-10 09:44:57,771.45,2230418
2021-05-10 09:44:58,771.75,2230474
2021-05-10 09:45:00,771.55,2230524
2021-05-10 09:45:00,771.3,2231524
2021-05-10 09:45:01,771.45,2231595
2021-05-10 09:45:02,771.5,2231635
2021-05-10 09:45:04,771.75,2231667
2021-05-10 09:45:05,771.75,2231667
2021-05-10 09:45:06,771.3,2231708
2021-05-10 09:45:07,771.25,2232008
2021-05-10 09:45:07,771.25,2232008
2021-05-10 09:45:09,771.8,2232084
2021-05-10 09:45:10,771.8,2232084
2021-05-10 09:45:11,771.6,2232205
2021-05-10 09:45:11,771.6,2232205
2021-05-10 09:45:13,771.8,2232215
2021-05-10 09:45:14,771.8,2232492
2021-05-10 09:45:14,771.8,2232492
2021-05-10 09:45:15,771.5,2232772
2021-05-10 09:45:16,771.65,2232972
2021-05-10 09:45:17,771.8,2233027
2021-05-10 09:45:18,771.6,2233121
2021-05-10 09:45:19,771.8,2233348
2021-05-10 09:45:20,771.5,2233349
2021-05-10 09:45:21,771.8,2233409
2021-05-10 09:45:22,771.8,2233409
2021-05-10 09:45:24,771.8,2233499
2021-05-10 09:45:25,771.8,2233718
2021-05-10 09:45:25,771.75,2233728
2021-05-10 09:45:26,771.85,2233857
2021-05-10 09:45:27,771.85,2233857
2021-05-10 09:45:28,771.55,2233930
2021-05-10 09:45:29,771.6,2234139
2021-05-10 09:45:30,771.65,2234249
2021-05-10 09:45:31,771.5,2234250
2021-05-10 09:45:33,771.65,2234260
2021-05-10 09:45:34,771.75,2234268
2021-05-10 09:45:35,771.75,2234268
2021-05-10 09:45:36,771.5,2234405
2021-05-10 09:45:37,771.5,2234519
2021-05-10 09:45:38,771.75,2234537
2021-05-10 09:45:39,771.5,2235049
2021-05-10 09:45:40,771.5,2235557
2021-05-10 09:45:41,771.5,2235557
2021-05-10 09:45:42,771.8,2235567
2021-05-10 09:45:43,771.8,2235567
2021-05-10 09:45:44,771.55,2235732
2021-05-10 09:45:45,771.5,2235987
2021-05-10 09:45:46,771.5,2235987
2021-05-10 09:45:47,771.7,2236087
2021-05-10 09:45:48,771.7,2236132
2021-05-10 09:45:49,771.5,2236155
2021-05-10 09:45:50,771.7,2236285
2021-05-10 09:45:51,771.8,2237005
2021-05-10 09:45:52,771.5,2237014
2021-05-10 09:45:53,771.5,2237024
2021-05-10 09:45:54,771.8,2237086
2021-05-10 09:45:56,771.9,2240130
2021-05-10 09:45:56,771.95,2240165
2021-05-10 09:45:57,771.75,2240766
2021-05-10 09:45:58,772.2,2244438
2021-05-10 09:46:00,772.05,2244553
2021-05-10 09:45:59,772.05,2244553
2021-05-10 09:46:01,772.0,2244755
2021-05-10 09:46:02,772.05,2244880
2021-05-10 09:46:03,772.05,2244881
2021-05-10 09:46:04,772.2,2247537
2021-05-10 09:46:06,772.3,2247732
2021-05-10 09:46:07,772.0,2247837
2021-05-10 09:46:08,772.7,2248718
2021-05-10 09:46:09,772.75,2251788
2021-05-10 09:46:10,772.9,2252966
2021-05-10 09:46:11,772.95,2254179
2021-05-10 09:46:12,772.9,2254325
2021-05-10 09:46:13,772.75,2254437
2021-05-10 09:46:14,772.45,2254631
2021-05-10 09:46:15,772.4,2255411
2021-05-10 09:46:17,772.95,2255678
2021-05-10 09:46:18,772.75,2255747
2021-05-10 09:46:19,772.95,2255748
2021-05-10 09:46:19,772.75,2255750
2021-05-10 09:46:20,772.75,2255899
2021-05-10 09:46:21,772.6,2255902
2021-05-10 09:46:22,772.6,2255904
2021-05-10 09:46:23,772.55,2256902
2021-05-10 09:46:25,772.65,2257402
2021-05-10 09:46:26,772.25,2257830
2021-05-10 09:46:27,772.5,2257993
2021-05-10 09:46:28,772.5,2257994
2021-05-10 09:46:29,772.25,2258125
2021-05-10 09:46:30,772.5,2258135
2021-05-10 09:46:31,772.5,2258438
2021-05-10 09:46:32,772.75,2258620
2021-05-10 09:46:33,772.75,2258670
2021-05-10 09:46:34,772.85,2258740
2021-05-10 09:46:35,772.55,2258760
2021-05-10 09:46:35,772.55,2258810
2021-05-10 09:46:37,772.55,2259370
2021-05-10 09:46:38,772.55,2259370
2021-05-10 09:46:39,772.6,2259772
2021-05-10 09:46:40,772.6,2259772
2021-05-10 09:46:41,772.6,2259772
2021-05-10 09:46:42,772.75,2262427
2021-05-10 09:46:43,772.6,2262455
2021-05-10 09:46:43,772.6,2262447
2021-05-10 09:46:44,772.3,2263182
2021-05-10 09:46:45,772.25,2263188
2021-05-10 09:46:46,772.5,2263193
2021-05-10 09:46:47,772.55,2263980
2021-05-10 09:46:48,772.3,2264055
2021-05-10 09:46:49,772.3,2264056
2021-05-10 09:46:50,772.55,2264096
2021-05-10 09:46:51,772.8,2264722
2021-05-10 09:46:52,772.35,2264897
2021-05-10 09:46:53,772.35,2264996
2021-05-10 09:46:54,772.5,2265670
2021-05-10 09:46:56,772.6,2267226
2021-05-10 09:46:57,772.25,2268837
2021-05-10 09:46:58,772.1,2269635
2021-05-10 09:46:59,772.1,2269635
2021-05-10 09:47:00,772.35,2269795
2021-05-10 09:47:01,772.0,2269801
2021-05-10 09:47:02,772.3,2271210
2021-05-10 09:47:03,772.05,2271211
2021-05-10 09:47:04,772.35,2271311
2021-05-10 09:47:05,772.1,2271327
2021-05-10 09:47:06,772.15,2272089
2021-05-10 09:47:07,771.85,2272639
2021-05-10 09:47:07,772.1,2272647
2021-05-10 09:47:08,772.1,2272985
2021-05-10 09:47:10,771.85,2274215
2021-05-10 09:47:11,771.5,2275155
2021-05-10 09:47:12,771.75,2275500
2021-05-10 09:47:13,771.85,2275809
2021-05-10 09:47:14,771.85,2275909
2021-05-10 09:47:15,771.85,2276009
2021-05-10 09:47:16,771.55,2276024
2021-05-10 09:47:17,772.05,2276195
2021-05-10 09:47:18,771.55,2276225
2021-05-10 09:47:19,771.4,2276495
2021-05-10 09:47:19,771.75,2276545
2021-05-10 09:47:21,771.75,2276760
2021-05-10 09:47:22,771.4,2276861
2021-05-10 09:47:23,771.75,2276886
2021-05-10 09:47:24,771.75,2276891
2021-05-10 09:47:25,771.95,2278426
2021-05-10 09:47:26,771.8,2279031
2021-05-10 09:47:27,771.1,2282767
2021-05-10 09:47:28,771.6,2282826
2021-05-10 09:47:29,771.2,2282870
2021-05-10 09:47:30,771.15,2283020
2021-05-10 09:47:31,771.6,2283240
2021-05-10 09:47:32,771.55,2283250
2021-05-10 09:47:33,771.2,2283251
2021-05-10 09:47:34,771.4,2283259
2021-05-10 09:47:34,771.4,2283416
2021-05-10 09:47:36,771.25,2283651
2021-05-10 09:47:36,771.4,2283662
2021-05-10 09:47:37,771.4,2284075
2021-05-10 09:47:39,772.0,2285406
2021-05-10 09:47:40,772.0,2285444
2021-05-10 09:47:41,772.0,2285463
2021-05-10 09:47:43,772.0,2285570
2021-05-10 09:47:44,772.4,2286122
2021-05-10 09:47:45,772.4,2286122
2021-05-10 09:47:46,772.1,2286298
2021-05-10 09:47:47,772.5,2286503
2021-05-10 09:47:48,772.5,2286505
2021-05-10 09:47:49,772.15,2286539
2021-05-10 09:47:50,772.5,2286599
2021-05-10 09:47:51,772.5,2286605
2021-05-10 09:47:52,772.5,2286606
2021-05-10 09:47:53,772.35,2286684
2021-05-10 09:47:54,772.0,2286797
2021-05-10 09:47:55,772.0,2286829
2021-05-10 09:47:56,772.15,2287696
2021-05-10 09:47:57,772.0,2287711
2021-05-10 09:47:58,772.0,2287725
2021-05-10 09:47:59,771.75,2287751
2021-05-10 09:48:00,771.7,2287797
2021-05-10 09:48:01,771.65,2287885
2021-05-10 09:48:02,771.7,2287890
2021-05-10 09:48:03,771.7,2287901
2021-05-10 09:48:04,771.7,2287901
2021-05-10 09:48:05,771.95,2287926
2021-05-10 09:48:05,771.95,2287926
2021-05-10 09:48:07,772.0,2287978
2021-05-10 09:48:08,772.0,2288058
2021-05-10 09:48:09,771.7,2288075
2021-05-10 09:48:10,771.95,2288275
2021-05-10 09:48:10,771.7,2288285
2021-05-10 09:48:13,771.7,2288365
2021-05-10 09:48:14,771.7,2288440
2021-05-10 09:48:15,771.5,2288843
2021-05-10 09:48:16,771.95,2288993
2021-05-10 09:48:17,772.0,2289843
2021-05-10 09:48:18,771.65,2289844
2021-05-10 09:48:19,771.7,2289887
2021-05-10 09:48:20,771.7,2289887
2021-05-10 09:48:21,771.75,2289888
2021-05-10 09:48:22,771.75,2289888
2021-05-10 09:48:23,772.0,2289907
2021-05-10 09:48:24,771.95,2292042
2021-05-10 09:48:24,772.0,2292052
2021-05-10 09:48:26,771.95,2292062
2021-05-10 09:48:27,772.0,2292090
2021-05-10 09:48:28,771.95,2293662
2021-05-10 09:48:29,772.5,2294915
2021-05-10 09:48:30,772.45,2294932
2021-05-10 09:48:31,772.5,2295132
2021-05-10 09:48:32,772.3,2295133
2021-05-10 09:48:33,772.3,2295168
2021-05-10 09:48:34,772.1,2295268
2021-05-10 09:48:35,772.1,2295323
2021-05-10 09:48:36,772.5,2296198
2021-05-10 09:48:37,772.5,2296274
2021-05-10 09:48:38,772.2,2296275
2021-05-10 09:48:39,772.25,2296776
2021-05-10 09:48:40,772.15,2297276
2021-05-10 09:48:41,772.15,2297276
2021-05-10 09:48:42,772.1,2297536
2021-05-10 09:48:43,772.15,2297636
2021-05-10 09:48:44,772.5,2297659
2021-05-10 09:48:45,772.1,2297709
2021-05-10 09:48:46,772.45,2297778
2021-05-10 09:48:47,772.15,2297828
2021-05-10 09:48:49,772.15,2298430
2021-05-10 09:48:49,772.15,2298443
2021-05-10 09:48:51,772.25,2298598
2021-05-10 09:48:52,772.15,2298647
2021-05-10 09:48:53,772.15,2298654
2021-05-10 09:48:54,772.5,2299504
2021-05-10 09:48:55,772.4,2299507
2021-05-10 09:48:55,772.15,2299517
2021-05-10 09:48:57,772.1,2299566
2021-05-10 09:48:58,772.15,2299616
2021-05-10 09:48:59,772.1,2299624
2021-05-10 09:49:00,772.35,2299744
2021-05-10 09:49:01,772.45,2299794
2021-05-10 09:49:02,772.1,2299814
2021-05-10 09:49:03,772.1,2299814
2021-05-10 09:49:04,772.25,2299818
2021-05-10 09:49:05,772.25,2299824
2021-05-10 09:49:06,772.25,2299824
2021-05-10 09:49:07,772.45,2300024
2021-05-10 09:49:08,772.5,2300066
2021-05-10 09:49:09,772.25,2300245
2021-05-10 09:49:10,772.25,2300284
2021-05-10 09:49:12,772.2,2300585
2021-05-10 09:49:13,772.45,2300730
2021-05-10 09:49:14,772.45,2300741
2021-05-10 09:49:15,772.45,2300741
2021-05-10 09:49:16,772.35,2300800
2021-05-10 09:49:17,772.2,2300805
2021-05-10 09:49:18,772.45,2301005
2021-05-10 09:49:19,772.45,2301005
2021-05-10 09:49:20,772.2,2301442
2021-05-10 09:49:21,772.2,2301505
2021-05-10 09:49:22,772.4,2301515
2021-05-10 09:49:23,772.4,2301522
2021-05-10 09:49:24,772.2,2301737
2021-05-10 09:49:25,772.45,2301893
2021-05-10 09:49:26,772.4,2301924
2021-05-10 09:49:26,772.4,2301924
2021-05-10 09:49:27,772.5,2302124
2021-05-10 09:49:28,772.3,2302131
2021-05-10 09:49:29,772.1,2302133
2021-05-10 09:49:30,772.1,2302134
2021-05-10 09:49:31,772.4,2302190
2021-05-10 09:49:33,772.3,2303290
2021-05-10 09:49:34,772.25,2303340
2021-05-10 09:49:35,772.1,2304315
2021-05-10 09:49:36,772.15,2304865
2021-05-10 09:49:37,772.15,2304865
2021-05-10 09:49:38,771.75,2305273
2021-05-10 09:49:39,771.85,2305314
2021-05-10 09:49:40,771.85,2305392
2021-05-10 09:49:41,771.85,2305392
2021-05-10 09:49:42,771.85,2305392
2021-05-10 09:49:43,771.85,2305592
2021-05-10 09:49:44,771.75,2306742
2021-05-10 09:49:45,771.75,2306747
2021-05-10 09:49:46,772.0,2306852
2021-05-10 09:49:47,771.95,2307211
2021-05-10 09:49:48,771.85,2307261
2021-05-10 09:49:49,771.85,2307289
2021-05-10 09:49:50,772.0,2307309
2021-05-10 09:49:51,771.65,2307348
2021-05-10 09:49:52,772.0,2307357
2021-05-10 09:49:53,772.0,2307559
2021-05-10 09:49:54,771.5,2307904
2021-05-10 09:49:55,771.5,2307904
2021-05-10 09:49:56,771.55,2307989
2021-05-10 09:49:57,771.9,2308088
2021-05-10 09:49:58,771.95,2308188
2021-05-10 09:49:59,771.95,2308188
2021-05-10 09:50:01,771.95,2308208
2021-05-10 09:50:03,771.95,2308251
2021-05-10 09:50:02,771.55,2308219
2021-05-10 09:50:04,771.9,2308324
2021-05-10 09:50:05,771.9,2308449
2021-05-10 09:50:06,771.9,2308449
2021-05-10 09:50:07,771.9,2308624
2021-05-10 09:50:08,771.95,2308631
2021-05-10 09:50:09,771.9,2308651
2021-05-10 09:50:10,771.7,2308867
2021-05-10 09:50:11,771.95,2308877
2021-05-10 09:50:12,771.95,2308882
2021-05-10 09:50:13,771.95,2308886
2021-05-10 09:50:14,771.9,2308902
2021-05-10 09:50:15,771.9,2308902
2021-05-10 09:50:16,771.95,2308958
2021-05-10 09:50:17,771.95,2308959
2021-05-10 09:50:18,771.95,2309039
2021-05-10 09:50:19,772.0,2309239
2021-05-10 09:50:20,771.95,2309339
2021-05-10 09:50:21,772.0,2309398
2021-05-10 09:50:22,772.15,2310907
2021-05-10 09:50:23,772.25,2311951
2021-05-10 09:50:24,772.25,2311951
2021-05-10 09:50:25,772.4,2312465
2021-05-10 09:50:26,772.1,2312547
2021-05-10 09:50:27,772.15,2312648
2021-05-10 09:50:28,772.15,2312648
2021-05-10 09:50:29,772.15,2312648
2021-05-10 09:50:30,772.25,2312650
2021-05-10 09:50:31,772.25,2312653
2021-05-10 09:50:32,772.25,2312653
2021-05-10 09:50:33,772.4,2312663
2021-05-10 09:50:34,772.05,2313777
2021-05-10 09:50:35,772.25,2313784
2021-05-10 09:50:36,772.25,2313784
2021-05-10 09:50:38,772.45,2314886
2021-05-10 09:50:39,772.1,2314896
2021-05-10 09:50:40,772.1,2314897
2021-05-10 09:50:41,772.2,2315397
2021-05-10 09:50:42,772.45,2315947
2021-05-10 09:50:43,772.45,2315947
2021-05-10 09:50:44,772.05,2315971
2021-05-10 09:50:45,772.1,2316039
2021-05-10 09:50:46,772.4,2316139
2021-05-10 09:50:47,772.45,2316145
2021-05-10 09:50:48,772.25,2316230
2021-05-10 09:50:49,772.45,2316299
2021-05-10 09:50:50,772.2,2316319
2021-05-10 09:50:51,772.2,2316320
2021-05-10 09:50:52,772.45,2316420
2021-05-10 09:50:53,772.45,2316420
2021-05-10 09:50:54,772.3,2316520
2021-05-10 09:50:55,772.3,2316881
2021-05-10 09:50:56,772.3,2316881
2021-05-10 09:50:57,772.3,2316928
2021-05-10 09:50:58,772.0,2316978
2021-05-10 09:50:59,772.0,2316979
2021-05-10 09:51:00,772.0,2316979
2021-05-10 09:51:01,772.25,2317002
2021-05-10 09:51:02,772.4,2318902
2021-05-10 09:51:03,772.4,2318902
2021-05-10 09:51:04,772.4,2318902
2021-05-10 09:51:05,772.4,2318902
2021-05-10 09:51:06,771.9,2319002
2021-05-10 09:51:07,772.45,2319114
2021-05-10 09:51:08,772.25,2319127
2021-05-10 09:51:09,772.35,2319457
2021-05-10 09:51:10,772.35,2319457
2021-05-10 09:51:11,772.45,2319582
2021-05-10 09:51:12,772.4,2319662
2021-05-10 09:51:13,772.4,2319665
2021-05-10 09:51:14,772.05,2319774
2021-05-10 09:51:15,772.05,2319774
2021-05-10 09:51:16,772.5,2319994
2021-05-10 09:51:17,772.5,2320649
2021-05-10 09:51:18,772.2,2320707
2021-05-10 09:51:19,772.4,2320711
2021-05-10 09:51:20,772.4,2320904
2021-05-10 09:51:21,772.6,2323782
2021-05-10 09:51:22,772.5,2323907
2021-05-10 09:51:23,772.7,2323942
2021-05-10 09:51:24,772.7,2323942
2021-05-10 09:51:25,772.7,2323942
2021-05-10 09:51:26,772.8,2324275
2021-05-10 09:51:27,772.5,2324277
2021-05-10 09:51:28,772.75,2325283
2021-05-10 09:51:29,772.8,2325383
2021-05-10 09:51:30,772.5,2325533
2021-05-10 09:51:31,772.7,2325553
2021-05-10 09:51:32,772.8,2325669
2021-05-10 09:51:33,772.8,2325669
2021-05-10 09:51:34,772.7,2325670
2021-05-10 09:51:35,772.7,2325687
2021-05-10 09:51:36,772.5,2325747
2021-05-10 09:51:37,772.5,2325747
2021-05-10 09:51:38,772.75,2325759
2021-05-10 09:51:39,772.8,2325959
2021-05-10 09:51:40,772.5,2326736
2021-05-10 09:51:41,772.75,2327161
2021-05-10 09:51:42,772.75,2327221
2021-05-10 09:51:43,772.5,2327931
2021-05-10 09:51:44,772.5,2327931
2021-05-10 09:51:45,772.5,2328078
2021-05-10 09:51:46,772.5,2328082
2021-05-10 09:51:47,772.5,2328132
2021-05-10 09:51:49,772.5,2328340
2021-05-10 09:51:51,772.8,2328363
2021-05-10 09:51:52,772.8,2328363
2021-05-10 09:51:53,772.5,2328463
2021-05-10 09:51:55,772.5,2328723
2021-05-10 09:51:56,772.8,2329013
2021-05-10 09:51:57,772.8,2329013
2021-05-10 09:51:58,772.5,2329578
2021-05-10 09:51:59,772.4,2330611
2021-05-10 09:52:00,772.4,2330631
2021-05-10 09:52:02,772.4,2330633
2021-05-10 09:52:03,772.5,2330738
2021-05-10 09:52:05,772.5,2331847
2021-05-10 09:52:06,772.1,2331947
2021-05-10 09:52:07,772.1,2337901
2021-05-10 09:52:08,772.1,2337901
2021-05-10 09:52:09,772.2,2338000
2021-05-10 09:52:10,772.15,2338250
2021-05-10 09:52:11,772.15,2338250
2021-05-10 09:52:12,772.15,2338250
2021-05-10 09:52:13,772.15,2339357
2021-05-10 09:52:14,772.05,2339503
2021-05-10 09:52:15,772.15,2339703
2021-05-10 09:52:16,772.15,2339703
2021-05-10 09:52:17,772.15,2339703
2021-05-10 09:52:18,772.1,2339761
2021-05-10 09:52:20,772.1,2340041
2021-05-10 09:52:21,772.1,2340041
2021-05-10 09:52:22,772.15,2341043
2021-05-10 09:52:23,772.2,2341053
2021-05-10 09:52:24,772.2,2341079
2021-05-10 09:52:24,772.0,2341129
2021-05-10 09:52:25,772.2,2341189
2021-05-10 09:52:26,772.0,2341214
2021-05-10 09:52:27,772.2,2341463
2021-05-10 09:52:28,772.25,2341467
2021-05-10 09:52:29,772.25,2341474
2021-05-10 09:52:30,772.25,2341479
2021-05-10 09:52:31,772.4,2341483
2021-05-10 09:52:32,772.25,2341575
2021-05-10 09:52:33,772.25,2341710
2021-05-10 09:52:34,772.4,2341743
2021-05-10 09:52:35,772.4,2341774
2021-05-10 09:52:36,772.4,2341874
2021-05-10 09:52:37,772.4,2342119
2021-05-10 09:52:38,772.1,2342469
2021-05-10 09:52:39,772.05,2342496
2021-05-10 09:52:40,772.05,2342496
2021-05-10 09:52:41,772.35,2342498
2021-05-10 09:52:42,771.75,2344451
2021-05-10 09:52:43,771.7,2344655
2021-05-10 09:52:44,771.8,2344725
2021-05-10 09:52:45,771.8,2344810
2021-05-10 09:52:46,771.8,2344900
2021-05-10 09:52:47,771.85,2344910
2021-05-10 09:52:48,771.45,2350337
2021-05-10 09:52:49,771.75,2350577
2021-05-10 09:52:50,771.4,2350603
2021-05-10 09:52:52,771.8,2350918
2021-05-10 09:52:53,771.25,2355918
2021-05-10 09:52:54,771.45,2356528
2021-05-10 09:52:55,771.8,2356667
2021-05-10 09:52:56,771.8,2356797
2021-05-10 09:52:58,771.8,2356847
2021-05-10 09:52:59,771.85,2356850
2021-05-10 09:53:00,771.75,2357236
2021-05-10 09:53:02,771.75,2357236
2021-05-10 09:53:03,771.75,2357756
2021-05-10 09:53:04,771.8,2358026
2021-05-10 09:53:04,771.5,2358576
2021-05-10 09:53:05,771.8,2358602
2021-05-10 09:53:06,771.8,2358879
2021-05-10 09:53:07,771.55,2358927
2021-05-10 09:53:08,771.8,2358947
2021-05-10 09:53:09,771.8,2359084
2021-05-10 09:53:10,771.8,2359094
2021-05-10 09:53:12,771.8,2359095
2021-05-10 09:53:12,771.85,2359145
2021-05-10 09:53:14,771.95,2359415
2021-05-10 09:53:15,772.0,2359839
2021-05-10 09:53:16,772.0,2359839
2021-05-10 09:53:17,771.65,2359906
2021-05-10 09:53:18,771.6,2360306
2021-05-10 09:53:19,771.6,2360306
2021-05-10 09:53:20,771.8,2360524
2021-05-10 09:53:21,771.8,2360524
2021-05-10 09:53:22,771.8,2360532
2021-05-10 09:53:23,771.5,2360707
2021-05-10 09:53:24,771.5,2360707
2021-05-10 09:53:25,771.8,2360735
2021-05-10 09:53:26,771.8,2360755
2021-05-10 09:53:27,771.8,2360862
2021-05-10 09:53:28,771.5,2360867
2021-05-10 09:53:29,771.5,2360867
2021-05-10 09:53:30,771.8,2360917
2021-05-10 09:53:31,771.85,2361018
2021-05-10 09:53:32,771.85,2361073
2021-05-10 09:53:34,771.55,2361113
2021-05-10 09:53:33,771.55,2361113
2021-05-10 09:53:35,771.75,2361119
2021-05-10 09:53:36,771.75,2361119
2021-05-10 09:53:37,771.75,2361119
2021-05-10 09:53:38,771.75,2361128
2021-05-10 09:53:39,771.75,2361128
2021-05-10 09:53:40,771.5,2361188
2021-05-10 09:53:41,771.5,2361188
2021-05-10 09:53:42,771.5,2361338
2021-05-10 09:53:43,771.75,2361502
2021-05-10 09:53:45,771.5,2361562
2021-05-10 09:53:44,771.75,2361512
2021-05-10 09:53:46,771.5,2361562
2021-05-10 09:53:47,771.75,2361754
2021-05-10 09:53:48,771.75,2361754
2021-05-10 09:53:49,771.55,2361839
2021-05-10 09:53:50,771.5,2361959
2021-05-10 09:53:52,771.75,2362148
2021-05-10 09:53:52,771.75,2362109
2021-05-10 09:53:53,771.75,2362148
2021-05-10 09:53:54,771.75,2362158
2021-05-10 09:53:55,771.5,2362173
2021-05-10 09:53:56,771.7,2362605
2021-05-10 09:53:57,771.75,2362659
2021-05-10 09:53:59,771.7,2363209
2021-05-10 09:53:59,771.75,2363211
2021-05-10 09:54:00,771.75,2363311
2021-05-10 09:54:01,771.75,2363311
2021-05-10 09:54:02,771.5,2363523
2021-05-10 09:54:03,771.5,2363773
2021-05-10 09:54:04,771.75,2363783
2021-05-10 09:54:05,771.75,2364183
2021-05-10 09:54:06,771.75,2364183
2021-05-10 09:54:07,771.75,2364183
2021-05-10 09:54:08,771.55,2364243
2021-05-10 09:54:10,771.3,2372597
2021-05-10 09:54:11,771.45,2372637
2021-05-10 09:54:12,771.45,2372641
2021-05-10 09:54:12,771.45,2372641
2021-05-10 09:54:13,771.5,2372876
2021-05-10 09:54:15,771.45,2372892
2021-05-10 09:54:15,771.05,2375243
2021-05-10 09:54:17,771.25,2375549
2021-05-10 09:54:18,770.2,2383974
2021-05-10 09:54:19,770.2,2383974
2021-05-10 09:54:20,770.75,2384124
2021-05-10 09:54:21,770.75,2384124
2021-05-10 09:54:23,771.15,2386682
2021-05-10 09:54:24,771.45,2386991
2021-05-10 09:54:24,771.1,2387091
2021-05-10 09:54:25,771.45,2387198
2021-05-10 09:54:26,771.5,2387248
2021-05-10 09:54:27,771.5,2387248
2021-05-10 09:54:28,771.5,2387248
2021-05-10 09:54:29,771.5,2387248
2021-05-10 09:54:30,771.4,2387258
2021-05-10 09:54:31,771.25,2387352
2021-05-10 09:54:32,771.4,2387373
2021-05-10 09:54:33,771.2,2387386
2021-05-10 09:54:35,771.0,2387642
2021-05-10 09:54:37,771.4,2388557
2021-05-10 09:54:37,771.0,2388787
2021-05-10 09:54:38,771.4,2388983
2021-05-10 09:54:40,771.0,2389285
2021-05-10 09:54:41,771.0,2389577
2021-05-10 09:54:42,770.55,2389819
2021-05-10 09:54:44,770.85,2390693
2021-05-10 09:54:46,770.8,2390912
2021-05-10 09:54:47,770.8,2390915
2021-05-10 09:54:48,770.8,2390926
2021-05-10 09:54:48,770.5,2390948
2021-05-10 09:54:50,770.55,2390975
2021-05-10 09:54:51,770.5,2392484
2021-05-10 09:54:52,770.5,2392535
2021-05-10 09:54:52,770.5,2392735
2021-05-10 09:54:53,770.95,2392835
2021-05-10 09:54:54,770.95,2392835
2021-05-10 09:54:55,770.75,2393441
2021-05-10 09:54:56,770.75,2393467
2021-05-10 09:54:57,770.75,2393482
2021-05-10 09:54:58,770.6,2393485
2021-05-10 09:54:59,770.6,2393772
2021-05-10 09:55:01,770.5,2396426
2021-05-10 09:55:03,770.5,2396762
2021-05-10 09:55:04,770.5,2396762
2021-05-10 09:55:05,770.5,2396938
2021-05-10 09:55:06,770.75,2397138
2021-05-10 09:55:07,770.5,2397476
2021-05-10 09:55:08,770.7,2397556
2021-05-10 09:55:09,770.75,2397916
2021-05-10 09:55:10,770.5,2398788
2021-05-10 09:55:10,770.5,2398788
2021-05-10 09:55:12,770.55,2399461
2021-05-10 09:55:12,770.55,2399619
2021-05-10 09:55:14,770.25,2399985
2021-05-10 09:55:16,770.3,2401212
2021-05-10 09:55:17,770.25,2401362
2021-05-10 09:55:17,770.3,2401363
2021-05-10 09:55:19,770.3,2401363
2021-05-10 09:55:20,770.25,2404232
2021-05-10 09:55:21,770.25,2404460
2021-05-10 09:55:21,770.5,2404570
2021-05-10 09:55:22,770.5,2404820
2021-05-10 09:55:24,770.5,2404860
2021-05-10 09:55:24,770.5,2404860
2021-05-10 09:55:26,770.3,2404912
2021-05-10 09:55:26,770.3,2404912
2021-05-10 09:55:27,770.5,2405272
2021-05-10 09:55:28,770.3,2405282
2021-05-10 09:55:29,770.5,2405442
2021-05-10 09:55:30,770.3,2405544
2021-05-10 09:55:31,770.3,2405766
2021-05-10 09:55:32,770.45,2405777
2021-05-10 09:55:33,769.75,2435163
2021-05-10 09:55:35,770.0,2435687
2021-05-10 09:55:36,770.35,2437676
2021-05-10 09:55:37,770.4,2438241
2021-05-10 09:55:38,770.4,2438241
2021-05-10 09:55:39,769.95,2438644
2021-05-10 09:55:39,770.0,2438641
2021-05-10 09:55:41,770.15,2438840
2021-05-10 09:55:42,770.0,2439165
2021-05-10 09:55:43,770.0,2439259
2021-05-10 09:55:44,770.25,2439327
2021-05-10 09:55:45,769.9,2439787
2021-05-10 09:55:46,770.0,2439827
2021-05-10 09:55:47,770.0,2440087
2021-05-10 09:55:47,769.8,2440261
2021-05-10 09:55:48,769.75,2440268
2021-05-10 09:55:50,769.75,2440731
2021-05-10 09:55:50,769.75,2440781
2021-05-10 09:55:51,770.0,2441062
2021-05-10 09:55:52,769.8,2441099
2021-05-10 09:55:53,769.75,2441182
2021-05-10 09:55:54,769.75,2441212
2021-05-10 09:55:55,769.8,2441812
2021-05-10 09:55:56,769.8,2441822
2021-05-10 09:55:57,769.75,2441837
2021-05-10 09:55:58,769.8,2442388
2021-05-10 09:56:00,769.9,2442641
2021-05-10 09:56:01,769.9,2442711
2021-05-10 09:56:01,769.9,2442711
2021-05-10 09:56:02,769.75,2442755
2021-05-10 09:56:03,769.75,2443355
2021-05-10 09:56:04,770.0,2443724
2021-05-10 09:56:05,770.0,2443755
2021-05-10 09:56:06,769.8,2444034
2021-05-10 09:56:08,770.0,2445220
2021-05-10 09:56:09,770.0,2445731
2021-05-10 09:56:10,769.8,2445861
2021-05-10 09:56:11,769.75,2446766
2021-05-10 09:56:12,769.7,2447076
2021-05-10 09:56:13,769.9,2448148
2021-05-10 09:56:13,769.35,2453151
2021-05-10 09:56:15,770.1,2457889
2021-05-10 09:56:16,770.3,2458413
2021-05-10 09:56:16,770.3,2458413
2021-05-10 09:56:17,770.05,2459015
2021-05-10 09:56:18,770.0,2459065
2021-05-10 09:56:19,770.0,2459185
2021-05-10 09:56:20,770.0,2459195
2021-05-10 09:56:21,770.0,2459210
2021-05-10 09:56:22,770.05,2459345
2021-05-10 09:56:23,770.0,2459463
2021-05-10 09:56:24,770.0,2460891
2021-05-10 09:56:26,770.0,2461031
2021-05-10 09:56:26,770.3,2461157
2021-05-10 09:56:27,770.4,2461192
2021-05-10 09:56:28,770.4,2461224
2021-05-10 09:56:30,770.1,2461354
2021-05-10 09:56:31,770.1,2461404
2021-05-10 09:56:33,770.1,2461635
2021-05-10 09:56:32,770.1,2461414
2021-05-10 09:56:34,770.35,2462148
2021-05-10 09:56:34,770.35,2462264
2021-05-10 09:56:35,770.05,2462277
2021-05-10 09:56:37,770.05,2462329
2021-05-10 09:56:38,770.4,2462469
2021-05-10 09:56:39,770.15,2462769
2021-05-10 09:56:40,770.15,2462856
2021-05-10 09:56:41,770.0,2463476
2021-05-10 09:56:42,770.0,2463614
2021-05-10 09:56:43,770.0,2463701
2021-05-10 09:56:44,770.15,2464401
2021-05-10 09:56:45,770.0,2464646
2021-05-10 09:56:46,770.6,2468660
2021-05-10 09:56:47,770.5,2468887
2021-05-10 09:56:49,770.5,2469068
2021-05-10 09:56:49,770.75,2469008
2021-05-10 09:56:51,770.45,2469270
2021-05-10 09:56:52,770.55,2469671
2021-05-10 09:56:53,770.75,2470925
2021-05-10 09:56:54,770.75,2470925
2021-05-10 09:56:55,770.4,2471304
2021-05-10 09:56:56,770.75,2471342
2021-05-10 09:56:57,770.4,2471647
2021-05-10 09:56:58,770.75,2472001
2021-05-10 09:56:59,770.35,2472259
2021-05-10 09:57:00,770.75,2472354
2021-05-10 09:57:01,770.5,2472355
2021-05-10 09:57:02,770.75,2472573
2021-05-10 09:57:03,770.75,2472603
2021-05-10 09:57:05,770.4,2472754
2021-05-10 09:57:06,770.4,2472824
2021-05-10 09:57:07,770.4,2473525
2021-05-10 09:57:08,770.75,2474026
2021-05-10 09:57:09,770.75,2474058
2021-05-10 09:57:09,770.75,2474078
2021-05-10 09:57:10,770.75,2474104
2021-05-10 09:57:11,770.75,2474104
2021-05-10 09:57:12,770.75,2474104
2021-05-10 09:57:13,770.5,2476605
2021-05-10 09:57:14,770.5,2476657
2021-05-10 09:57:15,770.75,2476907
2021-05-10 09:57:17,770.4,2477034
2021-05-10 09:57:18,770.7,2477134
2021-05-10 09:57:18,770.7,2477206
2021-05-10 09:57:20,770.4,2477360
2021-05-10 09:57:20,770.4,2477382
2021-05-10 09:57:21,770.7,2478218
2021-05-10 09:57:23,770.4,2478223
2021-05-10 09:57:24,770.55,2478240
2021-05-10 09:57:25,770.55,2478241
2021-05-10 09:57:25,770.55,2478241
2021-05-10 09:57:27,770.55,2478241
2021-05-10 09:57:28,770.5,2478280
2021-05-10 09:57:29,770.5,2478280
2021-05-10 09:57:29,770.5,2478280
2021-05-10 09:57:30,770.5,2478480
2021-05-10 09:57:32,770.55,2478870
2021-05-10 09:57:33,770.55,2478876
2021-05-10 09:57:34,770.55,2478881
2021-05-10 09:57:35,770.55,2478881
2021-05-10 09:57:36,770.55,2478881
2021-05-10 09:57:37,770.55,2478881
2021-05-10 09:57:37,770.55,2478981
2021-05-10 09:57:39,770.15,2479672
2021-05-10 09:57:40,770.4,2479722
2021-05-10 09:57:40,770.4,2479722
2021-05-10 09:57:41,770.4,2479925
2021-05-10 09:57:42,770.35,2480376
2021-05-10 09:57:44,770.4,2483521
2021-05-10 09:57:44,770.4,2483521
2021-05-10 09:57:45,770.4,2483521
2021-05-10 09:57:47,770.3,2483526
2021-05-10 09:57:48,770.05,2483566
2021-05-10 09:57:49,770.05,2483582
2021-05-10 09:57:49,770.05,2483582
2021-05-10 09:57:50,770.15,2483598
2021-05-10 09:57:51,769.6,2501609
2021-05-10 09:57:53,769.6,2501660
2021-05-10 09:57:53,769.7,2501685
2021-05-10 09:57:55,769.45,2501690
2021-05-10 09:57:56,769.75,2501810
2021-05-10 09:57:57,769.45,2501930
2021-05-10 09:57:58,769.7,2501970
2021-05-10 09:57:58,769.4,2502061
2021-05-10 09:57:59,769.35,2502587
2021-05-10 09:58:00,769.35,2504124
2021-05-10 09:58:01,769.45,2505369
2021-05-10 09:58:03,769.85,2505389
2021-05-10 09:58:04,770.0,2505465
2021-05-10 09:58:05,769.6,2505730
2021-05-10 09:58:06,769.65,2505731
2021-05-10 09:58:07,770.05,2505791
2021-05-10 09:58:08,770.0,2508606
2021-05-10 09:58:09,769.95,2508636
2021-05-10 09:58:10,769.95,2508636
2021-05-10 09:58:11,770.0,2508638
2021-05-10 09:58:12,770.0,2508788
2021-05-10 09:58:13,769.8,2509288
2021-05-10 09:58:14,769.75,2509408
2021-05-10 09:58:14,770.0,2509875
2021-05-10 09:58:15,769.95,2509923
2021-05-10 09:58:16,769.7,2510131
2021-05-10 09:58:17,770.0,2512156
2021-05-10 09:58:18,769.65,2512256
2021-05-10 09:58:19,769.4,2515566
2021-05-10 09:58:20,769.75,2515630
2021-05-10 09:58:22,769.5,2515710
2021-05-10 09:58:22,769.5,2515710
2021-05-10 09:58:23,769.75,2515732
2021-05-10 09:58:24,769.95,2516116
2021-05-10 09:58:25,769.7,2516132
2021-05-10 09:58:26,770.0,2517432
2021-05-10 09:58:27,769.95,2517442
2021-05-10 09:58:28,769.9,2517707
2021-05-10 09:58:30,769.7,2517907
2021-05-10 09:58:31,769.5,2518207
2021-05-10 09:58:32,769.5,2518297
2021-05-10 09:58:33,769.7,2518625
2021-05-10 09:58:34,769.7,2518960
2021-05-10 09:58:34,769.7,2518960
2021-05-10 09:58:36,769.7,2519121
2021-05-10 09:58:37,769.4,2519371
2021-05-10 09:58:38,769.4,2519371
2021-05-10 09:58:39,769.9,2520121
2021-05-10 09:58:40,769.9,2520121
2021-05-10 09:58:41,769.9,2520121
2021-05-10 09:58:42,769.95,2520358
2021-05-10 09:58:43,770.0,2520372
2021-05-10 09:58:44,769.9,2520692
2021-05-10 09:58:45,769.65,2520757
2021-05-10 09:58:46,769.6,2520962
2021-05-10 09:58:47,769.7,2521070
2021-05-10 09:58:48,769.7,2521273
2021-05-10 09:58:49,769.85,2521781
2021-05-10 09:58:49,769.85,2521781
2021-05-10 09:58:50,769.8,2521860
2021-05-10 09:58:52,769.6,2521871
2021-05-10 09:58:53,769.6,2521885
2021-05-10 09:58:54,769.5,2521978
2021-05-10 09:58:55,769.5,2521983
2021-05-10 09:58:56,769.5,2522003
2021-05-10 09:58:57,769.45,2522316
2021-05-10 09:58:58,769.9,2522430
2021-05-10 09:58:59,769.4,2523035
2021-05-10 09:59:01,769.45,2523423
2021-05-10 09:59:02,769.75,2523623
2021-05-10 09:59:03,769.6,2523994
2021-05-10 09:59:04,770.1,2533275
2021-05-10 09:59:05,769.95,2534205
2021-05-10 09:59:06,770.35,2534563
2021-05-10 09:59:08,770.05,2534676
2021-05-10 09:59:09,770.45,2534765
2021-05-10 09:59:10,770.45,2535367
2021-05-10 09:59:11,770.4,2535439
2021-05-10 09:59:12,770.4,2535539
2021-05-10 09:59:13,770.15,2535629
2021-05-10 09:59:14,770.15,2535833
2021-05-10 09:59:15,770.05,2536170
2021-05-10 09:59:16,770.45,2536633
2021-05-10 09:59:17,770.45,2536633
2021-05-10 09:59:18,770.45,2536639
2021-05-10 09:59:18,770.45,2536639
2021-05-10 09:59:19,770.15,2536739
2021-05-10 09:59:20,770.3,2536759
2021-05-10 09:59:21,770.3,2536923
2021-05-10 09:59:22,770.0,2537230
2021-05-10 09:59:25,770.0,2538177
2021-05-10 09:59:26,770.0,2538177
2021-05-10 09:59:27,770.0,2538377
2021-05-10 09:59:28,770.35,2538880
2021-05-10 09:59:29,770.35,2538880
2021-05-10 09:59:31,770.4,2538881
2021-05-10 09:59:32,770.0,2538916
2021-05-10 09:59:33,770.0,2538916
2021-05-10 09:59:34,770.15,2538950
2021-05-10 09:59:35,770.1,2539110
2021-05-10 09:59:36,770.05,2539132
2021-05-10 09:59:37,770.4,2539142
2021-05-10 09:59:38,770.4,2539142
2021-05-10 09:59:39,770.0,2539225
2021-05-10 09:59:40,770.3,2539230
2021-05-10 09:59:41,770.1,2539231
2021-05-10 09:59:43,770.1,2539293
2021-05-10 09:59:44,770.0,2539337
2021-05-10 09:59:45,770.0,2539368
2021-05-10 09:59:46,770.0,2539478
2021-05-10 09:59:47,770.0,2539700
2021-05-10 09:59:48,769.8,2542050
2021-05-10 09:59:49,769.9,2542107
2021-05-10 09:59:50,769.8,2542166
2021-05-10 09:59:51,770.0,2543034
2021-05-10 09:59:52,770.05,2543065
2021-05-10 09:59:53,769.8,2543265
2021-05-10 09:59:54,769.5,2543749
2021-05-10 09:59:55,769.7,2543752
2021-05-10 09:59:56,769.7,2543852
2021-05-10 09:59:57,769.75,2543917
2021-05-10 09:59:58,769.75,2544118
2021-05-10 09:59:59,769.5,2544148
2021-05-10 10:00:00,769.5,2544453
2021-05-10 10:00:01,769.8,2544730
2021-05-10 10:00:02,769.95,2544910
2021-05-10 10:00:04,769.5,2545254
2021-05-10 10:00:05,769.5,2545254
2021-05-10 10:00:06,769.7,2545322
2021-05-10 10:00:07,769.75,2545432
2021-05-10 10:00:08,769.7,2545440
2021-05-10 10:00:09,769.8,2545447
2021-05-10 10:00:10,769.85,2545525
2021-05-10 10:00:10,769.85,2545525
2021-05-10 10:00:12,769.85,2545602
2021-05-10 10:00:13,769.85,2545702
2021-05-10 10:00:14,769.7,2546216
2021-05-10 10:00:15,769.7,2546353
2021-05-10 10:00:16,769.7,2546353
2021-05-10 10:00:16,769.7,2546453
2021-05-10 10:00:17,769.8,2546457
2021-05-10 10:00:18,769.8,2546520
2021-05-10 10:00:19,769.75,2547378
2021-05-10 10:00:22,769.75,2547987
2021-05-10 10:00:23,769.75,2548025
2021-05-10 10:00:24,769.75,2550852
2021-05-10 10:00:26,770.0,2551711
2021-05-10 10:00:27,770.0,2551731
2021-05-10 10:00:28,770.0,2551831
2021-05-10 10:00:29,770.0,2551839
2021-05-10 10:00:30,770.0,2551877
2021-05-10 10:00:31,770.0,2551877
2021-05-10 10:00:32,769.8,2551888
2021-05-10 10:00:33,769.8,2551888
2021-05-10 10:00:34,769.8,2552008
2021-05-10 10:00:35,770.0,2552028
2021-05-10 10:00:36,769.8,2553434
2021-05-10 10:00:37,770.05,2553511
2021-05-10 10:00:38,770.0,2553643
2021-05-10 10:00:39,769.75,2553779
2021-05-10 10:00:40,770.0,2554029
2021-05-10 10:00:41,770.0,2554046
2021-05-10 10:00:42,770.0,2554212
2021-05-10 10:00:43,770.0,2554935
2021-05-10 10:00:44,769.8,2554938
2021-05-10 10:00:45,770.0,2554993
2021-05-10 10:00:46,770.0,2555075
2021-05-10 10:00:47,770.0,2555075
2021-05-10 10:00:48,769.8,2555125
2021-05-10 10:00:49,769.85,2555325
2021-05-10 10:00:50,770.05,2557929
2021-05-10 10:00:51,770.05,2557929
2021-05-10 10:00:52,770.0,2558030
2021-05-10 10:00:53,770.0,2558170
2021-05-10 10:00:54,770.0,2558270
2021-05-10 10:00:55,770.0,2558270
2021-05-10 10:00:56,769.95,2558281
2021-05-10 10:00:57,770.0,2558456
2021-05-10 10:00:58,769.8,2558691
2021-05-10 10:00:59,769.75,2558911
2021-05-10 10:01:00,769.95,2560207
2021-05-10 10:01:01,769.5,2562731
2021-05-10 10:01:02,769.85,2563015
2021-05-10 10:01:03,769.85,2563779
2021-05-10 10:01:04,769.85,2563789
2021-05-10 10:01:05,769.55,2564459
2021-05-10 10:01:06,769.55,2565159
2021-05-10 10:01:07,769.85,2565160
2021-05-10 10:01:08,769.85,2565365
2021-05-10 10:01:09,770.25,2568123
2021-05-10 10:01:11,770.1,2568710
2021-05-10 10:01:12,770.1,2568710
2021-05-10 10:01:13,769.7,2569660
2021-05-10 10:01:14,769.95,2569964
2021-05-10 10:01:15,769.95,2569970
2021-05-10 10:01:16,769.95,2570020
2021-05-10 10:01:17,769.95,2570025
2021-05-10 10:01:18,769.8,2573477
2021-05-10 10:01:19,770.15,2573525
2021-05-10 10:01:20,770.15,2573525
2021-05-10 10:01:21,770.0,2573780
2021-05-10 10:01:22,769.95,2573783
2021-05-10 10:01:23,769.9,2573946
2021-05-10 10:01:24,769.5,2575290
2021-05-10 10:01:25,769.55,2575426
2021-05-10 10:01:26,769.85,2575481
2021-05-10 10:01:27,769.85,2575731
2021-05-10 10:01:28,769.95,2575788
2021-05-10 10:01:29,769.95,2575788
2021-05-10 10:01:30,769.85,2575998
2021-05-10 10:01:31,769.85,2576385
2021-05-10 10:01:32,770.25,2578985
2021-05-10 10:01:33,770.4,2579065
2021-05-10 10:01:34,770.05,2579075
2021-05-10 10:01:35,770.05,2579188
2021-05-10 10:01:36,770.05,2579188
2021-05-10 10:01:37,770.05,2579188
2021-05-10 10:01:38,770.1,2579238
2021-05-10 10:01:39,770.15,2579494
2021-05-10 10:01:40,770.4,2579527
2021-05-10 10:01:41,770.15,2579535
2021-05-10 10:01:42,770.4,2579689
2021-05-10 10:01:43,769.95,2580999
2021-05-10 10:01:44,770.25,2581019
2021-05-10 10:01:45,770.05,2581069
2021-05-10 10:01:46,770.05,2581069
2021-05-10 10:01:47,770.4,2581185
2021-05-10 10:01:48,770.4,2581185
2021-05-10 10:01:49,770.1,2581186
2021-05-10 10:01:50,770.4,2581336
2021-05-10 10:01:51,770.4,2581336
2021-05-10 10:01:52,770.15,2581737
2021-05-10 10:01:54,770.4,2581810
2021-05-10 10:01:55,770.1,2582015
2021-05-10 10:01:56,770.4,2582047
2021-05-10 10:01:57,770.5,2582633
2021-05-10 10:01:58,770.5,2582638
2021-05-10 10:01:59,770.3,2583252
2021-05-10 10:02:01,770.5,2583360
2021-05-10 10:02:03,770.15,2583670
2021-05-10 10:02:02,770.15,2583670
2021-05-10 10:02:04,770.15,2583670
2021-05-10 10:02:05,770.5,2584022
2021-05-10 10:02:06,770.05,2584343
2021-05-10 10:02:07,770.1,2584401
2021-05-10 10:02:08,770.5,2584572
2021-05-10 10:02:09,770.5,2584607
2021-05-10 10:02:10,770.4,2584690
2021-05-10 10:02:11,770.3,2584947
2021-05-10 10:02:12,770.3,2584952
2021-05-10 10:02:13,770.5,2585553
2021-05-10 10:02:14,770.5,2585563
2021-05-10 10:02:15,771.0,2586525
2021-05-10 10:02:16,770.95,2586575
2021-05-10 10:02:17,771.0,2586875
2021-05-10 10:02:18,771.0,2587123
2021-05-10 10:02:19,771.0,2587573
2021-05-10 10:02:20,770.9,2588119
2021-05-10 10:02:21,770.9,2588119
2021-05-10 10:02:22,770.55,2588523
2021-05-10 10:02:23,770.9,2588531
2021-05-10 10:02:24,770.5,2588625
2021-05-10 10:02:25,770.5,2588625
2021-05-10 10:02:26,770.9,2588825
2021-05-10 10:02:27,771.0,2589295
2021-05-10 10:02:28,771.0,2589505
2021-05-10 10:02:29,771.0,2589505
2021-05-10 10:02:30,771.0,2589515
2021-05-10 10:02:31,771.0,2589616
2021-05-10 10:02:32,771.0,2589816
2021-05-10 10:02:33,771.0,2589816
2021-05-10 10:02:35,771.0,2590402
2021-05-10 10:02:36,770.9,2590407
2021-05-10 10:02:38,771.0,2590527
2021-05-10 10:02:38,771.0,2590527
2021-05-10 10:02:39,770.9,2590565
2021-05-10 10:02:40,771.0,2590885
2021-05-10 10:02:41,770.95,2591085
2021-05-10 10:02:42,771.0,2591240
2021-05-10 10:02:43,771.0,2591362
2021-05-10 10:02:44,771.3,2593863
2021-05-10 10:02:45,770.9,2593906
2021-05-10 10:02:47,771.0,2593952
2021-05-10 10:02:47,771.0,2593952
2021-05-10 10:02:48,770.95,2594442
2021-05-10 10:02:50,770.95,2594442
2021-05-10 10:02:50,771.3,2594445
2021-05-10 10:02:51,771.35,2594645
2021-05-10 10:02:52,771.1,2594755
2021-05-10 10:02:53,771.35,2594765
2021-05-10 10:02:54,771.3,2594769
2021-05-10 10:02:55,771.3,2595032
2021-05-10 10:02:56,771.3,2595077
2021-05-10 10:02:57,771.35,2595198
2021-05-10 10:02:58,771.35,2595283
2021-05-10 10:02:59,771.35,2595388
2021-05-10 10:03:00,771.35,2595770
2021-05-10 10:03:01,771.3,2595824
2021-05-10 10:03:02,771.4,2596220
2021-05-10 10:03:03,771.5,2596473
2021-05-10 10:03:04,771.5,2596473
2021-05-10 10:03:05,771.5,2596574
2021-05-10 10:03:06,771.5,2596654
2021-05-10 10:03:07,771.5,2596654
2021-05-10 10:03:09,771.3,2596764
2021-05-10 10:03:09,771.3,2596764
2021-05-10 10:03:10,771.35,2598204
2021-05-10 10:03:12,771.35,2598232
2021-05-10 10:03:12,771.35,2598234
2021-05-10 10:03:13,771.5,2598486
2021-05-10 10:03:15,771.7,2599125
2021-05-10 10:03:15,771.7,2599125
2021-05-10 10:03:16,771.7,2600128
2021-05-10 10:03:17,771.7,2600128
2021-05-10 10:03:18,771.4,2600228
2021-05-10 10:03:21,771.4,2601988
2021-05-10 10:03:22,771.7,2602273
2021-05-10 10:03:23,771.75,2602353
2021-05-10 10:03:24,771.75,2602353
2021-05-10 10:03:25,771.4,2602383
2021-05-10 10:03:26,771.4,2602383
2021-05-10 10:03:27,771.25,2602853
2021-05-10 10:03:28,771.5,2602858
2021-05-10 10:03:31,771.5,2603074
2021-05-10 10:03:31,771.5,2603074
2021-05-10 10:03:33,771.6,2603081
2021-05-10 10:03:34,771.6,2603093
2021-05-10 10:03:35,771.6,2603093
2021-05-10 10:03:35,771.4,2603133
2021-05-10 10:03:36,771.05,2606712
2021-05-10 10:03:37,771.35,2606972
2021-05-10 10:03:38,771.45,2609817
2021-05-10 10:03:39,771.0,2610664
2021-05-10 10:03:41,771.0,2611854
2021-05-10 10:03:42,771.0,2611874
2021-05-10 10:03:43,771.0,2611924
2021-05-10 10:03:44,771.1,2612128
2021-05-10 10:03:46,771.0,2613204
2021-05-10 10:03:46,771.0,2613204
2021-05-10 10:03:47,771.0,2613204
2021-05-10 10:03:48,771.0,2614229
2021-05-10 10:03:49,771.0,2615494
2021-05-10 10:03:50,771.25,2616026
2021-05-10 10:03:51,771.25,2616026
2021-05-10 10:03:52,771.0,2616084
2021-05-10 10:03:53,771.0,2616359
2021-05-10 10:03:54,771.0,2616379
2021-05-10 10:03:56,771.05,2616444
2021-05-10 10:03:56,771.05,2616444
2021-05-10 10:03:57,771.45,2616694
2021-05-10 10:03:58,771.45,2616706
2021-05-10 10:03:59,771.0,2617706
2021-05-10 10:04:01,771.0,2617820
2021-05-10 10:04:02,771.25,2617887
2021-05-10 10:04:03,771.0,2617897
2021-05-10 10:04:04,771.25,2617899
2021-05-10 10:04:05,771.25,2617899
2021-05-10 10:04:07,771.4,2618251
2021-05-10 10:04:07,771.4,2618662
2021-05-10 10:04:08,771.25,2618688
2021-05-10 10:04:09,771.4,2618838
2021-05-10 10:04:10,771.4,2618838
2021-05-10 10:04:11,771.2,2618893
2021-05-10 10:04:12,771.2,2618893
2021-05-10 10:04:14,771.4,2618900
2021-05-10 10:04:15,771.35,2619004
2021-05-10 10:04:16,771.4,2619542
2021-05-10 10:04:17,771.4,2619543
2021-05-10 10:04:18,771.4,2619818
2021-05-10 10:04:19,771.4,2619818
2021-05-10 10:04:20,771.4,2619818
2021-05-10 10:04:22,771.1,2619894
2021-05-10 10:04:23,771.4,2620546
2021-05-10 10:04:24,771.1,2620547
2021-05-10 10:04:25,771.05,2620568
2021-05-10 10:04:26,771.05,2620568
2021-05-10 10:04:27,771.0,2621568
2021-05-10 10:04:28,771.25,2622015
2021-05-10 10:04:29,771.45,2622773
2021-05-10 10:04:31,771.45,2622784
2021-05-10 10:04:31,771.45,2622784
2021-05-10 10:04:32,771.45,2622784
2021-05-10 10:04:33,771.4,2622834
2021-05-10 10:04:34,771.15,2623234
2021-05-10 10:04:36,771.2,2623344
2021-05-10 10:04:36,771.2,2623371
2021-05-10 10:04:37,771.2,2623698
2021-05-10 10:04:38,771.2,2623758
2021-05-10 10:04:39,771.45,2623759
2021-05-10 10:04:40,771.2,2623859
2021-05-10 10:04:41,771.5,2623869
2021-05-10 10:04:43,771.2,2623879
2021-05-10 10:04:44,771.2,2623880
2021-05-10 10:04:45,771.2,2623888
2021-05-10 10:04:46,771.5,2623998
2021-05-10 10:04:46,771.5,2623999
2021-05-10 10:04:47,771.15,2624034
2021-05-10 10:04:48,771.2,2624045
2021-05-10 10:04:49,771.2,2624045
2021-05-10 10:04:50,771.2,2624045
2021-05-10 10:04:51,771.2,2624066
2021-05-10 10:04:52,771.4,2624206
2021-05-10 10:04:53,771.4,2624206
2021-05-10 10:04:54,771.2,2624209
2021-05-10 10:04:55,771.4,2624214
2021-05-10 10:04:57,771.4,2624239
2021-05-10 10:04:57,771.4,2624239
2021-05-10 10:04:58,771.4,2624329
2021-05-10 10:05:00,771.4,2624338
2021-05-10 10:05:02,771.2,2624502
2021-05-10 10:05:02,771.2,2624502
2021-05-10 10:05:03,771.4,2624599
2021-05-10 10:05:04,771.2,2624624
2021-05-10 10:05:06,771.4,2624650
2021-05-10 10:05:06,771.45,2625054
2021-05-10 10:05:07,771.3,2625074
2021-05-10 10:05:08,771.65,2627057
2021-05-10 10:05:09,771.65,2627154
2021-05-10 10:05:10,771.95,2632473
2021-05-10 10:05:11,771.85,2632745
2021-05-10 10:05:13,771.85,2633110
2021-05-10 10:05:14,772.0,2633410
2021-05-10 10:05:15,771.85,2633430
2021-05-10 10:05:16,771.8,2633471
2021-05-10 10:05:16,771.8,2633471
2021-05-10 10:05:17,772.4,2642611
2021-05-10 10:05:18,772.4,2642762
2021-05-10 10:05:19,772.85,2650019
2021-05-10 10:05:20,772.9,2650425
2021-05-10 10:05:22,773.15,2667599
2021-05-10 10:05:23,773.15,2667662
2021-05-10 10:05:24,772.75,2667687
2021-05-10 10:05:25,772.75,2667691
2021-05-10 10:05:26,772.75,2667872
2021-05-10 10:05:27,772.5,2668677
2021-05-10 10:05:28,773.0,2668832
2021-05-10 10:05:29,772.85,2668882
2021-05-10 10:05:30,773.0,2669084
2021-05-10 10:05:31,773.0,2669804
2021-05-10 10:05:32,773.0,2669825
2021-05-10 10:05:33,772.75,2670367
2021-05-10 10:05:34,772.9,2670974
2021-05-10 10:05:36,773.0,2671146
2021-05-10 10:05:37,773.2,2671303
2021-05-10 10:05:38,773.2,2671965
2021-05-10 10:05:38,773.2,2671965
2021-05-10 10:05:40,773.0,2673003
2021-05-10 10:05:40,773.0,2673178
2021-05-10 10:05:42,772.8,2673458
2021-05-10 10:05:43,772.8,2674068
2021-05-10 10:05:44,772.8,2674239
2021-05-10 10:05:45,773.0,2674264
2021-05-10 10:05:45,773.0,2674364
2021-05-10 10:05:46,772.8,2674472
2021-05-10 10:05:47,772.75,2674822
2021-05-10 10:05:48,773.0,2674977
2021-05-10 10:05:49,772.65,2675130
2021-05-10 10:05:50,772.9,2675747
2021-05-10 10:05:51,773.0,2675947
2021-05-10 10:05:52,773.0,2676040
2021-05-10 10:05:53,772.7,2676335
2021-05-10 10:05:55,772.7,2676335
2021-05-10 10:05:56,772.9,2676386
2021-05-10 10:05:56,772.9,2676356
2021-05-10 10:05:57,772.65,2676897
2021-05-10 10:05:58,772.6,2677667
2021-05-10 10:05:59,772.65,2677872
2021-05-10 10:06:00,772.65,2678017
2021-05-10 10:06:02,772.65,2678017
2021-05-10 10:06:03,772.95,2678333
2021-05-10 10:06:03,772.8,2678408
2021-05-10 10:06:05,772.8,2678528
2021-05-10 10:06:05,773.0,2678828
2021-05-10 10:06:06,773.0,2678828
2021-05-10 10:06:07,773.0,2678969
2021-05-10 10:06:08,772.8,2679459
2021-05-10 10:06:09,773.0,2679469
2021-05-10 10:06:10,773.2,2688572
2021-05-10 10:06:11,773.0,2688858
2021-05-10 10:06:12,773.25,2688899
2021-05-10 10:06:13,773.3,2689701
2021-05-10 10:06:14,773.0,2689911
2021-05-10 10:06:15,773.3,2690013
2021-05-10 10:06:17,773.3,2690128
2021-05-10 10:06:18,773.0,2690209
2021-05-10 10:06:19,773.05,2690539
2021-05-10 10:06:20,773.35,2690931
2021-05-10 10:06:20,773.0,2691324
2021-05-10 10:06:21,773.0,2691833
2021-05-10 10:06:23,773.0,2692235
2021-05-10 10:06:24,773.0,2692418
2021-05-10 10:06:25,773.3,2692644
2021-05-10 10:06:26,772.9,2692847
2021-05-10 10:06:28,773.25,2692997
2021-05-10 10:06:29,773.25,2693131
2021-05-10 10:06:30,773.3,2693192
2021-05-10 10:06:31,773.3,2694510
2021-05-10 10:06:32,773.35,2694529
2021-05-10 10:06:34,773.05,2694564
2021-05-10 10:06:34,773.0,2694644
2021-05-10 10:06:36,773.35,2694794
2021-05-10 10:06:37,773.0,2695669
2021-05-10 10:06:38,773.0,2696039
2021-05-10 10:06:38,773.05,2696149
2021-05-10 10:06:40,773.35,2696531
2021-05-10 10:06:41,773.35,2697056
2021-05-10 10:06:41,773.75,2715799
2021-05-10 10:06:42,773.6,2716440
2021-05-10 10:06:43,773.8,2716497
2021-05-10 10:06:44,773.5,2716501
2021-05-10 10:06:46,773.8,2717059
2021-05-10 10:06:47,773.75,2717071
2021-05-10 10:06:47,773.35,2717121
2021-05-10 10:06:48,773.7,2717826
2021-05-10 10:06:49,773.65,2718384
2021-05-10 10:06:50,773.5,2718426
2021-05-10 10:06:51,773.5,2719027
2021-05-10 10:06:53,773.6,2719142
2021-05-10 10:06:53,773.35,2719252
2021-05-10 10:06:54,773.7,2720465
2021-05-10 10:06:55,773.75,2721070
2021-05-10 10:06:56,773.4,2721106
2021-05-10 10:06:58,773.6,2721538
2021-05-10 10:06:59,773.55,2722268
2021-05-10 10:07:00,773.25,2723569
2021-05-10 10:07:01,773.6,2724176
2021-05-10 10:07:02,773.6,2725006
2021-05-10 10:07:04,773.55,2725291
2021-05-10 10:07:05,773.3,2725661
2021-05-10 10:07:06,773.35,2727280
2021-05-10 10:07:07,773.3,2727281
2021-05-10 10:07:07,773.4,2727306
2021-05-10 10:07:08,773.45,2727391
2021-05-10 10:07:09,773.4,2727406
2021-05-10 10:07:12,773.0,2728859
2021-05-10 10:07:13,773.0,2729029
2021-05-10 10:07:14,772.95,2733653
2021-05-10 10:07:15,772.8,2733738
2021-05-10 10:07:16,772.65,2734299
2021-05-10 10:07:17,773.0,2736131
2021-05-10 10:07:18,773.0,2736131
2021-05-10 10:07:19,773.0,2736206
2021-05-10 10:07:20,772.75,2736272
2021-05-10 10:07:21,773.15,2736313
2021-05-10 10:07:22,773.0,2736351
2021-05-10 10:07:22,772.6,2736451
2021-05-10 10:07:23,773.0,2736567
2021-05-10 10:07:24,773.0,2736587
2021-05-10 10:07:25,773.1,2736809
2021-05-10 10:07:26,773.0,2737010
2021-05-10 10:07:28,773.3,2737127
2021-05-10 10:07:29,773.15,2737145
2021-05-10 10:07:30,773.15,2737407
2021-05-10 10:07:31,772.75,2738418
2021-05-10 10:07:31,773.15,2738423
2021-05-10 10:07:36,773.15,2740582
2021-05-10 10:07:38,773.15,2740715
2021-05-10 10:07:39,773.3,2741026
2021-05-10 10:07:40,773.15,2741569
2021-05-10 10:07:41,773.15,2741599
2021-05-10 10:07:42,773.3,2741701
2021-05-10 10:07:43,773.15,2742001
2021-05-10 10:07:44,773.3,2742304
2021-05-10 10:07:45,773.15,2742380
2021-05-10 10:07:46,773.3,2742657
2021-05-10 10:07:47,773.15,2742907
2021-05-10 10:07:48,773.3,2743012
2021-05-10 10:07:49,773.3,2743112
2021-05-10 10:07:49,773.3,2743112
2021-05-10 10:07:51,773.0,2747167
2021-05-10 10:07:52,773.0,2747167
2021-05-10 10:07:53,773.0,2747167
2021-05-10 10:07:54,773.05,2747207
2021-05-10 10:07:55,773.2,2747463
2021-05-10 10:07:55,773.2,2747463
2021-05-10 10:07:56,773.05,2747643
2021-05-10 10:07:57,773.0,2747753
2021-05-10 10:07:58,773.05,2748323
2021-05-10 10:08:00,773.1,2748423
2021-05-10 10:08:01,773.0,2748623
2021-05-10 10:08:01,773.1,2748624
2021-05-10 10:08:02,773.1,2748679
2021-05-10 10:08:04,773.0,2748719
2021-05-10 10:08:04,773.0,2748719
2021-05-10 10:08:05,773.0,2748719
2021-05-10 10:08:07,772.7,2750084
2021-05-10 10:08:08,772.65,2751084
2021-05-10 10:08:09,773.0,2753598
2021-05-10 10:08:10,773.15,2755098
2021-05-10 10:08:11,773.15,2757624
2021-05-10 10:08:12,773.2,2757758
2021-05-10 10:08:13,773.4,2759457
2021-05-10 10:08:14,773.2,2759707
2021-05-10 10:08:15,773.65,2770874
2021-05-10 10:08:16,773.55,2771358
2021-05-10 10:08:18,773.65,2772747
2021-05-10 10:08:19,773.55,2772856
2021-05-10 10:08:20,773.65,2773095
2021-05-10 10:08:21,773.65,2773095
2021-05-10 10:08:22,773.65,2774555
2021-05-10 10:08:23,773.6,2776065
2021-05-10 10:08:24,773.6,2779247
2021-05-10 10:08:25,773.6,2779247
2021-05-10 10:08:26,773.85,2782434
2021-05-10 10:08:27,773.9,2782581
2021-05-10 10:08:28,773.75,2785330
2021-05-10 10:08:29,773.75,2785584
2021-05-10 10:08:30,773.9,2785704
2021-05-10 10:08:31,773.75,2785809
2021-05-10 10:08:32,773.9,2785879
2021-05-10 10:08:33,773.9,2785987
2021-05-10 10:08:34,773.9,2786235
2021-05-10 10:08:34,773.85,2786245
2021-05-10 10:08:35,773.9,2786475
2021-05-10 10:08:37,773.95,2789658
2021-05-10 10:08:38,773.95,2789754
2021-05-10 10:08:39,773.85,2793136
2021-05-10 10:08:39,774.0,2793137
2021-05-10 10:08:40,773.9,2793138
2021-05-10 10:08:41,774.7,2809545
2021-05-10 10:08:43,774.8,2810357
2021-05-10 10:08:44,774.75,2811977
2021-05-10 10:08:45,774.8,2812227
2021-05-10 10:08:46,774.5,2812633
2021-05-10 10:08:47,774.5,2813053
2021-05-10 10:08:48,774.6,2813110
2021-05-10 10:08:49,774.75,2813225
2021-05-10 10:08:50,774.7,2813945
2021-05-10 10:08:51,774.5,2814107
2021-05-10 10:08:52,774.9,2814828
2021-05-10 10:08:53,774.8,2814873
2021-05-10 10:08:54,775.0,2820394
2021-05-10 10:08:55,775.0,2821479
2021-05-10 10:08:56,774.9,2822684
2021-05-10 10:08:57,774.7,2823093
2021-05-10 10:08:58,774.95,2824149
2021-05-10 10:08:59,775.0,2824173
2021-05-10 10:09:00,775.0,2824948
2021-05-10 10:09:02,774.9,2827027
2021-05-10 10:09:03,775.0,2828656
2021-05-10 10:09:04,774.65,2830667
2021-05-10 10:09:05,774.65,2830837
2021-05-10 10:09:06,774.65,2831679
2021-05-10 10:09:07,774.9,2832252
2021-05-10 10:09:08,775.0,2833055
2021-05-10 10:09:08,774.5,2834500
2021-05-10 10:09:10,774.85,2834510
2021-05-10 10:09:11,774.7,2835720
2021-05-10 10:09:12,774.35,2836420
2021-05-10 10:09:13,774.3,2837165
2021-05-10 10:09:14,774.0,2837708
2021-05-10 10:09:15,774.45,2837810
2021-05-10 10:09:16,774.5,2838490
2021-05-10 10:09:17,774.5,2838598
2021-05-10 10:09:18,774.7,2839133
2021-05-10 10:09:19,774.5,2839549
2021-05-10 10:09:20,774.65,2839726
2021-05-10 10:09:21,774.35,2839768
2021-05-10 10:09:22,774.65,2839893
2021-05-10 10:09:23,774.15,2842547
2021-05-10 10:09:24,774.0,2843015
2021-05-10 10:09:25,774.0,2843486
2021-05-10 10:09:26,774.1,2843536
2021-05-10 10:09:27,774.1,2843682
2021-05-10 10:09:28,774.15,2843773
2021-05-10 10:09:29,774.0,2844599
2021-05-10 10:09:29,774.3,2845099
2021-05-10 10:09:30,774.0,2845268
2021-05-10 10:09:31,774.3,2845293
2021-05-10 10:09:33,774.3,2845786
2021-05-10 10:09:34,774.0,2850660
2021-05-10 10:09:35,774.2,2851043
2021-05-10 10:09:35,774.0,2850823
2021-05-10 10:09:37,774.05,2852017
2021-05-10 10:09:38,774.0,2852124
2021-05-10 10:09:38,773.7,2854930
2021-05-10 10:09:40,774.0,2856450
2021-05-10 10:09:40,773.8,2856602
2021-05-10 10:09:41,773.85,2856702
2021-05-10 10:09:42,773.9,2857285
2021-05-10 10:09:44,773.9,2857495
2021-05-10 10:09:46,773.75,2857787
2021-05-10 10:09:47,774.1,2859123
2021-05-10 10:09:48,774.25,2859746
2021-05-10 10:09:49,774.5,2859815
2021-05-10 10:09:50,774.2,2861009
2021-05-10 10:09:50,774.2,2861388
2021-05-10 10:09:52,774.75,2866689
2021-05-10 10:09:53,774.75,2866689
2021-05-10 10:09:54,774.85,2866709
2021-05-10 10:09:55,774.5,2867024
2021-05-10 10:09:56,774.5,2867069
2021-05-10 10:09:57,774.6,2867169
2021-05-10 10:09:58,774.15,2867311
2021-05-10 10:09:59,774.55,2869918
2021-05-10 10:09:59,774.55,2869918
2021-05-10 10:10:02,774.5,2870454
2021-05-10 10:10:03,774.7,2870577
2021-05-10 10:10:04,774.65,2870639
2021-05-10 10:10:05,774.5,2870710
2021-05-10 10:10:06,774.8,2870753
2021-05-10 10:10:07,774.6,2870912
2021-05-10 10:10:08,774.3,2873078
2021-05-10 10:10:09,774.5,2873168
2021-05-10 10:10:09,774.5,2873168
2021-05-10 10:10:10,774.25,2873173
2021-05-10 10:10:12,774.35,2873373
2021-05-10 10:10:14,774.35,2873655
2021-05-10 10:10:16,774.2,2873656
2021-05-10 10:10:17,774.35,2874532
2021-05-10 10:10:18,774.2,2875138
2021-05-10 10:10:20,774.05,2876227
2021-05-10 10:10:21,774.05,2876325
2021-05-10 10:10:22,774.05,2876351
2021-05-10 10:10:23,774.35,2877508
2021-05-10 10:10:24,774.3,2877968
2021-05-10 10:10:25,774.0,2878350
2021-05-10 10:10:25,774.0,2878270
2021-05-10 10:10:26,774.0,2878350
2021-05-10 10:10:27,774.25,2878585
2021-05-10 10:10:29,774.05,2878851
2021-05-10 10:10:29,774.25,2878891
2021-05-10 10:10:30,774.05,2878933
2021-05-10 10:10:32,774.05,2879168
2021-05-10 10:10:33,774.05,2886747
2021-05-10 10:10:34,774.35,2887235
2021-05-10 10:10:35,774.45,2887314
2021-05-10 10:10:36,774.3,2887514
2021-05-10 10:10:37,774.35,2887534
2021-05-10 10:10:38,774.5,2888479
2021-05-10 10:10:38,774.2,2888499
2021-05-10 10:10:39,774.2,2888499
2021-05-10 10:10:40,774.25,2888995
2021-05-10 10:10:42,774.5,2890653
2021-05-10 10:10:43,774.5,2890678
2021-05-10 10:10:44,775.2,2927172
2021-05-10 10:10:44,775.2,2927172
2021-05-10 10:10:45,775.4,2929063
2021-05-10 10:10:47,775.15,2929599
2021-05-10 10:10:47,775.1,2930108
2021-05-10 10:10:49,774.55,2931951
2021-05-10 10:10:49,774.8,2932289
2021-05-10 10:10:51,774.8,2932524
2021-05-10 10:10:52,774.8,2932605
2021-05-10 10:10:53,775.0,2932993
2021-05-10 10:10:54,775.1,2934728
2021-05-10 10:10:55,775.25,2934863
2021-05-10 10:10:56,775.25,2934863
2021-05-10 10:10:57,775.4,2935653
2021-05-10 10:10:58,775.45,2935693
2021-05-10 10:10:59,775.3,2935984
2021-05-10 10:11:00,775.05,2936117
2021-05-10 10:11:01,775.3,2936241
2021-05-10 10:11:02,775.1,2936813
2021-05-10 10:11:03,775.2,2937810
2021-05-10 10:11:04,775.15,2937816
2021-05-10 10:11:06,774.6,2941837
2021-05-10 10:11:07,775.1,2942706
2021-05-10 10:11:08,775.1,2942738
2021-05-10 10:11:09,774.75,2942808
2021-05-10 10:11:10,775.2,2943506
2021-05-10 10:11:11,775.2,2943708
2021-05-10 10:11:12,775.45,2943968
2021-05-10 10:11:13,775.5,2944472
2021-05-10 10:11:15,776.0,3009674
2021-05-10 10:11:14,776.0,3009437
2021-05-10 10:11:16,776.2,3010127
2021-05-10 10:11:17,776.45,3011460
2021-05-10 10:11:18,776.3,3013013
2021-05-10 10:11:19,776.25,3015306
2021-05-10 10:11:20,776.3,3015406
2021-05-10 10:11:22,776.65,3020614
2021-05-10 10:11:23,776.5,3022172
2021-05-10 10:11:24,776.4,3023882
2021-05-10 10:11:26,776.65,3025479
2021-05-10 10:11:27,776.65,3028196
2021-05-10 10:11:28,776.7,3029665
2021-05-10 10:11:29,776.85,3030690
2021-05-10 10:11:30,776.85,3032228
2021-05-10 10:11:31,776.5,3033872
2021-05-10 10:11:32,776.85,3035891
2021-05-10 10:11:33,776.85,3037099
2021-05-10 10:11:34,777.0,3037804
2021-05-10 10:11:35,776.7,3039558
2021-05-10 10:11:36,777.0,3041555
2021-05-10 10:11:37,776.95,3041954
2021-05-10 10:11:38,776.85,3042739
2021-05-10 10:11:39,776.85,3043060
2021-05-10 10:11:40,776.85,3044155
2021-05-10 10:11:41,776.8,3044852
2021-05-10 10:11:42,776.85,3045451
2021-05-10 10:11:43,776.55,3048330
2021-05-10 10:11:44,776.5,3048890
2021-05-10 10:11:45,776.55,3049626
2021-05-10 10:11:46,776.5,3051311
2021-05-10 10:11:47,776.55,3052421
2021-05-10 10:11:48,776.05,3053331
2021-05-10 10:11:49,776.05,3054160
2021-05-10 10:11:50,776.4,3054690
2021-05-10 10:11:51,776.2,3055211
2021-05-10 10:11:52,775.7,3056947
2021-05-10 10:11:53,776.1,3058518
2021-05-10 10:11:54,776.1,3058518
2021-05-10 10:11:55,775.7,3059244
2021-05-10 10:11:56,776.45,3061344
2021-05-10 10:11:57,776.35,3061874
2021-05-10 10:11:58,776.05,3063039
2021-05-10 10:11:59,775.95,3063482
2021-05-10 10:12:00,776.0,3063723
2021-05-10 10:12:01,776.0,3064639
2021-05-10 10:12:02,776.05,3066368
2021-05-10 10:12:03,776.0,3067196
2021-05-10 10:12:04,775.9,3067348
2021-05-10 10:12:05,775.95,3068425
2021-05-10 10:12:06,776.0,3068509
2021-05-10 10:12:07,775.7,3068796
2021-05-10 10:12:08,775.9,3069124
2021-05-10 10:12:09,776.0,3069621
2021-05-10 10:12:10,776.0,3069756
2021-05-10 10:12:11,775.9,3069978
2021-05-10 10:12:12,775.9,3070271
2021-05-10 10:12:13,776.0,3070779
2021-05-10 10:12:14,776.0,3070894
2021-05-10 10:12:15,776.0,3074638
2021-05-10 10:12:16,775.65,3074663
2021-05-10 10:12:17,775.9,3074820
2021-05-10 10:12:18,775.9,3074821
2021-05-10 10:12:19,775.95,3075099
2021-05-10 10:12:20,776.0,3078301
2021-05-10 10:12:21,775.8,3078326
2021-05-10 10:12:22,775.6,3078487
2021-05-10 10:12:23,775.7,3080196
2021-05-10 10:12:24,775.75,3083366
2021-05-10 10:12:25,775.75,3083426
2021-05-10 10:12:26,775.75,3083596
2021-05-10 10:12:27,775.75,3083659
2021-05-10 10:12:28,775.7,3083896
2021-05-10 10:12:29,775.75,3088476
2021-05-10 10:12:30,775.4,3088613
2021-05-10 10:12:31,775.35,3088826
2021-05-10 10:12:32,775.4,3089139
2021-05-10 10:12:35,775.4,3089840
2021-05-10 10:12:34,775.45,3089582
2021-05-10 10:12:38,775.4,3090296
2021-05-10 10:12:39,775.35,3090500
2021-05-10 10:12:40,775.4,3091212
2021-05-10 10:12:41,775.0,3095544
2021-05-10 10:12:42,774.8,3096633
2021-05-10 10:12:43,774.8,3096633
2021-05-10 10:12:44,775.3,3096744
2021-05-10 10:12:45,775.2,3103691
2021-05-10 10:12:46,775.2,3103992
2021-05-10 10:12:47,775.9,3105071
2021-05-10 10:12:48,775.95,3118931
2021-05-10 10:12:50,776.45,3119611
2021-05-10 10:12:51,776.6,3119907
2021-05-10 10:12:52,776.3,3119982
2021-05-10 10:12:53,776.65,3120085
2021-05-10 10:12:54,776.8,3121451
2021-05-10 10:12:55,776.5,3121489
2021-05-10 10:12:56,776.6,3121501
2021-05-10 10:12:57,776.8,3121581
2021-05-10 10:12:58,776.9,3122777
2021-05-10 10:12:59,776.9,3123513
2021-05-10 10:13:00,776.7,3123816
2021-05-10 10:13:01,777.15,3142440
2021-05-10 10:13:02,777.1,3142976
2021-05-10 10:13:03,777.35,3143893
2021-05-10 10:13:05,777.15,3148103
2021-05-10 10:13:06,777.5,3149247
2021-05-10 10:13:07,777.1,3149709
2021-05-10 10:13:09,776.45,3159155
2021-05-10 10:13:09,776.7,3159270
2021-05-10 10:13:10,776.7,3159630
2021-05-10 10:13:11,776.6,3160477
2021-05-10 10:13:13,776.9,3160974
2021-05-10 10:13:14,777.0,3161664
2021-05-10 10:13:15,777.15,3161899
2021-05-10 10:13:15,777.0,3162100
2021-05-10 10:13:17,776.8,3164489
2021-05-10 10:13:18,776.85,3165110
2021-05-10 10:13:19,776.45,3165153
2021-05-10 10:13:20,776.25,3165546
2021-05-10 10:13:21,776.5,3165622
2021-05-10 10:13:23,776.65,3165939
2021-05-10 10:13:23,776.65,3165939
2021-05-10 10:13:24,776.7,3166439
2021-05-10 10:13:25,776.7,3167036
2021-05-10 10:13:26,776.35,3167222
2021-05-10 10:13:27,776.75,3168045
2021-05-10 10:13:28,776.7,3168295
2021-05-10 10:13:30,776.9,3168618
2021-05-10 10:13:30,777.0,3168996
2021-05-10 10:13:31,776.75,3169171
2021-05-10 10:13:33,776.95,3176035
2021-05-10 10:13:34,776.35,3178038
2021-05-10 10:13:35,776.8,3181320
2021-05-10 10:13:35,776.6,3181323
2021-05-10 10:13:37,776.15,3189466
2021-05-10 10:13:38,776.3,3190127
2021-05-10 10:13:39,776.2,3190495
2021-05-10 10:13:40,776.25,3190650
2021-05-10 10:13:41,776.25,3190650
2021-05-10 10:13:42,776.15,3191005
2021-05-10 10:13:43,776.85,3200049
2021-05-10 10:13:44,776.8,3200593
2021-05-10 10:13:45,777.0,3200606
2021-05-10 10:13:46,777.0,3201847
2021-05-10 10:13:47,777.0,3202161
2021-05-10 10:13:48,777.0,3202432
2021-05-10 10:13:49,776.9,3202603
2021-05-10 10:13:50,776.7,3202891
2021-05-10 10:13:51,777.15,3204967
2021-05-10 10:13:52,776.6,3207290
2021-05-10 10:13:53,776.7,3207350
2021-05-10 10:13:54,776.55,3213000
2021-05-10 10:13:55,776.65,3213353
2021-05-10 10:13:57,776.6,3213414
2021-05-10 10:13:57,776.4,3213424
2021-05-10 10:13:58,776.6,3213427
2021-05-10 10:13:59,776.5,3213487
2021-05-10 10:14:01,776.7,3213733
2021-05-10 10:14:02,776.25,3214011
2021-05-10 10:14:03,775.75,3216979
2021-05-10 10:14:05,776.25,3216985
2021-05-10 10:14:05,776.25,3216985
2021-05-10 10:14:07,776.15,3217117
2021-05-10 10:14:07,776.0,3217150
2021-05-10 10:14:09,776.15,3217196
2021-05-10 10:14:09,776.15,3217196
2021-05-10 10:14:10,776.2,3217439
2021-05-10 10:14:11,776.25,3217534
2021-05-10 10:14:12,776.0,3217590
2021-05-10 10:14:13,776.25,3217709
2021-05-10 10:14:14,776.25,3217760
2021-05-10 10:14:15,776.0,3217926
2021-05-10 10:14:17,776.25,3218869
2021-05-10 10:14:18,776.65,3219120
2021-05-10 10:14:18,776.65,3219120
2021-05-10 10:14:19,776.5,3219224
2021-05-10 10:14:20,776.25,3219379
2021-05-10 10:14:21,776.75,3219668
2021-05-10 10:14:22,776.35,3219772
2021-05-10 10:14:23,776.3,3220197
2021-05-10 10:14:24,776.3,3220324
2021-05-10 10:14:25,776.3,3221204
2021-05-10 10:14:27,776.3,3221290
2021-05-10 10:14:28,776.5,3221475
2021-05-10 10:14:28,776.5,3221424
2021-05-10 10:14:29,776.3,3221655
2021-05-10 10:14:30,776.3,3221795
2021-05-10 10:14:31,776.35,3222053
2021-05-10 10:14:32,776.5,3222169
2021-05-10 10:14:34,776.5,3222514
2021-05-10 10:14:35,776.5,3222519
2021-05-10 10:14:36,776.3,3222691
2021-05-10 10:14:37,776.5,3222692
2021-05-10 10:14:39,776.05,3224635
2021-05-10 10:14:40,776.5,3225503
2021-05-10 10:14:40,776.5,3225503
2021-05-10 10:14:41,776.25,3225598
2021-05-10 10:14:42,776.25,3225635
2021-05-10 10:14:43,776.3,3225692
2021-05-10 10:14:44,776.5,3226052
2021-05-10 10:14:45,776.45,3226057
2021-05-10 10:14:46,776.7,3227782
2021-05-10 10:14:48,776.8,3228794
2021-05-10 10:14:49,777.0,3229229
2021-05-10 10:14:50,777.0,3229479
2021-05-10 10:14:51,777.0,3229622
2021-05-10 10:14:52,776.6,3230698
2021-05-10 10:14:54,777.1,3233374
2021-05-10 10:14:54,777.1,3233374
2021-05-10 10:14:55,776.8,3234184
2021-05-10 10:14:56,776.85,3234370
2021-05-10 10:14:57,776.95,3234562
2021-05-10 10:14:58,776.9,3234777
2021-05-10 10:14:59,776.8,3234892
2021-05-10 10:15:01,776.85,3235092
2021-05-10 10:15:02,776.45,3237709
2021-05-10 10:15:02,776.45,3237709
2021-05-10 10:15:04,776.45,3239873
2021-05-10 10:15:04,776.45,3239873
2021-05-10 10:15:05,775.8,3249709
2021-05-10 10:15:06,775.75,3252518
2021-05-10 10:15:07,775.7,3253234
2021-05-10 10:15:10,776.1,3254830
2021-05-10 10:15:10,776.1,3254830
2021-05-10 10:15:11,776.05,3255705
2021-05-10 10:15:12,776.0,3255715
2021-05-10 10:15:13,776.1,3255882
2021-05-10 10:15:14,776.0,3255992
2021-05-10 10:15:15,775.55,3257565
2021-05-10 10:15:17,776.0,3257676
2021-05-10 10:15:18,775.7,3259297
2021-05-10 10:15:19,775.9,3259443
2021-05-10 10:15:20,775.8,3259602
2021-05-10 10:15:21,775.9,3259682
2021-05-10 10:15:21,775.9,3259682
2021-05-10 10:15:22,775.95,3260587
2021-05-10 10:15:23,775.65,3261100
2021-05-10 10:15:24,775.95,3261565
2021-05-10 10:15:25,775.55,3261761
2021-05-10 10:15:26,775.85,3262150
2021-05-10 10:15:29,775.7,3262594
2021-05-10 10:15:30,775.9,3263195
2021-05-10 10:15:31,775.55,3263217
2021-05-10 10:15:32,775.55,3263513
2021-05-10 10:15:33,775.5,3263551
2021-05-10 10:15:34,775.7,3265278
2021-05-10 10:15:34,775.7,3265278
2021-05-10 10:15:35,775.5,3265340
2021-05-10 10:15:36,775.35,3265437
2021-05-10 10:15:37,775.3,3265587
2021-05-10 10:15:38,775.3,3269792
2021-05-10 10:15:39,775.55,3270074
2021-05-10 10:15:41,775.55,3270074
2021-05-10 10:15:41,775.2,3270254
2021-05-10 10:15:43,775.2,3270520
2021-05-10 10:15:44,775.2,3270720
2021-05-10 10:15:45,775.1,3271160
2021-05-10 10:15:45,775.1,3271163
2021-05-10 10:15:46,775.1,3271256
2021-05-10 10:15:47,775.55,3271336
2021-05-10 10:15:48,775.55,3271351
2021-05-10 10:15:49,775.1,3271421
2021-05-10 10:15:50,775.3,3271733
2021-05-10 10:15:51,775.35,3271905
2021-05-10 10:15:52,775.1,3272075
2021-05-10 10:15:54,775.4,3272091
2021-05-10 10:15:55,775.1,3272221
2021-05-10 10:15:56,775.1,3272221
2021-05-10 10:15:56,775.2,3274514
2021-05-10 10:15:58,775.0,3283473
2021-05-10 10:15:59,775.25,3286734
2021-05-10 10:15:59,775.15,3286754
2021-05-10 10:16:00,775.1,3287274
2021-05-10 10:16:01,775.0,3287275
2021-05-10 10:16:02,775.0,3287331
2021-05-10 10:16:03,775.0,3287431
2021-05-10 10:16:05,775.0,3287550
2021-05-10 10:16:06,774.9,3287940
2021-05-10 10:16:06,775.05,3287949
2021-05-10 10:16:07,775.1,3288212
2021-05-10 10:16:08,775.05,3289268
2021-05-10 10:16:09,775.0,3290524
2021-05-10 10:16:10,775.3,3293232
2021-05-10 10:16:12,775.0,3293824
2021-05-10 10:16:13,775.3,3293995
2021-05-10 10:16:13,775.3,3293975
2021-05-10 10:16:14,774.85,3295074
2021-05-10 10:16:15,775.0,3295299
2021-05-10 10:16:16,775.35,3295645
2021-05-10 10:16:17,775.85,3296673
2021-05-10 10:16:18,775.4,3297353
2021-05-10 10:16:20,775.5,3297912
2021-05-10 10:16:21,775.65,3298062
2021-05-10 10:16:22,775.5,3298587
2021-05-10 10:16:23,775.95,3299494
2021-05-10 10:16:23,775.95,3299494
2021-05-10 10:16:24,775.75,3299544
2021-05-10 10:16:25,775.9,3300719
2021-05-10 10:16:26,775.5,3300724
2021-05-10 10:16:27,775.65,3301111
2021-05-10 10:16:28,775.25,3301186
2021-05-10 10:16:29,775.6,3301486
2021-05-10 10:16:30,775.6,3301486
2021-05-10 10:16:32,775.25,3301608
2021-05-10 10:16:33,775.25,3301668
2021-05-10 10:16:34,775.65,3301683
2021-05-10 10:16:36,775.15,3302068
2021-05-10 10:16:37,775.3,3302168
2021-05-10 10:16:38,775.45,3302174
2021-05-10 10:16:39,775.45,3302189
2021-05-10 10:16:40,775.25,3302254
2021-05-10 10:16:40,775.1,3302279
2021-05-10 10:16:41,775.55,3302383
2021-05-10 10:16:42,775.15,3303193
2021-05-10 10:16:43,775.15,3303243
2021-05-10 10:16:44,775.5,3303375
2021-05-10 10:16:45,775.55,3303385
2021-05-10 10:16:47,775.25,3303658
2021-05-10 10:16:49,775.1,3303919
2021-05-10 10:16:50,775.0,3304619
2021-05-10 10:16:51,775.4,3304639
2021-05-10 10:16:51,775.4,3304639
2021-05-10 10:16:52,775.4,3304649
2021-05-10 10:16:53,775.0,3305049
2021-05-10 10:16:54,775.1,3306874
2021-05-10 10:16:56,775.5,3306986
2021-05-10 10:16:57,775.1,3306988
2021-05-10 10:16:58,775.4,3307088
2021-05-10 10:16:58,775.4,3307089
2021-05-10 10:16:59,775.25,3307441
2021-05-10 10:17:00,775.25,3307475
2021-05-10 10:17:01,775.1,3307589
2021-05-10 10:17:02,775.05,3307789
2021-05-10 10:17:04,775.4,3307990
2021-05-10 10:17:05,775.45,3308052
2021-05-10 10:17:06,775.1,3308431
2021-05-10 10:17:06,775.1,3308431
2021-05-10 10:17:08,775.35,3308690
2021-05-10 10:17:10,775.5,3309708
2021-05-10 10:17:11,775.45,3309736
2021-05-10 10:17:12,775.1,3309747
2021-05-10 10:17:13,775.1,3309747
2021-05-10 10:17:14,775.05,3310853
2021-05-10 10:17:15,775.05,3311073
2021-05-10 10:17:16,775.0,3312130
2021-05-10 10:17:16,775.0,3312130
2021-05-10 10:17:17,775.0,3312130
2021-05-10 10:17:19,775.0,3312260
2021-05-10 10:17:20,775.0,3312910
2021-05-10 10:17:21,775.05,3313379
2021-05-10 10:17:22,775.0,3313645
2021-05-10 10:17:23,775.0,3313748
2021-05-10 10:17:24,775.05,3313938
2021-05-10 10:17:24,775.0,3313988
2021-05-10 10:17:26,775.05,3314538
2021-05-10 10:17:27,775.0,3315722
2021-05-10 10:17:28,774.65,3315839
2021-05-10 10:17:29,775.0,3316039
2021-05-10 10:17:30,774.65,3316102
2021-05-10 10:17:31,774.6,3316277
2021-05-10 10:17:32,774.9,3316334
2021-05-10 10:17:33,774.5,3316818
2021-05-10 10:17:34,774.85,3318368
2021-05-10 10:17:34,774.5,3318268
2021-05-10 10:17:35,774.85,3318368
2021-05-10 10:17:36,774.95,3322959
2021-05-10 10:17:37,774.55,3323374
2021-05-10 10:17:39,774.65,3324405
2021-05-10 10:17:40,774.95,3324590
2021-05-10 10:17:41,774.6,3324700
2021-05-10 10:17:42,774.95,3324771
2021-05-10 10:17:43,774.6,3325173
2021-05-10 10:17:43,774.6,3325122
2021-05-10 10:17:44,774.95,3325184
2021-05-10 10:17:45,774.95,3325422
2021-05-10 10:17:47,774.6,3325538
2021-05-10 10:17:49,774.95,3326200
2021-05-10 10:17:50,774.65,3326269
2021-05-10 10:17:51,774.65,3326307
2021-05-10 10:17:51,774.65,3326332
2021-05-10 10:17:52,774.6,3326431
2021-05-10 10:17:53,774.8,3327984
2021-05-10 10:17:54,774.5,3328009
2021-05-10 10:17:55,774.5,3328010
2021-05-10 10:17:57,774.5,3328010
2021-05-10 10:17:58,774.7,3329088
2021-05-10 10:17:59,774.7,3329088
2021-05-10 10:18:00,774.55,3329144
2021-05-10 10:18:01,774.5,3329369
2021-05-10 10:18:01,774.5,3329572
2021-05-10 10:18:02,774.55,3329608
2021-05-10 10:18:04,774.55,3329647
2021-05-10 10:18:04,774.25,3331488
2021-05-10 10:18:06,773.6,3340239
2021-05-10 10:18:07,774.05,3340527
2021-05-10 10:18:08,773.9,3340831
2021-05-10 10:18:09,773.7,3341420
2021-05-10 10:18:10,773.85,3341752
2021-05-10 10:18:11,773.5,3341912
2021-05-10 10:18:12,773.5,3342252
2021-05-10 10:18:13,773.8,3342383
2021-05-10 10:18:14,773.5,3342514
2021-05-10 10:18:14,773.5,3342389
2021-05-10 10:18:15,773.95,3343035
2021-05-10 10:18:16,773.55,3343116
2021-05-10 10:18:18,773.55,3344386
2021-05-10 10:18:19,773.8,3344621
2021-05-10 10:18:20,773.5,3345002
2021-05-10 10:18:21,773.5,3345002
2021-05-10 10:18:23,773.5,3345406
2021-05-10 10:18:24,773.5,3355692
2021-05-10 10:18:25,773.5,3357179
2021-05-10 10:18:26,773.6,3357322
2021-05-10 10:18:27,773.95,3362112
2021-05-10 10:18:28,773.8,3362480
2021-05-10 10:18:29,773.85,3362510
2021-05-10 10:18:29,773.85,3362510
2021-05-10 10:18:30,773.9,3362590
2021-05-10 10:18:31,773.85,3363040
2021-05-10 10:18:32,774.2,3363082
2021-05-10 10:18:34,774.8,3364223
2021-05-10 10:18:35,774.9,3364331
2021-05-10 10:18:36,774.8,3364646
2021-05-10 10:18:37,774.55,3365646
2021-05-10 10:18:38,774.85,3365806
2021-05-10 10:18:39,774.45,3366011
2021-05-10 10:18:39,774.85,3365811
2021-05-10 10:18:40,774.45,3366011
2021-05-10 10:18:41,774.7,3366021
2021-05-10 10:18:44,773.95,3366384
2021-05-10 10:18:45,773.95,3366384
2021-05-10 10:18:46,773.85,3366393
2021-05-10 10:18:48,774.0,3366448
2021-05-10 10:18:50,773.85,3366473
2021-05-10 10:18:51,774.0,3366620
2021-05-10 10:18:52,774.05,3366663
2021-05-10 10:18:53,773.95,3366701
2021-05-10 10:18:54,774.0,3367306
2021-05-10 10:18:55,773.75,3367313
2021-05-10 10:18:56,774.0,3367414
2021-05-10 10:18:57,773.75,3367695
2021-05-10 10:18:58,774.25,3368135
2021-05-10 10:18:59,774.0,3368185
2021-05-10 10:19:00,774.0,3368235
2021-05-10 10:19:01,774.2,3368237
2021-05-10 10:19:02,774.05,3368287
2021-05-10 10:19:03,774.0,3368340
2021-05-10 10:19:04,774.2,3368343
2021-05-10 10:19:05,774.0,3368383
2021-05-10 10:19:06,774.2,3368393
2021-05-10 10:19:06,774.2,3368393
2021-05-10 10:19:07,774.0,3368448
2021-05-10 10:19:08,774.0,3368548
2021-05-10 10:19:09,774.05,3369148
2021-05-10 10:19:10,774.15,3369199
2021-05-10 10:19:11,774.15,3369244
2021-05-10 10:19:12,774.15,3369244
2021-05-10 10:19:14,774.35,3369298
2021-05-10 10:19:15,774.35,3369525
2021-05-10 10:19:16,774.35,3369525
2021-05-10 10:19:17,774.8,3370992
2021-05-10 10:19:18,774.8,3370992
2021-05-10 10:19:19,774.65,3370993
2021-05-10 10:19:20,774.65,3370993
2021-05-10 10:19:21,774.65,3370993
2021-05-10 10:19:22,774.5,3372363
2021-05-10 10:19:23,774.5,3372363
2021-05-10 10:19:24,774.7,3372844
2021-05-10 10:19:25,774.35,3373044
2021-05-10 10:19:26,774.65,3373045
2021-05-10 10:19:27,774.8,3373185
2021-05-10 10:19:28,774.65,3373335
2021-05-10 10:19:28,774.65,3373335
2021-05-10 10:19:29,774.8,3373860
2021-05-10 10:19:30,774.8,3373860
2021-05-10 10:19:32,774.65,3373980
2021-05-10 10:19:33,774.65,3374005
2021-05-10 10:19:34,774.65,3374005
2021-05-10 10:19:35,774.65,3374220
2021-05-10 10:19:36,774.45,3375032
2021-05-10 10:19:37,774.05,3375048
2021-05-10 10:19:37,774.05,3375048
2021-05-10 10:19:38,774.05,3375048
2021-05-10 10:19:39,774.35,3375108
2021-05-10 10:19:41,774.35,3375108
2021-05-10 10:19:42,774.35,3375213
2021-05-10 10:19:43,774.3,3375238
2021-05-10 10:19:44,774.35,3375679
2021-05-10 10:19:45,774.35,3375679
2021-05-10 10:19:45,774.3,3375779
2021-05-10 10:19:46,774.35,3375879
2021-05-10 10:19:47,774.0,3376029
2021-05-10 10:19:49,774.35,3376645
2021-05-10 10:19:50,774.0,3377005
2021-05-10 10:19:51,774.3,3377026
2021-05-10 10:19:52,774.3,3377026
2021-05-10 10:19:53,774.05,3377096
2021-05-10 10:19:54,774.05,3377096
2021-05-10 10:19:55,774.05,3377096
2021-05-10 10:19:56,774.3,3377106
2021-05-10 10:19:57,774.25,3377131
2021-05-10 10:19:57,774.25,3377131
2021-05-10 10:19:58,774.25,3377139
2021-05-10 10:19:59,774.0,3377209
2021-05-10 10:20:00,774.3,3377470
2021-05-10 10:20:02,774.0,3377598
2021-05-10 10:20:03,774.3,3377600
2021-05-10 10:20:04,774.3,3377600
2021-05-10 10:20:05,774.3,3378969
2021-05-10 10:20:06,774.3,3378969
2021-05-10 10:20:07,774.35,3379007
2021-05-10 10:20:07,774.35,3379007
2021-05-10 10:20:08,774.35,3379027
2021-05-10 10:20:09,774.25,3380062
2021-05-10 10:20:10,774.3,3380063
2021-05-10 10:20:11,774.3,3380227
2021-05-10 10:20:13,774.3,3380238
2021-05-10 10:20:14,774.05,3380258
2021-05-10 10:20:15,774.05,3380823
2021-05-10 10:20:16,774.05,3381323
2021-05-10 10:20:17,774.05,3381603
2021-05-10 10:20:18,774.05,3381648
2021-05-10 10:20:18,774.05,3381647
2021-05-10 10:20:19,774.3,3381848
2021-05-10 10:20:20,774.3,3381848
2021-05-10 10:20:22,774.3,3381848
2021-05-10 10:20:24,774.3,3382198
2021-05-10 10:20:26,774.3,3382358
2021-05-10 10:20:27,774.3,3382368
2021-05-10 10:20:28,774.3,3382368
2021-05-10 10:20:29,774.1,3382396
2021-05-10 10:20:30,774.3,3382397
2021-05-10 10:20:31,774.05,3382742
2021-05-10 10:20:31,774.05,3382746
2021-05-10 10:20:34,774.05,3383397
2021-05-10 10:20:35,774.05,3383599
2021-05-10 10:20:36,774.05,3383831
2021-05-10 10:20:37,774.05,3383866
2021-05-10 10:20:38,774.25,3383880
2021-05-10 10:20:39,774.05,3383945
2021-05-10 10:20:40,774.05,3383945
2021-05-10 10:20:40,774.05,3383945
2021-05-10 10:20:41,774.25,3383946
2021-05-10 10:20:42,774.05,3384000
2021-05-10 10:20:43,774.05,3384040
2021-05-10 10:20:45,774.05,3384040
2021-05-10 10:20:46,774.2,3384057
2021-05-10 10:20:47,774.1,3384397
2021-05-10 10:20:48,774.05,3384497
2021-05-10 10:20:49,774.05,3385013
2021-05-10 10:20:49,774.05,3385013
2021-05-10 10:20:51,774.2,3385618
2021-05-10 10:20:51,774.05,3385638
2021-05-10 10:20:53,774.05,3385638
2021-05-10 10:20:54,774.3,3385771
2021-05-10 10:20:55,774.3,3385846
2021-05-10 10:20:56,774.3,3385942
2021-05-10 10:20:57,774.05,3385947
2021-05-10 10:20:58,774.05,3386112
2021-05-10 10:20:59,774.05,3386112
2021-05-10 10:21:01,774.05,3386612
2021-05-10 10:21:02,774.05,3386622
2021-05-10 10:21:02,774.05,3386622
2021-05-10 10:21:04,774.05,3386723
2021-05-10 10:21:05,774.05,3386723
2021-05-10 10:21:06,774.05,3387614
2021-05-10 10:21:07,774.3,3387969
2021-05-10 10:21:08,774.3,3387969
2021-05-10 10:21:09,774.3,3388484
2021-05-10 10:21:10,774.3,3388484
2021-05-10 10:21:11,774.25,3388560
2021-05-10 10:21:12,774.25,3388586
2021-05-10 10:21:13,774.05,3388969
2021-05-10 10:21:14,774.05,3388969
2021-05-10 10:21:15,774.05,3389168
2021-05-10 10:21:15,774.05,3389168
2021-05-10 10:21:16,774.1,3392609
2021-05-10 10:21:18,774.1,3392709
2021-05-10 10:21:19,774.1,3392730
2021-05-10 10:21:20,774.0,3393136
2021-05-10 10:21:21,774.0,3393137
2021-05-10 10:21:22,774.05,3393237
2021-05-10 10:21:23,774.1,3393247
2021-05-10 10:21:24,773.95,3394152
2021-05-10 10:21:25,774.05,3394584
2021-05-10 10:21:26,774.0,3394585
2021-05-10 10:21:27,773.85,3394589
2021-05-10 10:21:28,773.85,3394640
2021-05-10 10:21:29,773.85,3394685
2021-05-10 10:21:30,773.8,3394739
2021-05-10 10:21:31,773.75,3395049
2021-05-10 10:21:32,773.8,3395123
2021-05-10 10:21:33,773.8,3395123
2021-05-10 10:21:34,773.9,3395173
2021-05-10 10:21:35,773.9,3395173
2021-05-10 10:21:36,773.9,3395227
