timestamp,ltp,volume
2021-05-10 09:07:02,3478.0,429
2021-05-10 09:15:01,3470.0,566
2021-05-10 09:15:06,3473.8,808
2021-05-10 09:15:13,3470.85,1008
2021-05-10 09:15:19,3471.65,1022
2021-05-10 09:15:26,3477.1,2185
2021-05-10 09:15:33,3470.25,2400
2021-05-10 09:15:38,3474.75,2589
2021-05-10 09:15:43,3473.9,2664
2021-05-10 09:15:48,3471.7,2851
2021-05-10 09:15:53,3470.45,2944
2021-05-10 09:15:58,3470.4,3222
2021-05-10 09:16:07,3468.8,3395
2021-05-10 09:16:12,3468.3,3922
2021-05-10 09:16:17,3467.65,3978
2021-05-10 09:16:21,3467.7,4006
2021-05-10 09:16:26,3467.0,4059
2021-05-10 09:16:31,3464.4,4107
2021-05-10 09:16:36,3464.25,4212
2021-05-10 09:16:40,3464.2,4271
2021-05-10 09:16:45,3466.05,4397
2021-05-10 09:16:50,3465.45,4398
2021-05-10 09:16:55,3464.9,4515
2021-05-10 09:16:59,3466.8,4573
2021-05-10 09:17:04,3466.8,4583
2021-05-10 09:17:09,3467.1,4628
2021-05-10 09:17:14,3467.1,4645
2021-05-10 09:17:18,3468.0,4781
2021-05-10 09:17:23,3469.1,4892
2021-05-10 09:17:28,3468.7,4894
2021-05-10 09:17:32,3469.0,5511
2021-05-10 09:17:37,3468.0,5521
2021-05-10 09:17:42,3468.6,5752
2021-05-10 09:17:46,3468.0,5980
2021-05-10 09:17:51,3468.0,5990
2021-05-10 09:17:55,3468.0,6008
2021-05-10 09:18:00,3466.8,6048
2021-05-10 09:18:05,3468.85,6065
2021-05-10 09:18:09,3467.4,6143
2021-05-10 09:18:14,3467.4,6143
2021-05-10 09:18:18,3467.4,6143
2021-05-10 09:18:23,3468.85,6327
2021-05-10 09:18:27,3468.8,6333
2021-05-10 09:18:32,3468.8,6373
2021-05-10 09:18:37,3468.8,6379
2021-05-10 09:18:41,3468.8,6385
2021-05-10 09:18:46,3468.8,6422
2021-05-10 09:18:59,3471.65,6818
2021-05-10 09:19:04,3472.05,6972
2021-05-10 09:19:09,3473.0,7049
2021-05-10 09:19:13,3472.5,7054
2021-05-10 09:19:17,3473.7,7415
2021-05-10 09:19:22,3474.8,7438
2021-05-10 09:19:26,3474.9,7448
2021-05-10 09:19:31,3474.8,7453
2021-05-10 09:19:35,3474.8,7733
2021-05-10 09:19:39,3474.15,7960
2021-05-10 09:19:44,3473.0,8014
2021-05-10 09:19:48,3473.0,8014
2021-05-10 09:19:52,3474.4,8016
2021-05-10 09:19:57,3475.55,8110
2021-05-10 09:20:01,3474.75,8130
2021-05-10 09:20:05,3473.8,8264
2021-05-10 09:20:10,3476.8,8623
2021-05-10 09:20:14,3476.95,8737
2021-05-10 09:20:19,3476.95,8740
2021-05-10 09:20:23,3475.65,9132
2021-05-10 09:20:28,3476.6,9194
2021-05-10 09:20:32,3473.8,9267
2021-05-10 09:20:36,3473.05,9303
2021-05-10 09:20:41,3474.65,9537
2021-05-10 09:20:45,3475.15,9600
2021-05-10 09:20:50,3475.55,9602
2021-05-10 09:20:54,3475.55,9630
2021-05-10 09:20:59,3473.3,9875
2021-05-10 09:21:03,3472.0,10071
2021-05-10 09:21:08,3472.0,10194
2021-05-10 09:21:12,3471.3,10214
2021-05-10 09:21:16,3470.5,10220
2021-05-10 09:21:20,3469.0,10465
2021-05-10 09:21:24,3470.0,10476
2021-05-10 09:21:29,3470.0,10559
2021-05-10 09:21:33,3469.25,10561
2021-05-10 09:21:37,3468.2,10798
2021-05-10 09:21:42,3466.05,10815
2021-05-10 09:21:50,3468.5,11040
2021-05-10 09:21:55,3468.85,11092
2021-05-10 09:21:59,3467.8,11192
2021-05-10 09:22:03,3467.0,11329
2021-05-10 09:22:08,3469.5,11606
2021-05-10 09:22:12,3469.5,11618
2021-05-10 09:22:16,3470.0,11670
2021-05-10 09:22:21,3469.35,11671
2021-05-10 09:22:25,3467.8,11712
2021-05-10 09:22:29,3468.7,11727
2021-05-10 09:22:33,3466.5,11852
2021-05-10 09:22:37,3462.9,12314
2021-05-10 09:22:41,3461.25,12523
2021-05-10 09:22:46,3461.35,12550
2021-05-10 09:22:50,3464.75,12606
2021-05-10 09:22:54,3464.8,12841
2021-05-10 09:22:58,3465.4,12876
2021-05-10 09:23:02,3463.0,12883
2021-05-10 09:23:06,3465.25,12886
2021-05-10 09:23:11,3463.1,12946
2021-05-10 09:23:15,3463.3,12989
2021-05-10 09:23:19,3463.3,13040
2021-05-10 09:23:23,3465.2,13044
2021-05-10 09:23:28,3465.05,13048
2021-05-10 09:23:32,3465.25,13053
2021-05-10 09:23:36,3463.55,13056
2021-05-10 09:23:41,3463.5,13117
2021-05-10 09:23:45,3463.55,13139
2021-05-10 09:23:49,3464.95,13197
2021-05-10 09:23:53,3463.55,13201
2021-05-10 09:23:57,3465.0,13207
2021-05-10 09:24:01,3463.55,13217
2021-05-10 09:24:05,3463.75,13257
2021-05-10 09:24:09,3465.0,13292
2021-05-10 09:24:14,3463.75,13300
2021-05-10 09:24:18,3465.0,13315
2021-05-10 09:24:22,3465.0,13346
2021-05-10 09:24:26,3464.0,13350
2021-05-10 09:24:31,3462.5,15128
2021-05-10 09:24:35,3461.0,15159
2021-05-10 09:24:39,3462.3,15206
2021-05-10 09:24:43,3458.75,15487
2021-05-10 09:24:47,3456.05,16629
2021-05-10 09:24:51,3452.25,18997
2021-05-10 09:24:55,3452.25,23594
2021-05-10 09:24:59,3449.95,24289
2021-05-10 09:25:04,3447.25,27870
2021-05-10 09:25:08,3446.15,28056
2021-05-10 09:25:12,3447.25,28285
2021-05-10 09:25:16,3446.1,28350
2021-05-10 09:25:20,3446.0,28401
2021-05-10 09:25:24,3446.15,28407
2021-05-10 09:25:28,3446.5,28541
2021-05-10 09:25:32,3447.6,28670
2021-05-10 09:25:36,3446.5,28829
2021-05-10 09:25:40,3446.0,28942
2021-05-10 09:25:44,3446.5,29002
2021-05-10 09:25:48,3448.2,29055
2021-05-10 09:25:53,3448.2,29061
2021-05-10 09:25:57,3449.5,29163
2021-05-10 09:26:01,3449.45,29194
2021-05-10 09:26:05,3449.45,29229
2021-05-10 09:26:09,3448.05,29245
2021-05-10 09:26:13,3450.0,29282
2021-05-10 09:26:18,3450.0,29343
2021-05-10 09:26:21,3450.9,29478
2021-05-10 09:26:25,3449.45,29544
2021-05-10 09:26:30,3450.75,29572
2021-05-10 09:26:34,3450.0,29626
2021-05-10 09:26:38,3448.1,29706
2021-05-10 09:26:42,3449.95,29736
2021-05-10 09:26:46,3448.0,30051
2021-05-10 09:26:50,3448.1,30074
2021-05-10 09:26:54,3449.65,30117
2021-05-10 09:26:58,3449.65,30128
2021-05-10 09:27:02,3449.0,30184
2021-05-10 09:27:06,3449.65,30207
2021-05-10 09:27:10,3448.0,30347
2021-05-10 09:27:14,3448.3,30392
2021-05-10 09:27:18,3449.0,30420
2021-05-10 09:27:22,3449.15,30752
2021-05-10 09:27:25,3449.65,30788
2021-05-10 09:27:29,3448.35,30811
2021-05-10 09:27:33,3447.0,31002
2021-05-10 09:27:37,3447.1,31164
2021-05-10 09:27:41,3447.15,31194
2021-05-10 09:27:45,3447.05,31302
2021-05-10 09:27:49,3447.05,31329
2021-05-10 09:27:53,3447.0,31343
2021-05-10 09:27:57,3446.65,31361
2021-05-10 09:28:01,3446.7,31468
2021-05-10 09:28:05,3448.4,31625
2021-05-10 09:28:09,3448.4,31637
2021-05-10 09:28:13,3448.75,31914
2021-05-10 09:28:17,3447.8,31929
2021-05-10 09:28:21,3447.95,31933
2021-05-10 09:28:25,3445.9,32073
2021-05-10 09:28:29,3445.8,32081
2021-05-10 09:28:33,3445.9,32174
2021-05-10 09:28:37,3445.9,32174
2021-05-10 09:28:41,3448.0,32178
2021-05-10 09:28:44,3448.0,32244
2021-05-10 09:28:48,3448.0,32244
2021-05-10 09:28:56,3449.5,32417
2021-05-10 09:29:04,3446.9,32517
2021-05-10 09:29:08,3449.1,32521
2021-05-10 09:29:12,3449.15,32534
2021-05-10 09:29:15,3446.95,32543
2021-05-10 09:29:19,3446.95,32556
2021-05-10 09:29:23,3449.1,32608
2021-05-10 09:29:26,3447.05,32670
2021-05-10 09:29:30,3449.1,32679
2021-05-10 09:29:34,3449.1,32679
2021-05-10 09:29:38,3448.95,32682
2021-05-10 09:29:42,3448.95,32682
2021-05-10 09:29:46,3448.95,32690
2021-05-10 09:29:49,3448.9,32737
2021-05-10 09:29:53,3447.05,32796
2021-05-10 09:30:01,3446.0,32938
2021-05-10 09:30:05,3445.05,33342
2021-05-10 09:30:09,3445.05,33382
2021-05-10 09:30:12,3440.05,34639
2021-05-10 09:30:16,3440.35,34753
2021-05-10 09:30:20,3440.0,34879
2021-05-10 09:30:24,3441.8,34908
2021-05-10 09:30:29,3440.0,34928
2021-05-10 09:30:33,3441.75,34950
2021-05-10 09:30:37,3441.65,35022
2021-05-10 09:30:41,3442.0,35072
2021-05-10 09:30:45,3442.55,35161
2021-05-10 09:30:49,3442.55,35166
2021-05-10 09:30:53,3442.6,35265
2021-05-10 09:30:57,3442.6,35265
2021-05-10 09:31:01,3444.6,35306
2021-05-10 09:31:05,3444.6,35348
2021-05-10 09:31:17,3442.8,35595
2021-05-10 09:31:25,3446.0,35635
2021-05-10 09:31:29,3446.0,35649
2021-05-10 09:31:33,3446.0,35684
2021-05-10 09:31:38,3447.85,35724
2021-05-10 09:31:42,3446.0,35735
2021-05-10 09:31:46,3448.0,35783
2021-05-10 09:31:50,3448.0,35783
2021-05-10 09:31:54,3448.4,35787
2021-05-10 09:31:58,3448.8,35791
2021-05-10 09:32:02,3447.5,35819
2021-05-10 09:32:06,3448.0,36023
2021-05-10 09:32:10,3448.0,36031
2021-05-10 09:32:14,3448.85,36057
2021-05-10 09:32:18,3449.05,36072
2021-05-10 09:32:25,3449.3,36086
2021-05-10 09:32:29,3449.95,36098
2021-05-10 09:32:33,3448.0,36120
2021-05-10 09:32:37,3449.3,36146
2021-05-10 09:32:42,3449.55,36216
2021-05-10 09:32:45,3449.55,36226
2021-05-10 09:32:49,3449.0,36229
2021-05-10 09:32:53,3449.0,36237
2021-05-10 09:32:57,3449.0,36301
2021-05-10 09:33:01,3449.0,36351
2021-05-10 09:33:04,3449.0,36371
2021-05-10 09:33:08,3448.3,36372
2021-05-10 09:33:12,3449.0,36380
2021-05-10 09:33:20,3449.0,36426
2021-05-10 09:33:24,3449.9,36451
2021-05-10 09:33:31,3448.0,36483
2021-05-10 09:33:35,3449.7,36484
2021-05-10 09:33:39,3449.7,36557
2021-05-10 09:33:42,3448.0,36630
2021-05-10 09:33:46,3448.0,36650
2021-05-10 09:33:50,3448.0,36691
2021-05-10 09:33:54,3447.0,36692
2021-05-10 09:33:57,3448.0,36736
2021-05-10 09:34:01,3447.0,36756
2021-05-10 09:34:05,3447.0,36756
2021-05-10 09:34:09,3447.0,36767
2021-05-10 09:34:12,3448.0,36783
2021-05-10 09:34:16,3448.0,36785
2021-05-10 09:34:19,3448.0,36786
2021-05-10 09:34:23,3449.05,37002
2021-05-10 09:34:27,3449.05,37007
2021-05-10 09:34:30,3449.05,37007
2021-05-10 09:34:34,3449.05,37007
2021-05-10 09:34:37,3449.05,37007
2021-05-10 09:34:41,3449.05,37015
2021-05-10 09:34:45,3449.95,37021
2021-05-10 09:34:48,3449.95,37027
2021-05-10 09:34:52,3449.7,37028
2021-05-10 09:34:56,3449.95,37029
2021-05-10 09:34:59,3449.7,37035
2021-05-10 09:35:03,3449.95,37042
2021-05-10 09:35:07,3449.95,37044
2021-05-10 09:35:11,3450.0,37188
2021-05-10 09:35:16,3449.7,37206
2021-05-10 09:35:20,3449.7,37206
2021-05-10 09:35:23,3450.0,37219
2021-05-10 09:35:27,3450.0,37221
2021-05-10 09:35:31,3449.9,37277
2021-05-10 09:35:34,3449.9,37277
2021-05-10 09:35:38,3450.0,37643
2021-05-10 09:35:41,3450.0,37812
2021-05-10 09:35:45,3450.0,37814
2021-05-10 09:35:49,3449.05,38000
2021-05-10 09:35:52,3449.05,38000
2021-05-10 09:35:56,3450.5,38075
2021-05-10 09:36:00,3450.0,38083
2021-05-10 09:36:04,3450.0,38084
2021-05-10 09:36:08,3449.05,38212
2021-05-10 09:36:12,3449.05,38214
2021-05-10 09:36:16,3450.0,38216
2021-05-10 09:36:19,3450.0,38243
2021-05-10 09:36:23,3449.05,38319
2021-05-10 09:36:27,3450.0,38322
2021-05-10 09:36:31,3449.8,38441
2021-05-10 09:36:34,3449.8,38451
2021-05-10 09:36:38,3449.9,38487
2021-05-10 09:36:42,3449.9,38507
2021-05-10 09:36:46,3448.0,38508
2021-05-10 09:36:50,3448.0,38514
2021-05-10 09:36:53,3450.0,38535
2021-05-10 09:36:57,3448.3,38548
2021-05-10 09:37:01,3450.0,38549
2021-05-10 09:37:04,3450.0,38558
2021-05-10 09:37:08,3448.3,38571
2021-05-10 09:37:12,3448.3,38571
2021-05-10 09:37:16,3449.05,38625
2021-05-10 09:37:20,3449.85,38627
2021-05-10 09:37:23,3449.05,38635
2021-05-10 09:37:27,3449.05,38635
2021-05-10 09:37:31,3449.5,38639
2021-05-10 09:37:35,3449.35,38656
2021-05-10 09:37:38,3448.0,38706
2021-05-10 09:37:42,3449.05,38739
2021-05-10 09:37:46,3449.05,38740
2021-05-10 09:37:49,3448.0,38756
2021-05-10 09:37:52,3448.0,38775
2021-05-10 09:37:56,3448.0,38880
2021-05-10 09:37:59,3448.0,38880
2021-05-10 09:38:03,3448.0,38932
2021-05-10 09:38:06,3448.0,38961
2021-05-10 09:38:10,3449.6,39149
2021-05-10 09:38:13,3448.0,39260
2021-05-10 09:38:17,3449.3,39292
2021-05-10 09:38:21,3448.0,39296
2021-05-10 09:38:25,3447.5,39349
2021-05-10 09:38:29,3447.45,39366
2021-05-10 09:38:32,3447.5,39380
2021-05-10 09:38:36,3449.1,39384
2021-05-10 09:38:40,3447.5,39403
2021-05-10 09:38:43,3447.5,39410
2021-05-10 09:38:47,3447.5,39422
2021-05-10 09:38:54,3448.0,39462
2021-05-10 09:38:58,3447.55,39505
2021-05-10 09:39:01,3447.55,39508
2021-05-10 09:39:05,3449.55,39636
2021-05-10 09:39:09,3448.0,39685
2021-05-10 09:39:12,3448.0,39748
2021-05-10 09:39:16,3449.5,39771
2021-05-10 09:39:20,3449.5,39782
2021-05-10 09:39:23,3447.5,39804
2021-05-10 09:39:26,3449.3,39842
2021-05-10 09:39:30,3449.3,39842
2021-05-10 09:39:33,3447.5,39857
2021-05-10 09:39:37,3449.3,39864
2021-05-10 09:39:40,3447.5,39884
2021-05-10 09:39:43,3448.15,39952
2021-05-10 09:39:47,3448.15,39952
2021-05-10 09:39:50,3448.15,40021
2021-05-10 09:39:54,3449.7,40070
2021-05-10 09:39:58,3449.7,40074
2021-05-10 09:40:01,3448.25,40091
2021-05-10 09:40:05,3449.7,40117
2021-05-10 09:40:08,3448.25,40146
2021-05-10 09:40:11,3447.8,40193
2021-05-10 09:40:15,3447.8,40198
2021-05-10 09:40:19,3449.7,40206
2021-05-10 09:40:22,3447.85,40229
2021-05-10 09:40:25,3447.75,40262
2021-05-10 09:40:29,3447.75,40266
2021-05-10 09:40:32,3447.75,40267
2021-05-10 09:40:35,3447.75,40268
2021-05-10 09:40:38,3447.5,40278
2021-05-10 09:40:41,3447.5,40282
2021-05-10 09:40:45,3449.45,40464
2021-05-10 09:40:48,3447.65,40490
2021-05-10 09:40:52,3447.5,40544
2021-05-10 09:40:55,3447.5,40631
2021-05-10 09:40:59,3447.5,40639
2021-05-10 09:41:02,3447.5,40662
2021-05-10 09:41:06,3449.2,40673
2021-05-10 09:41:10,3448.1,40838
2021-05-10 09:41:14,3449.6,40906
2021-05-10 09:41:17,3448.1,40953
2021-05-10 09:41:21,3449.6,40985
2021-05-10 09:41:25,3448.05,42063
2021-05-10 09:41:28,3448.0,42154
2021-05-10 09:41:31,3447.3,42413
2021-05-10 09:41:34,3444.6,42896
2021-05-10 09:41:38,3444.2,43221
2021-05-10 09:41:41,3442.4,43485
2021-05-10 09:41:44,3443.75,44098
2021-05-10 09:41:47,3442.0,44182
2021-05-10 09:41:50,3441.8,44370
2021-05-10 09:41:53,3441.45,44434
2021-05-10 09:41:57,3441.0,44470
2021-05-10 09:42:00,3443.0,44734
2021-05-10 09:42:04,3442.05,44761
2021-05-10 09:42:10,3440.0,45149
2021-05-10 09:42:13,3440.0,45219
2021-05-10 09:42:16,3440.05,45382
2021-05-10 09:42:19,3440.05,45393
2021-05-10 09:42:22,3440.0,45460
2021-05-10 09:42:25,3439.0,46301
2021-05-10 09:42:29,3437.5,46523
2021-05-10 09:42:33,3436.7,46622
2021-05-10 09:42:36,3435.1,46720
2021-05-10 09:42:40,3435.0,46988
2021-05-10 09:42:43,3435.0,47156
2021-05-10 09:42:46,3435.0,47374
2021-05-10 09:42:49,3437.1,47454
2021-05-10 09:42:53,3436.0,47492
2021-05-10 09:42:56,3436.0,47578
2021-05-10 09:43:00,3436.0,47662
2021-05-10 09:43:03,3437.0,47700
2021-05-10 09:43:06,3436.15,47783
2021-05-10 09:43:10,3436.15,47894
2021-05-10 09:43:13,3437.0,47910
2021-05-10 09:43:14,3437.0,47972
2021-05-10 09:43:15,3436.5,48072
2021-05-10 09:43:16,3437.0,48136
2021-05-10 09:43:17,3437.0,48136
2021-05-10 09:43:18,3436.1,48139
2021-05-10 09:43:19,3437.0,48216
2021-05-10 09:43:20,3437.0,48232
2021-05-10 09:43:22,3436.0,48276
2021-05-10 09:43:26,3436.5,48309
2021-05-10 09:43:29,3437.0,48320
2021-05-10 09:43:30,3437.0,48333
2021-05-10 09:43:31,3437.0,48338
2021-05-10 09:43:32,3438.05,48365
2021-05-10 09:43:33,3438.05,48365
2021-05-10 09:43:34,3438.05,48365
2021-05-10 09:43:35,3438.05,48365
2021-05-10 09:43:36,3438.05,48387
2021-05-10 09:43:37,3437.0,48393
2021-05-10 09:43:38,3437.0,48478
2021-05-10 09:43:39,3437.0,48490
2021-05-10 09:43:40,3437.0,48491
2021-05-10 09:43:41,3437.0,48508
2021-05-10 09:43:42,3438.05,48546
2021-05-10 09:43:43,3437.0,48593
2021-05-10 09:43:44,3437.0,48596
2021-05-10 09:43:45,3438.05,48639
2021-05-10 09:43:46,3438.05,48639
2021-05-10 09:43:47,3437.0,48649
2021-05-10 09:43:48,3438.95,48658
2021-05-10 09:43:49,3439.45,48773
2021-05-10 09:43:50,3439.45,48773
2021-05-10 09:43:51,3439.35,48783
2021-05-10 09:43:52,3439.35,48783
2021-05-10 09:43:53,3438.05,48823
2021-05-10 09:43:54,3438.05,48872
2021-05-10 09:43:55,3439.35,49132
2021-05-10 09:43:56,3441.35,49152
2021-05-10 09:43:57,3441.35,49152
2021-05-10 09:43:58,3441.35,49153
2021-05-10 09:43:59,3441.8,49173
2021-05-10 09:44:00,3441.8,49173
2021-05-10 09:44:01,3441.8,49173
2021-05-10 09:44:02,3441.8,49173
2021-05-10 09:44:03,3441.8,49174
2021-05-10 09:44:05,3440.1,49180
2021-05-10 09:44:06,3440.1,49185
2021-05-10 09:44:07,3440.15,49282
2021-05-10 09:44:09,3439.9,49300
2021-05-10 09:44:10,3439.9,49300
2021-05-10 09:44:11,3439.9,49300
2021-05-10 09:44:12,3439.4,49316
2021-05-10 09:44:13,3439.3,49339
2021-05-10 09:44:14,3439.0,49344
2021-05-10 09:44:15,3439.0,49355
2021-05-10 09:44:16,3439.9,49359
2021-05-10 09:44:17,3439.9,49359
2021-05-10 09:44:18,3442.25,49464
2021-05-10 09:44:19,3442.2,49467
2021-05-10 09:44:19,3439.95,49468
2021-05-10 09:44:20,3439.95,49468
2021-05-10 09:44:21,3439.95,49468
2021-05-10 09:44:22,3441.9,49469
2021-05-10 09:44:23,3440.05,49530
2021-05-10 09:44:24,3440.0,49531
2021-05-10 09:44:25,3440.0,49531
2021-05-10 09:44:26,3440.0,49531
2021-05-10 09:44:27,3440.0,49533
2021-05-10 09:44:28,3440.0,49533
2021-05-10 09:44:29,3440.0,49547
2021-05-10 09:44:30,3440.0,49548
2021-05-10 09:44:31,3440.0,49595
2021-05-10 09:44:33,3441.5,49605
2021-05-10 09:44:33,3441.5,49605
2021-05-10 09:44:34,3441.5,49605
2021-05-10 09:44:35,3441.5,49606
2021-05-10 09:44:36,3441.5,49615
2021-05-10 09:44:37,3440.0,49642
2021-05-10 09:44:38,3441.5,49659
2021-05-10 09:44:39,3441.5,49659
2021-05-10 09:44:41,3441.5,49665
2021-05-10 09:44:41,3440.0,49672
2021-05-10 09:44:43,3440.0,49673
2021-05-10 09:44:43,3440.0,49678
2021-05-10 09:44:45,3440.0,49680
2021-05-10 09:44:46,3440.05,49689
2021-05-10 09:44:46,3440.05,49687
2021-05-10 09:44:47,3441.75,49707
2021-05-10 09:44:49,3441.75,49707
2021-05-10 09:44:50,3441.75,49707
2021-05-10 09:44:52,3441.75,49707
2021-05-10 09:44:52,3440.5,49711
2021-05-10 09:44:53,3440.5,49726
2021-05-10 09:44:55,3440.0,49727
2021-05-10 09:44:56,3440.3,49739
2021-05-10 09:44:57,3440.3,49739
2021-05-10 09:44:58,3440.0,49743
2021-05-10 09:44:58,3441.0,49750
2021-05-10 09:44:59,3441.0,49750
2021-05-10 09:45:00,3441.0,49750
2021-05-10 09:45:01,3441.0,49795
2021-05-10 09:45:02,3440.3,49797
2021-05-10 09:45:03,3440.3,49802
2021-05-10 09:45:05,3440.3,49803
2021-05-10 09:45:07,3440.3,49835
2021-05-10 09:45:08,3440.0,49859
2021-05-10 09:45:09,3440.3,49871
2021-05-10 09:45:10,3440.3,49871
2021-05-10 09:45:11,3440.05,49880
2021-05-10 09:45:12,3440.05,49895
2021-05-10 09:45:12,3440.05,49896
2021-05-10 09:45:14,3440.05,49920
2021-05-10 09:45:15,3440.05,49920
2021-05-10 09:45:16,3440.1,49938
2021-05-10 09:45:16,3440.1,49939
2021-05-10 09:45:17,3441.0,49989
2021-05-10 09:45:18,3441.0,50010
2021-05-10 09:45:19,3441.0,50010
2021-05-10 09:45:23,3440.05,50046
2021-05-10 09:45:24,3440.05,50049
2021-05-10 09:45:25,3440.05,50049
2021-05-10 09:45:26,3440.05,50049
2021-05-10 09:45:29,3440.05,50151
2021-05-10 09:45:30,3440.05,50154
2021-05-10 09:45:31,3440.05,50160
2021-05-10 09:45:32,3440.1,50179
2021-05-10 09:45:34,3440.1,50179
2021-05-10 09:45:34,3440.1,50179
2021-05-10 09:45:36,3440.1,50181
2021-05-10 09:45:36,3440.05,50182
2021-05-10 09:45:38,3440.0,50205
2021-05-10 09:45:39,3440.05,50224
2021-05-10 09:45:40,3440.05,50230
2021-05-10 09:45:41,3440.05,50236
2021-05-10 09:45:42,3440.05,50238
2021-05-10 09:45:42,3440.0,50322
2021-05-10 09:45:44,3440.0,50353
2021-05-10 09:45:45,3440.0,50356
2021-05-10 09:45:46,3440.0,50356
2021-05-10 09:45:47,3440.0,50356
2021-05-10 09:45:48,3440.0,50356
2021-05-10 09:45:49,3440.05,50377
2021-05-10 09:45:50,3440.3,50429
2021-05-10 09:45:51,3440.05,50440
2021-05-10 09:45:52,3440.05,50441
2021-05-10 09:45:53,3440.0,50467
2021-05-10 09:45:54,3440.0,50478
2021-05-10 09:45:55,3440.0,50498
2021-05-10 09:45:56,3440.0,50506
2021-05-10 09:45:57,3440.0,50506
2021-05-10 09:45:58,3440.0,50506
2021-05-10 09:45:59,3440.0,50545
2021-05-10 09:46:00,3440.3,50593
2021-05-10 09:46:02,3440.3,50593
2021-05-10 09:46:03,3440.0,50694
2021-05-10 09:46:04,3440.0,50703
2021-05-10 09:46:05,3439.9,50704
2021-05-10 09:46:05,3440.0,50738
2021-05-10 09:46:07,3440.0,50750
2021-05-10 09:46:07,3440.0,50750
2021-05-10 09:46:08,3439.0,50780
2021-05-10 09:46:10,3440.3,50797
2021-05-10 09:46:10,3440.3,50797
2021-05-10 09:46:12,3440.0,50798
2021-05-10 09:46:13,3440.0,50798
2021-05-10 09:46:13,3440.3,50828
2021-05-10 09:46:14,3439.0,50893
2021-05-10 09:46:15,3440.3,50907
2021-05-10 09:46:16,3440.3,50929
2021-05-10 09:46:18,3440.95,50933
2021-05-10 09:46:19,3440.95,50933
2021-05-10 09:46:20,3440.95,50933
2021-05-10 09:46:22,3440.95,50933
2021-05-10 09:46:23,3440.05,50946
2021-05-10 09:46:23,3440.05,50947
2021-05-10 09:46:24,3440.1,50950
2021-05-10 09:46:25,3440.0,50986
2021-05-10 09:46:26,3440.0,50986
2021-05-10 09:46:27,3440.0,50986
2021-05-10 09:46:28,3440.0,50996
2021-05-10 09:46:30,3439.0,51009
2021-05-10 09:46:30,3439.0,51015
2021-05-10 09:46:32,3439.0,51029
2021-05-10 09:46:33,3440.0,51059
2021-05-10 09:46:34,3440.0,51059
2021-05-10 09:46:35,3440.0,51059
2021-05-10 09:46:37,3439.0,51089
2021-05-10 09:46:37,3438.75,51114
2021-05-10 09:46:39,3438.3,51254
2021-05-10 09:46:39,3438.3,51294
2021-05-10 09:46:40,3438.3,51294
2021-05-10 09:46:42,3438.3,51294
2021-05-10 09:46:43,3438.25,51296
2021-05-10 09:46:44,3438.55,51356
2021-05-10 09:46:45,3438.8,51400
2021-05-10 09:46:48,3440.15,51516
2021-05-10 09:46:49,3440.15,51516
2021-05-10 09:46:49,3440.15,51516
2021-05-10 09:46:50,3440.15,51516
2021-05-10 09:46:51,3440.0,51520
2021-05-10 09:46:52,3440.0,51520
2021-05-10 09:46:53,3439.0,51550
2021-05-10 09:46:54,3440.0,51572
2021-05-10 09:46:55,3438.35,51622
2021-05-10 09:46:57,3438.35,51657
2021-05-10 09:46:58,3438.5,51660
2021-05-10 09:46:59,3438.5,51660
2021-05-10 09:47:00,3438.55,51698
2021-05-10 09:47:00,3438.55,51701
2021-05-10 09:47:02,3438.55,51702
2021-05-10 09:47:02,3438.55,51702
2021-05-10 09:47:04,3438.55,51702
2021-05-10 09:47:05,3438.6,51722
2021-05-10 09:47:06,3440.3,51732
2021-05-10 09:47:07,3440.3,51732
2021-05-10 09:47:08,3440.3,51755
2021-05-10 09:47:08,3440.3,51755
2021-05-10 09:47:09,3438.8,51757
2021-05-10 09:47:10,3438.8,51758
2021-05-10 09:47:11,3440.0,51764
2021-05-10 09:47:12,3438.25,51852
2021-05-10 09:47:13,3438.2,51890
2021-05-10 09:47:14,3440.0,52009
2021-05-10 09:47:15,3440.0,52009
2021-05-10 09:47:17,3438.3,52012
2021-05-10 09:47:18,3440.0,52015
2021-05-10 09:47:19,3440.4,52075
2021-05-10 09:47:20,3440.4,52075
2021-05-10 09:47:20,3440.4,52075
2021-05-10 09:47:21,3440.4,52075
2021-05-10 09:47:22,3438.6,52098
2021-05-10 09:47:24,3438.6,52107
2021-05-10 09:47:25,3438.6,52108
2021-05-10 09:47:26,3438.6,52108
2021-05-10 09:47:26,3438.6,52108
2021-05-10 09:47:27,3438.6,52108
2021-05-10 09:47:28,3439.95,52127
2021-05-10 09:47:29,3439.95,52127
2021-05-10 09:47:30,3440.0,52137
2021-05-10 09:47:31,3440.0,52143
2021-05-10 09:47:33,3440.0,52143
2021-05-10 09:47:34,3440.0,52153
2021-05-10 09:47:34,3440.0,52153
2021-05-10 09:47:36,3439.95,52166
2021-05-10 09:47:36,3439.95,52183
2021-05-10 09:47:37,3439.95,52190
2021-05-10 09:47:38,3439.95,52210
2021-05-10 09:47:39,3439.0,52214
2021-05-10 09:47:40,3439.0,52215
2021-05-10 09:47:41,3439.0,52222
2021-05-10 09:47:42,3439.0,52223
2021-05-10 09:47:43,3439.75,52230
2021-05-10 09:47:44,3439.75,52230
2021-05-10 09:47:45,3439.75,52247
2021-05-10 09:47:47,3439.75,52261
2021-05-10 09:47:47,3439.75,52262
2021-05-10 09:47:48,3439.75,52262
2021-05-10 09:47:49,3438.95,52264
2021-05-10 09:47:51,3438.95,52401
2021-05-10 09:47:52,3438.95,52426
2021-05-10 09:47:54,3438.85,52461
2021-05-10 09:47:55,3438.85,52464
2021-05-10 09:47:56,3438.85,52464
2021-05-10 09:47:57,3438.85,52464
2021-05-10 09:47:58,3438.95,52465
2021-05-10 09:47:59,3438.95,52465
2021-05-10 09:48:00,3438.95,52465
2021-05-10 09:48:01,3438.95,52465
2021-05-10 09:48:02,3440.0,52469
2021-05-10 09:48:03,3440.7,52506
2021-05-10 09:48:04,3440.7,52506
2021-05-10 09:48:05,3444.1,53008
2021-05-10 09:48:06,3444.1,53008
2021-05-10 09:48:07,3444.1,53008
2021-05-10 09:48:08,3443.9,53046
2021-05-10 09:48:09,3443.9,53046
2021-05-10 09:48:10,3443.45,53048
2021-05-10 09:48:12,3440.2,53065
2021-05-10 09:48:13,3440.2,53076
2021-05-10 09:48:14,3441.0,53080
2021-05-10 09:48:18,3441.0,53150
2021-05-10 09:48:21,3440.0,53272
2021-05-10 09:48:24,3442.0,53365
2021-05-10 09:48:27,3443.0,53444
2021-05-10 09:48:31,3441.65,53452
2021-05-10 09:48:34,3441.0,53519
2021-05-10 09:48:38,3442.85,53548
2021-05-10 09:48:41,3441.65,53549
2021-05-10 09:48:44,3441.65,53561
2021-05-10 09:48:48,3442.4,53610
2021-05-10 09:48:51,3442.0,53832
2021-05-10 09:48:54,3442.0,53865
2021-05-10 09:48:58,3440.55,53894
2021-05-10 09:49:01,3440.0,53955
2021-05-10 09:49:05,3441.0,53997
2021-05-10 09:49:08,3441.0,54028
2021-05-10 09:49:12,3441.95,54057
2021-05-10 09:49:15,3441.95,54063
2021-05-10 09:49:18,3440.5,54073
2021-05-10 09:49:22,3440.3,54174
2021-05-10 09:49:26,3442.15,54214
2021-05-10 09:49:30,3442.2,54232
2021-05-10 09:49:33,3440.45,54237
2021-05-10 09:49:37,3442.45,54243
2021-05-10 09:49:40,3440.0,54281
2021-05-10 09:49:44,3440.35,54303
2021-05-10 09:49:47,3442.0,54310
2021-05-10 09:49:51,3442.0,54310
2021-05-10 09:49:54,3440.35,54329
2021-05-10 09:49:57,3440.35,54347
2021-05-10 09:50:01,3440.35,54357
2021-05-10 09:50:04,3440.4,54370
2021-05-10 09:50:07,3440.4,54396
2021-05-10 09:50:11,3442.2,54426
2021-05-10 09:50:14,3442.45,54472
2021-05-10 09:50:17,3442.4,54474
2021-05-10 09:50:20,3440.45,54492
2021-05-10 09:50:24,3442.0,54540
2021-05-10 09:50:28,3440.5,54573
2021-05-10 09:50:31,3442.0,54597
2021-05-10 09:50:34,3441.95,54602
2021-05-10 09:50:38,3440.5,54640
2021-05-10 09:50:41,3440.5,54642
2021-05-10 09:50:45,3440.4,54646
2021-05-10 09:50:48,3440.5,54647
2021-05-10 09:50:51,3440.5,54650
2021-05-10 09:50:55,3440.5,54698
2021-05-10 09:50:58,3441.95,54703
2021-05-10 09:51:02,3440.5,54722
2021-05-10 09:51:05,3442.55,54833
2021-05-10 09:51:09,3440.75,54863
2021-05-10 09:51:12,3442.45,54909
2021-05-10 09:51:16,3442.45,54936
2021-05-10 09:51:19,3442.45,54957
2021-05-10 09:51:22,3441.0,54992
2021-05-10 09:51:26,3442.5,55045
2021-05-10 09:51:29,3442.5,55050
2021-05-10 09:51:33,3442.65,55078
2021-05-10 09:51:36,3442.5,55080
2021-05-10 09:51:39,3441.0,55127
2021-05-10 09:51:46,3442.0,55191
2021-05-10 09:51:50,3442.0,55239
2021-05-10 09:51:53,3440.35,55316
2021-05-10 09:51:56,3442.0,55345
2021-05-10 09:52:00,3441.4,55916
2021-05-10 09:52:03,3440.8,55925
2021-05-10 09:52:06,3440.8,55928
2021-05-10 09:52:10,3440.35,55957
2021-05-10 09:52:13,3440.45,55970
2021-05-10 09:52:16,3440.35,55974
2021-05-10 09:52:19,3440.3,55979
2021-05-10 09:52:23,3440.0,56011
2021-05-10 09:52:27,3441.4,56040
2021-05-10 09:52:30,3442.35,56052
2021-05-10 09:52:33,3442.35,56052
2021-05-10 09:52:37,3442.4,56059
2021-05-10 09:52:40,3441.4,56087
2021-05-10 09:52:43,3441.4,56099
2021-05-10 09:52:47,3441.4,56109
2021-05-10 09:52:50,3442.35,56114
2021-05-10 09:52:53,3441.4,56156
2021-05-10 09:52:57,3441.4,56162
2021-05-10 09:53:00,3442.65,56181
2021-05-10 09:53:04,3442.65,56181
2021-05-10 09:53:08,3442.6,56214
2021-05-10 09:53:12,3442.6,56220
2021-05-10 09:53:15,3441.5,56230
2021-05-10 09:53:19,3442.0,56239
2021-05-10 09:53:23,3442.0,56301
2021-05-10 09:53:27,3441.5,56334
2021-05-10 09:53:30,3442.0,56376
2021-05-10 09:53:33,3441.5,56385
2021-05-10 09:53:37,3441.4,56408
2021-05-10 09:53:40,3440.0,56470
2021-05-10 09:53:43,3441.2,56481
2021-05-10 09:53:46,3441.2,56500
2021-05-10 09:53:50,3440.1,56516
2021-05-10 09:53:53,3440.1,56550
2021-05-10 09:53:56,3440.1,56560
2021-05-10 09:54:00,3441.2,56575
2021-05-10 09:54:03,3441.5,56581
2021-05-10 09:54:07,3441.5,56581
2021-05-10 09:54:10,3441.0,56587
2021-05-10 09:54:14,3441.0,56587
2021-05-10 09:54:18,3441.0,56591
2021-05-10 09:54:24,3440.0,56630
2021-05-10 09:54:27,3441.0,56637
2021-05-10 09:54:31,3440.0,56646
2021-05-10 09:54:37,3440.0,56673
2021-05-10 09:54:41,3440.0,56741
2021-05-10 09:54:45,3441.1,56747
2021-05-10 09:54:48,3441.1,56763
2021-05-10 09:54:56,3442.0,56801
2021-05-10 09:54:59,3442.0,56809
2021-05-10 09:55:02,3441.1,56816
2021-05-10 09:55:05,3441.1,56819
2021-05-10 09:55:09,3442.45,56865
2021-05-10 09:55:12,3441.1,56932
2021-05-10 09:55:16,3441.0,58027
2021-05-10 09:55:19,3441.0,58263
2021-05-10 09:55:23,3439.0,58462
2021-05-10 09:55:26,3439.0,58527
2021-05-10 09:55:29,3438.7,58534
2021-05-10 09:55:33,3438.35,58599
2021-05-10 09:55:40,3437.65,59178
2021-05-10 09:55:44,3437.65,59690
2021-05-10 09:55:47,3439.35,60173
2021-05-10 09:55:50,3440.7,60608
2021-05-10 09:55:54,3437.85,60628
2021-05-10 09:55:57,3437.65,60630
2021-05-10 09:56:00,3437.25,61015
2021-05-10 09:56:04,3437.1,61049
2021-05-10 09:56:07,3437.1,61111
2021-05-10 09:56:11,3438.75,61212
2021-05-10 09:56:14,3438.75,61223
2021-05-10 09:56:18,3440.35,61423
2021-05-10 09:56:22,3437.65,61454
2021-05-10 09:56:26,3437.65,61547
2021-05-10 09:56:29,3437.65,61574
2021-05-10 09:56:33,3439.75,61622
2021-05-10 09:56:37,3439.75,61626
2021-05-10 09:56:40,3439.45,61667
2021-05-10 09:56:44,3439.45,61685
2021-05-10 09:56:47,3439.45,61685
2021-05-10 09:56:51,3439.45,61771
2021-05-10 09:56:58,3439.0,61814
2021-05-10 09:57:01,3439.0,61819
2021-05-10 09:57:05,3440.0,61830
2021-05-10 09:57:08,3439.0,61849
2021-05-10 09:57:11,3438.8,61851
2021-05-10 09:57:14,3438.0,61856
2021-05-10 09:57:18,3438.0,61869
2021-05-10 09:57:21,3438.0,61872
2021-05-10 09:57:24,3439.0,61901
2021-05-10 09:57:27,3439.0,61901
2021-05-10 09:57:30,3438.1,62119
2021-05-10 09:57:34,3438.1,62185
2021-05-10 09:57:37,3438.0,62224
2021-05-10 09:57:41,3439.65,62269
2021-05-10 09:57:44,3439.65,62269
2021-05-10 09:57:47,3438.1,62275
2021-05-10 09:57:50,3440.45,62312
2021-05-10 09:57:54,3438.3,62318
2021-05-10 09:57:57,3439.8,62326
2021-05-10 09:58:00,3438.3,62339
2021-05-10 09:58:04,3439.8,62352
2021-05-10 09:58:07,3439.8,62352
2021-05-10 09:58:10,3438.35,62377
2021-05-10 09:58:13,3439.9,62454
2021-05-10 09:58:17,3439.9,62459
2021-05-10 09:58:20,3439.9,62498
2021-05-10 09:58:24,3439.9,62508
2021-05-10 09:58:27,3439.7,62519
2021-05-10 09:58:30,3439.0,62520
2021-05-10 09:58:33,3439.0,62531
2021-05-10 09:58:36,3439.0,62539
2021-05-10 09:58:40,3439.0,62550
2021-05-10 09:58:43,3438.4,62557
2021-05-10 09:58:46,3439.0,62573
2021-05-10 09:58:49,3439.9,62579
2021-05-10 09:58:52,3440.0,62604
2021-05-10 09:58:55,3440.0,62655
2021-05-10 09:58:59,3439.9,62668
2021-05-10 09:59:02,3439.8,62692
2021-05-10 09:59:05,3439.9,62730
2021-05-10 09:59:09,3439.8,62789
2021-05-10 09:59:12,3440.0,62813
2021-05-10 09:59:15,3440.0,62857
2021-05-10 09:59:19,3440.0,62870
2021-05-10 09:59:22,3440.0,62896
2021-05-10 09:59:26,3439.8,62919
2021-05-10 09:59:29,3441.15,63019
2021-05-10 09:59:32,3439.2,63045
2021-05-10 09:59:35,3439.2,63046
2021-05-10 09:59:38,3440.45,63101
2021-05-10 09:59:42,3440.45,63101
2021-05-10 09:59:45,3441.0,63126
2021-05-10 09:59:48,3440.9,63131
2021-05-10 09:59:51,3439.5,63133
2021-05-10 09:59:55,3440.6,63239
2021-05-10 09:59:58,3440.0,63242
2021-05-10 10:00:01,3439.0,63255
2021-05-10 10:00:04,3440.7,63459
2021-05-10 10:00:07,3438.85,63487
2021-05-10 10:00:11,3438.6,63504
2021-05-10 10:00:13,3438.6,63517
2021-05-10 10:00:17,3438.2,63542
2021-05-10 10:00:20,3438.2,63570
2021-05-10 10:00:23,3438.2,63609
2021-05-10 10:00:26,3438.2,63624
2021-05-10 10:00:29,3439.95,63626
2021-05-10 10:00:32,3439.95,63626
2021-05-10 10:00:35,3439.95,63626
2021-05-10 10:00:38,3439.95,63632
2021-05-10 10:00:41,3439.75,63637
2021-05-10 10:00:45,3438.75,63638
2021-05-10 10:00:48,3441.0,63690
2021-05-10 10:00:50,3441.0,63695
2021-05-10 10:00:53,3440.0,63752
2021-05-10 10:00:56,3441.0,63859
2021-05-10 10:00:59,3441.0,63861
2021-05-10 10:01:01,3440.0,63904
2021-05-10 10:01:04,3439.75,63912
2021-05-10 10:01:07,3440.0,64035
2021-05-10 10:01:10,3441.4,64143
2021-05-10 10:01:14,3441.35,64144
2021-05-10 10:01:17,3440.0,64179
2021-05-10 10:01:20,3440.0,64186
2021-05-10 10:01:23,3439.75,64218
2021-05-10 10:01:26,3439.75,64221
2021-05-10 10:01:29,3441.35,64222
2021-05-10 10:01:31,3441.35,64222
2021-05-10 10:01:34,3441.45,64251
2021-05-10 10:01:37,3439.9,64279
2021-05-10 10:01:40,3440.1,64296
2021-05-10 10:01:43,3441.35,64305
2021-05-10 10:01:46,3441.35,64305
2021-05-10 10:01:49,3441.35,64312
2021-05-10 10:01:52,3441.35,64312
2021-05-10 10:01:55,3439.75,64317
2021-05-10 10:01:58,3439.75,64319
2021-05-10 10:02:01,3442.0,64522
2021-05-10 10:02:04,3442.0,64522
2021-05-10 10:02:07,3439.8,64606
2021-05-10 10:02:11,3439.85,64671
2021-05-10 10:02:17,3441.6,64895
2021-05-10 10:02:20,3439.75,64930
2021-05-10 10:02:23,3438.5,65561
2021-05-10 10:02:26,3438.0,65586
2021-05-10 10:02:33,3437.8,66431
2021-05-10 10:02:36,3436.5,66446
2021-05-10 10:02:39,3436.35,66571
2021-05-10 10:02:42,3435.0,67124
2021-05-10 10:02:45,3435.0,67824
2021-05-10 10:02:49,3436.0,69864
2021-05-10 10:02:52,3435.0,69970
2021-05-10 10:02:55,3435.0,70127
2021-05-10 10:02:57,3435.0,70378
2021-05-10 10:03:00,3434.45,70647
2021-05-10 10:03:03,3434.0,71060
2021-05-10 10:03:06,3434.0,71243
2021-05-10 10:03:09,3433.15,71260
2021-05-10 10:03:12,3433.15,71493
2021-05-10 10:03:15,3435.15,71856
2021-05-10 10:03:17,3435.15,71956
2021-05-10 10:03:23,3433.8,72070
2021-05-10 10:03:26,3434.6,73892
2021-05-10 10:03:29,3433.75,73922
2021-05-10 10:03:32,3433.5,74053
2021-05-10 10:03:35,3433.5,74089
2021-05-10 10:03:37,3433.5,74137
2021-05-10 10:03:41,3433.5,74143
2021-05-10 10:03:44,3433.5,74158
2021-05-10 10:03:47,3433.5,74161
2021-05-10 10:03:50,3434.85,74162
2021-05-10 10:03:53,3433.5,74187
2021-05-10 10:03:56,3435.0,74244
2021-05-10 10:03:59,3435.0,74244
2021-05-10 10:04:03,3435.0,74264
2021-05-10 10:04:06,3434.85,75313
2021-05-10 10:04:09,3433.5,75345
2021-05-10 10:04:12,3433.1,75385
2021-05-10 10:04:15,3433.1,75507
2021-05-10 10:04:19,3433.05,75553
2021-05-10 10:04:22,3433.1,75752
2021-05-10 10:04:25,3433.05,75933
2021-05-10 10:04:28,3434.65,76085
2021-05-10 10:04:32,3433.5,76086
2021-05-10 10:04:35,3434.75,76303
2021-05-10 10:04:38,3433.0,76325
2021-05-10 10:04:41,3433.5,76351
2021-05-10 10:04:43,3433.5,76351
2021-05-10 10:04:46,3433.25,76379
2021-05-10 10:04:49,3424.0,98607
2021-05-10 10:04:52,3423.25,101102
2021-05-10 10:04:55,3428.25,107446
2021-05-10 10:04:59,3426.5,108288
2021-05-10 10:05:02,3425.3,108509
2021-05-10 10:05:05,3424.55,108576
2021-05-10 10:05:08,3425.45,109527
2021-05-10 10:05:11,3426.85,109806
2021-05-10 10:05:14,3426.85,109919
2021-05-10 10:05:18,3426.55,110052
2021-05-10 10:05:21,3427.85,110148
2021-05-10 10:05:24,3426.45,110338
2021-05-10 10:05:28,3428.7,110560
2021-05-10 10:05:31,3428.7,110613
2021-05-10 10:05:34,3427.85,110631
2021-05-10 10:05:37,3427.75,111251
2021-05-10 10:05:40,3426.45,111316
2021-05-10 10:05:44,3426.45,111482
2021-05-10 10:05:47,3428.3,111750
2021-05-10 10:05:50,3418.95,125094
2021-05-10 10:05:53,3418.9,126317
2021-05-10 10:05:56,3420.0,130487
2021-05-10 10:06:03,3419.95,131747
2021-05-10 10:06:07,3419.95,131809
2021-05-10 10:06:10,3420.0,134353
2021-05-10 10:06:13,3420.0,137593
2021-05-10 10:06:17,3420.0,140061
2021-05-10 10:06:20,3420.0,149005
2021-05-10 10:06:23,3421.8,151192
2021-05-10 10:06:27,3424.8,151736
2021-05-10 10:06:30,3424.45,152241
2021-05-10 10:06:33,3424.45,152282
2021-05-10 10:06:37,3425.0,152289
2021-05-10 10:06:40,3426.45,152790
2021-05-10 10:06:43,3426.45,152797
2021-05-10 10:06:46,3426.45,152868
2021-05-10 10:06:49,3426.45,152896
2021-05-10 10:06:52,3427.15,153100
2021-05-10 10:06:56,3427.05,153185
2021-05-10 10:06:59,3426.8,153236
2021-05-10 10:07:06,3428.6,153539
2021-05-10 10:07:10,3428.0,153574
2021-05-10 10:07:13,3428.0,153584
2021-05-10 10:07:16,3428.6,153656
2021-05-10 10:07:20,3429.55,153900
2021-05-10 10:07:23,3427.5,154495
2021-05-10 10:07:26,3430.05,154800
2021-05-10 10:07:29,3430.05,154988
2021-05-10 10:07:32,3429.95,154993
2021-05-10 10:07:35,3428.1,155059
2021-05-10 10:07:38,3429.3,155092
2021-05-10 10:07:41,3429.3,155338
2021-05-10 10:07:44,3428.25,155439
2021-05-10 10:07:47,3428.25,155439
2021-05-10 10:07:51,3429.3,155476
2021-05-10 10:07:54,3428.05,155509
2021-05-10 10:07:57,3429.3,155551
2021-05-10 10:08:00,3430.0,155560
2021-05-10 10:08:04,3430.0,155570
2021-05-10 10:08:07,3430.0,155609
2021-05-10 10:08:10,3430.0,155743
2021-05-10 10:08:13,3430.0,155748
2021-05-10 10:08:14,3430.0,155752
2021-05-10 10:08:15,3430.0,155758
2021-05-10 10:08:16,3430.0,155808
2021-05-10 10:08:17,3430.0,155808
2021-05-10 10:08:18,3430.0,155808
2021-05-10 10:08:19,3430.0,155818
2021-05-10 10:08:20,3430.0,155819
2021-05-10 10:08:22,3430.0,155826
2021-05-10 10:08:22,3430.0,155848
2021-05-10 10:08:23,3429.3,155872
2021-05-10 10:08:24,3429.65,155873
2021-05-10 10:08:25,3430.0,155898
2021-05-10 10:08:26,3430.0,155898
2021-05-10 10:08:27,3430.0,155898
2021-05-10 10:08:28,3430.0,155899
2021-05-10 10:08:29,3430.0,155899
2021-05-10 10:08:30,3422.35,160416
2021-05-10 10:08:31,3422.3,160428
2021-05-10 10:08:32,3424.35,160431
2021-05-10 10:08:33,3423.35,160832
2021-05-10 10:08:35,3425.0,161032
2021-05-10 10:08:36,3423.45,161080
2021-05-10 10:08:36,3425.0,161082
2021-05-10 10:08:37,3423.35,161182
2021-05-10 10:08:38,3423.35,161182
2021-05-10 10:08:40,3423.2,161232
2021-05-10 10:08:41,3423.2,161232
2021-05-10 10:08:42,3423.05,161233
2021-05-10 10:08:43,3423.05,161233
2021-05-10 10:08:44,3423.05,161233
2021-05-10 10:08:46,3424.75,161239
2021-05-10 10:08:47,3424.75,161239
2021-05-10 10:08:48,3424.75,161241
2021-05-10 10:08:50,3423.35,161249
2021-05-10 10:08:51,3423.35,161249
2021-05-10 10:08:52,3423.35,161249
2021-05-10 10:08:53,3425.0,161333
2021-05-10 10:08:54,3424.75,161339
2021-05-10 10:08:55,3425.0,161409
2021-05-10 10:08:56,3425.0,161409
2021-05-10 10:08:57,3425.0,161409
2021-05-10 10:08:57,3425.0,161409
2021-05-10 10:08:59,3425.0,161409
2021-05-10 10:08:59,3425.0,161409
2021-05-10 10:09:01,3425.0,161414
2021-05-10 10:09:02,3425.0,161424
2021-05-10 10:09:03,3424.65,161624
2021-05-10 10:09:04,3424.65,161624
2021-05-10 10:09:05,3424.65,161624
2021-05-10 10:09:06,3425.0,161650
2021-05-10 10:09:07,3425.0,161651
2021-05-10 10:09:08,3423.95,161673
2021-05-10 10:09:09,3425.0,161680
2021-05-10 10:09:10,3425.0,161684
2021-05-10 10:09:11,3425.0,161684
2021-05-10 10:09:11,3425.0,161689
2021-05-10 10:09:12,3425.0,161689
2021-05-10 10:09:13,3425.0,161689
2021-05-10 10:09:14,3423.9,161710
2021-05-10 10:09:15,3425.0,161713
2021-05-10 10:09:17,3425.0,161719
2021-05-10 10:09:17,3425.0,161725
2021-05-10 10:09:18,3424.65,161939
2021-05-10 10:09:19,3425.0,161942
2021-05-10 10:09:20,3425.0,161944
2021-05-10 10:09:21,3425.0,162004
2021-05-10 10:09:22,3424.0,162027
2021-05-10 10:09:24,3424.0,162027
2021-05-10 10:09:25,3425.0,162062
2021-05-10 10:09:26,3425.0,162064
2021-05-10 10:09:26,3425.0,162081
2021-05-10 10:09:28,3424.0,162092
2021-05-10 10:09:29,3425.0,162249
2021-05-10 10:09:30,3425.0,162254
2021-05-10 10:09:31,3423.2,162492
2021-05-10 10:09:32,3424.35,162692
2021-05-10 10:09:33,3423.2,163217
2021-05-10 10:09:34,3425.0,163222
2021-05-10 10:09:35,3425.0,163830
2021-05-10 10:09:36,3425.0,163831
2021-05-10 10:09:37,3425.0,163835
2021-05-10 10:09:38,3424.45,163858
2021-05-10 10:09:39,3425.0,163868
2021-05-10 10:09:40,3425.0,163883
2021-05-10 10:09:41,3425.0,163883
2021-05-10 10:09:43,3425.0,163908
2021-05-10 10:09:44,3425.0,164343
2021-05-10 10:09:45,3425.0,164343
2021-05-10 10:09:46,3425.0,164343
2021-05-10 10:09:47,3425.0,164361
2021-05-10 10:09:48,3425.0,164361
2021-05-10 10:09:49,3424.4,164377
2021-05-10 10:09:50,3425.0,164379
2021-05-10 10:09:51,3425.0,164383
2021-05-10 10:09:52,3424.4,164408
2021-05-10 10:09:53,3424.4,164431
2021-05-10 10:09:54,3424.4,164431
2021-05-10 10:09:55,3424.4,164431
2021-05-10 10:09:56,3424.45,164461
2021-05-10 10:09:57,3424.9,164481
2021-05-10 10:09:57,3424.45,164461
2021-05-10 10:09:59,3424.9,164484
2021-05-10 10:10:00,3424.9,164484
2021-05-10 10:10:01,3424.9,164484
2021-05-10 10:10:01,3424.9,164484
2021-05-10 10:10:02,3424.9,164484
2021-05-10 10:10:04,3424.9,164494
2021-05-10 10:10:05,3424.9,164497
2021-05-10 10:10:06,3424.9,164507
2021-05-10 10:10:07,3424.5,164529
2021-05-10 10:10:09,3424.5,164529
2021-05-10 10:10:10,3424.55,164620
2021-05-10 10:10:11,3424.55,164620
2021-05-10 10:10:12,3424.85,164635
2021-05-10 10:10:13,3424.85,164635
2021-05-10 10:10:14,3424.6,164694
2021-05-10 10:10:15,3424.7,164700
2021-05-10 10:10:16,3424.65,165242
2021-05-10 10:10:17,3424.65,165243
2021-05-10 10:10:18,3424.65,165243
2021-05-10 10:10:19,3424.65,165257
2021-05-10 10:10:20,3424.65,165257
2021-05-10 10:10:21,3424.65,165257
2021-05-10 10:10:21,3424.65,165257
2021-05-10 10:10:22,3424.9,165258
2021-05-10 10:10:24,3424.7,165281
2021-05-10 10:10:25,3424.7,165281
2021-05-10 10:10:26,3425.0,165296
2021-05-10 10:10:27,3425.0,165296
2021-05-10 10:10:28,3425.0,165296
2021-05-10 10:10:29,3425.0,165296
2021-05-10 10:10:30,3425.0,165297
2021-05-10 10:10:31,3425.0,165299
2021-05-10 10:10:32,3424.2,165866
2021-05-10 10:10:32,3424.2,165866
2021-05-10 10:10:33,3425.0,165872
2021-05-10 10:10:34,3425.0,165872
2021-05-10 10:10:35,3425.0,165885
2021-05-10 10:10:36,3425.0,165887
2021-05-10 10:10:38,3424.8,165911
2021-05-10 10:10:39,3425.0,165961
2021-05-10 10:10:40,3425.0,165961
2021-05-10 10:10:41,3425.0,165961
2021-05-10 10:10:41,3425.0,165961
2021-05-10 10:10:42,3425.0,165973
2021-05-10 10:10:44,3425.0,165989
2021-05-10 10:10:45,3425.0,165995
2021-05-10 10:10:46,3425.0,165996
2021-05-10 10:10:47,3425.0,165998
2021-05-10 10:10:48,3425.0,165998
2021-05-10 10:10:50,3425.0,165998
2021-05-10 10:10:51,3424.95,167275
2021-05-10 10:10:52,3424.95,167275
2021-05-10 10:10:53,3424.95,167298
2021-05-10 10:10:54,3424.95,167298
2021-05-10 10:10:55,3425.0,167457
2021-05-10 10:10:56,3424.65,167486
2021-05-10 10:10:57,3424.65,167486
2021-05-10 10:10:58,3424.65,167486
2021-05-10 10:10:59,3425.0,167537
2021-05-10 10:11:00,3424.7,167542
2021-05-10 10:11:01,3423.5,168033
2021-05-10 10:11:02,3425.0,168174
2021-05-10 10:11:03,3425.0,168174
2021-05-10 10:11:04,3425.0,168187
2021-05-10 10:11:05,3425.0,168187
2021-05-10 10:11:06,3425.0,168212
2021-05-10 10:11:07,3425.0,168222
2021-05-10 10:11:08,3424.75,168246
2021-05-10 10:11:09,3424.75,168435
2021-05-10 10:11:10,3425.0,168451
2021-05-10 10:11:11,3425.0,168451
2021-05-10 10:11:12,3425.0,168451
2021-05-10 10:11:13,3424.85,168458
2021-05-10 10:11:14,3424.85,168458
2021-05-10 10:11:15,3425.0,168468
2021-05-10 10:11:16,3425.0,168468
2021-05-10 10:11:17,3425.0,168468
2021-05-10 10:11:18,3425.0,168468
2021-05-10 10:11:19,3425.0,168468
2021-05-10 10:11:20,3425.0,168468
2021-05-10 10:11:21,3425.0,168470
2021-05-10 10:11:22,3425.0,168470
2021-05-10 10:11:23,3424.95,168495
2021-05-10 10:11:24,3425.0,168498
2021-05-10 10:11:25,3425.0,168498
2021-05-10 10:11:26,3425.0,168498
2021-05-10 10:11:27,3425.0,168508
2021-05-10 10:11:28,3425.0,168511
2021-05-10 10:11:29,3425.0,168518
2021-05-10 10:11:30,3424.95,168586
2021-05-10 10:11:31,3424.95,168588
2021-05-10 10:11:32,3424.95,168591
2021-05-10 10:11:33,3425.0,168611
2021-05-10 10:11:34,3424.95,168614
2021-05-10 10:11:35,3424.95,168614
2021-05-10 10:11:36,3424.95,168616
2021-05-10 10:11:37,3425.0,168918
2021-05-10 10:11:38,3425.0,168970
2021-05-10 10:11:39,3425.0,169071
2021-05-10 10:11:40,3425.0,169071
2021-05-10 10:11:41,3425.0,169073
2021-05-10 10:11:42,3425.0,169079
2021-05-10 10:11:43,3425.0,169080
2021-05-10 10:11:44,3425.0,169100
2021-05-10 10:11:45,3425.0,169120
2021-05-10 10:11:46,3425.0,169147
2021-05-10 10:11:47,3425.0,169147
2021-05-10 10:11:48,3425.0,169147
2021-05-10 10:11:49,3425.0,169157
2021-05-10 10:11:50,3425.0,169158
2021-05-10 10:11:51,3424.95,169160
2021-05-10 10:11:52,3424.95,169162
2021-05-10 10:11:53,3424.95,169186
2021-05-10 10:11:54,3424.95,169186
2021-05-10 10:11:55,3424.95,169188
2021-05-10 10:11:56,3425.0,169438
2021-05-10 10:11:57,3425.0,169447
2021-05-10 10:11:58,3425.0,169450
2021-05-10 10:11:59,3424.95,169452
2021-05-10 10:12:00,3425.0,169462
2021-05-10 10:12:01,3425.0,169462
2021-05-10 10:12:02,3425.0,169462
2021-05-10 10:12:04,3425.0,169472
2021-05-10 10:12:03,3425.0,169472
2021-05-10 10:12:05,3425.0,169480
2021-05-10 10:12:06,3424.95,169482
2021-05-10 10:12:07,3425.0,169488
2021-05-10 10:12:08,3425.0,169522
2021-05-10 10:12:09,3425.0,169523
2021-05-10 10:12:10,3424.95,169525
2021-05-10 10:12:11,3424.95,169525
2021-05-10 10:12:12,3424.95,169525
2021-05-10 10:12:13,3424.9,169837
2021-05-10 10:12:14,3424.9,169839
2021-05-10 10:12:15,3424.9,169839
2021-05-10 10:12:16,3424.95,169846
2021-05-10 10:12:17,3424.95,169846
2021-05-10 10:12:18,3425.0,169856
2021-05-10 10:12:19,3425.0,170078
2021-05-10 10:12:20,3425.0,170078
2021-05-10 10:12:21,3424.95,170090
2021-05-10 10:12:22,3424.95,170104
2021-05-10 10:12:23,3424.95,170129
2021-05-10 10:12:24,3424.95,170129
2021-05-10 10:12:25,3424.95,170129
2021-05-10 10:12:26,3424.95,170129
2021-05-10 10:12:27,3425.0,170133
2021-05-10 10:12:28,3424.95,170135
2021-05-10 10:12:29,3425.0,170349
2021-05-10 10:12:30,3425.0,170349
2021-05-10 10:12:31,3425.0,170349
2021-05-10 10:12:32,3425.0,170404
2021-05-10 10:12:33,3425.0,170414
2021-05-10 10:12:34,3425.0,170423
2021-05-10 10:12:35,3425.0,170616
2021-05-10 10:12:36,3424.9,170618
2021-05-10 10:12:38,3424.9,171134
2021-05-10 10:12:40,3425.0,171168
2021-05-10 10:12:39,3425.0,171168
2021-05-10 10:12:42,3425.0,171169
2021-05-10 10:12:44,3425.0,171169
2021-05-10 10:12:45,3425.0,171172
2021-05-10 10:12:46,3425.0,171176
2021-05-10 10:12:47,3425.0,171197
2021-05-10 10:12:48,3425.0,171201
2021-05-10 10:12:51,3425.0,171402
2021-05-10 10:12:52,3425.0,171404
2021-05-10 10:12:53,3424.05,171428
2021-05-10 10:12:54,3425.0,171434
2021-05-10 10:12:55,3425.0,171435
2021-05-10 10:12:56,3424.05,171437
2021-05-10 10:12:57,3425.0,171438
2021-05-10 10:12:58,3425.0,171438
2021-05-10 10:12:59,3425.0,171438
2021-05-10 10:13:00,3425.0,171439
2021-05-10 10:13:01,3425.0,171465
2021-05-10 10:13:02,3425.0,171474
2021-05-10 10:13:04,3425.0,171474
2021-05-10 10:13:04,3425.0,171474
2021-05-10 10:13:06,3425.0,171474
2021-05-10 10:13:06,3425.0,171475
2021-05-10 10:13:07,3425.0,171475
2021-05-10 10:13:08,3424.05,171524
2021-05-10 10:13:09,3425.0,171526
2021-05-10 10:13:10,3425.0,171526
2021-05-10 10:13:11,3424.15,171527
2021-05-10 10:13:12,3425.0,171530
2021-05-10 10:13:13,3425.0,171532
2021-05-10 10:13:14,3425.0,171532
2021-05-10 10:13:17,3424.2,171536
2021-05-10 10:13:20,3424.2,171538
2021-05-10 10:13:23,3425.0,171681
2021-05-10 10:13:26,3425.0,171721
2021-05-10 10:13:29,3425.0,171724
2021-05-10 10:13:32,3425.0,171733
2021-05-10 10:13:35,3424.2,171747
2021-05-10 10:13:38,3425.9,171859
2021-05-10 10:13:41,3426.3,171870
2021-05-10 10:13:45,3425.35,171912
2021-05-10 10:13:48,3426.7,172029
2021-05-10 10:13:51,3426.7,172039
2021-05-10 10:13:54,3426.3,172062
2021-05-10 10:13:56,3422.5,173102
2021-05-10 10:13:59,3418.1,175960
2021-05-10 10:14:02,3416.15,176054
2021-05-10 10:14:05,3418.0,176187
2021-05-10 10:14:08,3418.0,176221
2021-05-10 10:14:11,3418.4,176222
2021-05-10 10:14:14,3418.4,176267
2021-05-10 10:14:17,3419.0,176288
2021-05-10 10:14:20,3419.0,176345
2021-05-10 10:14:23,3418.75,176462
2021-05-10 10:14:26,3418.85,176619
2021-05-10 10:14:28,3420.4,176634
2021-05-10 10:14:31,3421.55,176740
2021-05-10 10:14:34,3420.65,176768
2021-05-10 10:14:37,3423.15,176934
2021-05-10 10:14:40,3424.2,176966
2021-05-10 10:14:43,3424.2,176972
2021-05-10 10:14:46,3424.75,177024
2021-05-10 10:14:49,3424.75,177024
2021-05-10 10:14:53,3424.25,177047
2021-05-10 10:14:56,3424.7,177066
2021-05-10 10:14:59,3424.7,177091
2021-05-10 10:15:03,3425.0,177185
2021-05-10 10:15:06,3424.25,177195
2021-05-10 10:15:09,3424.1,177239
2021-05-10 10:15:13,3424.7,177276
2021-05-10 10:15:15,3424.7,177282
2021-05-10 10:15:19,3424.7,177294
2021-05-10 10:15:22,3424.7,177346
2021-05-10 10:15:25,3424.7,177408
2021-05-10 10:15:29,3424.15,177411
2021-05-10 10:15:32,3424.15,177425
2021-05-10 10:15:35,3426.0,177702
2021-05-10 10:15:38,3424.7,177703
2021-05-10 10:15:41,3424.7,178003
2021-05-10 10:15:44,3422.25,178460
2021-05-10 10:15:47,3420.45,178468
2021-05-10 10:15:50,3422.05,178522
2021-05-10 10:15:54,3422.0,178534
2021-05-10 10:15:57,3421.85,178538
2021-05-10 10:16:00,3421.75,178605
2021-05-10 10:16:04,3422.0,178609
2021-05-10 10:16:07,3421.15,178610
2021-05-10 10:16:10,3421.95,178636
2021-05-10 10:16:13,3421.95,178638
2021-05-10 10:16:16,3422.6,178639
2021-05-10 10:16:19,3422.0,178641
2021-05-10 10:16:22,3422.0,178665
2021-05-10 10:16:25,3422.0,178665
2021-05-10 10:16:28,3423.5,178666
2021-05-10 10:16:34,3423.5,178671
2021-05-10 10:16:37,3423.85,178691
2021-05-10 10:16:40,3423.65,178764
2021-05-10 10:16:42,3423.5,178865
2021-05-10 10:16:45,3423.95,178871
2021-05-10 10:16:50,3424.45,178876
2021-05-10 10:16:52,3424.0,178899
2021-05-10 10:16:55,3425.0,178916
2021-05-10 10:16:58,3425.0,178921
2021-05-10 10:17:00,3424.45,179018
2021-05-10 10:17:04,3424.45,179018
2021-05-10 10:17:07,3424.45,179018
2021-05-10 10:17:10,3422.85,179235
2021-05-10 10:17:13,3422.2,179247
2021-05-10 10:17:16,3422.05,179253
2021-05-10 10:17:19,3423.7,179369
2021-05-10 10:17:22,3422.05,179371
2021-05-10 10:17:25,3423.4,179415
2021-05-10 10:17:28,3423.4,179415
2021-05-10 10:17:31,3423.4,179415
2021-05-10 10:17:34,3422.0,179471
2021-05-10 10:17:37,3423.5,179477
2021-05-10 10:17:40,3423.7,179500
2021-05-10 10:17:43,3423.8,179515
2021-05-10 10:17:49,3424.25,179528
2021-05-10 10:17:52,3424.25,179545
2021-05-10 10:17:54,3424.1,179573
2021-05-10 10:17:56,3423.0,179600
2021-05-10 10:17:59,3423.0,179638
2021-05-10 10:18:01,3424.25,179643
2021-05-10 10:18:04,3424.25,179645
2021-05-10 10:18:07,3424.25,179655
2021-05-10 10:18:09,3424.2,179678
2021-05-10 10:18:11,3424.2,179678
2021-05-10 10:18:14,3424.2,179678
2021-05-10 10:18:17,3424.85,179731
2021-05-10 10:18:20,3424.9,179804
2021-05-10 10:18:24,3424.9,179847
2021-05-10 10:18:27,3425.0,179872
2021-05-10 10:18:31,3425.0,179892
2021-05-10 10:18:34,3424.95,179922
2021-05-10 10:18:37,3425.0,179924
2021-05-10 10:18:40,3424.95,180016
2021-05-10 10:18:43,3425.0,180103
2021-05-10 10:18:46,3424.0,180141
2021-05-10 10:18:49,3424.0,180141
2021-05-10 10:18:52,3424.0,180172
2021-05-10 10:18:55,3423.05,180210
2021-05-10 10:18:58,3424.9,180316
2021-05-10 10:19:01,3422.95,180357
2021-05-10 10:19:04,3422.95,180357
2021-05-10 10:19:06,3424.9,180369
2021-05-10 10:19:09,3424.75,180392
2021-05-10 10:19:12,3424.0,180397
2021-05-10 10:19:14,3423.25,180427
2021-05-10 10:19:18,3423.0,180527
2021-05-10 10:19:24,3422.75,180814
2021-05-10 10:19:27,3424.25,180842
2021-05-10 10:19:30,3423.05,180844
2021-05-10 10:19:33,3423.05,180844
2021-05-10 10:19:36,3423.05,180844
2021-05-10 10:19:39,3423.65,180869
2021-05-10 10:19:41,3423.65,180874
2021-05-10 10:19:44,3424.3,180884
2021-05-10 10:19:47,3424.3,180885
2021-05-10 10:19:50,3423.0,181012
2021-05-10 10:19:53,3424.75,181065
2021-05-10 10:19:56,3424.3,181075
2021-05-10 10:19:58,3424.0,181136
2021-05-10 10:20:01,3424.0,181154
2021-05-10 10:20:04,3423.0,181167
2021-05-10 10:20:07,3423.0,181173
2021-05-10 10:20:10,3423.95,181275
2021-05-10 10:20:13,3423.0,181279
2021-05-10 10:20:16,3423.5,181282
2021-05-10 10:20:20,3423.5,181410
2021-05-10 10:20:22,3424.35,182412
2021-05-10 10:20:28,3424.35,182460
2021-05-10 10:20:31,3424.95,182466
2021-05-10 10:20:34,3424.35,182559
2021-05-10 10:20:37,3424.6,182655
2021-05-10 10:20:40,3424.3,182694
2021-05-10 10:20:43,3424.3,182696
2021-05-10 10:20:46,3424.5,182744
2021-05-10 10:20:49,3425.0,182774
2021-05-10 10:20:51,3423.05,182779
2021-05-10 10:20:54,3423.0,182942
2021-05-10 10:20:56,3423.95,183045
2021-05-10 10:20:59,3423.95,183045
2021-05-10 10:21:02,3421.0,183284
2021-05-10 10:21:04,3421.0,183284
2021-05-10 10:21:07,3422.9,183326
2021-05-10 10:21:10,3422.8,183358
2021-05-10 10:21:13,3422.0,183367
2021-05-10 10:21:15,3421.3,183385
2021-05-10 10:21:17,3422.95,183387
2021-05-10 10:21:20,3423.05,183397
2021-05-10 10:21:23,3422.0,183420
2021-05-10 10:21:25,3423.75,183543
2021-05-10 10:21:28,3423.9,183556
2021-05-10 10:21:31,3424.15,183626
2021-05-10 10:21:33,3424.5,183636
2021-05-10 10:21:36,3424.5,183636
2021-05-10 10:21:39,3423.1,183659
2021-05-10 10:21:42,3424.5,183663
2021-05-10 10:21:45,3424.45,183680
2021-05-10 10:21:48,3424.45,183680
2021-05-10 10:21:50,3423.1,183723
2021-05-10 10:21:53,3424.45,183747
2021-05-10 10:21:56,3424.6,183867
2021-05-10 10:21:59,3424.45,184013
2021-05-10 10:22:02,3424.2,184051
2021-05-10 10:22:05,3424.2,184051
2021-05-10 10:22:08,3424.45,184061
2021-05-10 10:22:11,3424.95,184093
2021-05-10 10:22:13,3425.0,184176
2021-05-10 10:22:16,3425.0,184176
2021-05-10 10:22:19,3425.45,184243
2021-05-10 10:22:21,3424.6,184249
2021-05-10 10:22:23,3424.1,184269
2021-05-10 10:22:26,3424.05,184276
2021-05-10 10:22:29,3424.05,184278
2021-05-10 10:22:31,3424.95,184279
2021-05-10 10:22:34,3423.05,184298
2021-05-10 10:22:36,3424.05,184375
2021-05-10 10:22:39,3424.0,184401
2021-05-10 10:22:45,3424.3,184480
2021-05-10 10:22:48,3424.0,184565
2021-05-10 10:22:50,3424.35,184566
2021-05-10 10:22:53,3423.0,184590
2021-05-10 10:22:55,3424.25,184607
2021-05-10 10:22:58,3424.25,184617
2021-05-10 10:23:01,3424.0,184681
2021-05-10 10:23:04,3422.05,184835
2021-05-10 10:23:10,3424.25,184959
2021-05-10 10:23:13,3424.3,184980
2021-05-10 10:23:16,3424.3,184980
2021-05-10 10:23:18,3424.0,185005
2021-05-10 10:23:21,3424.25,185012
2021-05-10 10:23:24,3422.8,185046
2021-05-10 10:23:26,3422.8,185049
2021-05-10 10:23:29,3423.95,185058
2021-05-10 10:23:32,3424.6,185092
2021-05-10 10:23:35,3424.95,185171
2021-05-10 10:23:38,3422.8,185187
2021-05-10 10:23:40,3424.4,185286
2021-05-10 10:23:42,3424.55,185288
2021-05-10 10:23:45,3424.9,185289
2021-05-10 10:23:48,3424.4,185303
2021-05-10 10:23:50,3425.0,185310
2021-05-10 10:23:53,3424.0,185315
2021-05-10 10:23:56,3423.8,185327
2021-05-10 10:23:59,3424.7,185339
2021-05-10 10:24:01,3424.7,185341
2021-05-10 10:24:04,3424.0,185358
2021-05-10 10:24:06,3425.0,185360
2021-05-10 10:24:09,3423.8,185366
2021-05-10 10:24:11,3425.0,185392
2021-05-10 10:24:15,3425.0,185392
2021-05-10 10:24:17,3425.0,185392
2021-05-10 10:24:20,3425.0,185403
2021-05-10 10:24:22,3424.7,185404
2021-05-10 10:24:26,3425.0,185455
2021-05-10 10:24:29,3423.8,185456
2021-05-10 10:24:32,3425.0,185459
2021-05-10 10:24:34,3425.0,185463
2021-05-10 10:24:37,3425.0,185463
2021-05-10 10:24:40,3424.4,185486
2021-05-10 10:24:43,3425.0,185559
2021-05-10 10:24:46,3425.0,185575
2021-05-10 10:24:48,3423.8,185580
2021-05-10 10:24:51,3424.95,185581
2021-05-10 10:24:54,3423.0,185615
2021-05-10 10:24:58,3422.1,185627
2021-05-10 10:25:01,3422.05,185660
2021-05-10 10:25:04,3422.05,185696
2021-05-10 10:25:07,3422.2,185699
2021-05-10 10:25:09,3423.9,185756
2021-05-10 10:25:12,3423.9,185760
2021-05-10 10:25:14,3423.9,185760
2021-05-10 10:25:17,3423.9,185766
2021-05-10 10:25:20,3423.9,185768
2021-05-10 10:25:23,3422.35,185829
2021-05-10 10:25:26,3424.0,185834
2021-05-10 10:25:29,3424.4,185845
2021-05-10 10:25:31,3424.4,185845
2021-05-10 10:25:34,3424.45,185850
2021-05-10 10:25:37,3424.45,185850
2021-05-10 10:25:40,3424.4,185879
2021-05-10 10:25:43,3424.75,185911
2021-05-10 10:25:46,3424.7,185942
2021-05-10 10:25:48,3425.0,186048
2021-05-10 10:25:51,3425.0,186074
2021-05-10 10:25:54,3424.4,186098
2021-05-10 10:25:57,3424.95,186104
2021-05-10 10:25:59,3424.95,186117
2021-05-10 10:26:02,3424.95,186117
2021-05-10 10:26:05,3424.95,186136
2021-05-10 10:26:08,3424.2,186142
2021-05-10 10:26:11,3424.2,186152
2021-05-10 10:26:14,3424.2,186155
2021-05-10 10:26:17,3424.2,186162
2021-05-10 10:26:20,3425.0,186189
2021-05-10 10:26:23,3423.15,186219
2021-05-10 10:26:26,3423.1,186220
2021-05-10 10:26:29,3423.1,186220
2021-05-10 10:26:31,3423.1,186220
2021-05-10 10:26:34,3423.1,186220
2021-05-10 10:26:37,3423.1,186220
2021-05-10 10:26:39,3423.8,186242
2021-05-10 10:26:42,3424.9,186245
2021-05-10 10:26:44,3424.9,186245
2021-05-10 10:26:47,3424.9,186245
2021-05-10 10:26:50,3424.9,186249
2021-05-10 10:26:53,3424.85,186256
2021-05-10 10:26:56,3424.7,186260
2021-05-10 10:26:59,3424.85,186285
2021-05-10 10:27:02,3425.15,186524
2021-05-10 10:27:06,3425.35,186525
2021-05-10 10:27:09,3425.15,186583
2021-05-10 10:27:12,3425.4,186585
2021-05-10 10:27:14,3425.2,186595
2021-05-10 10:27:18,3425.2,186595
2021-05-10 10:27:21,3425.4,186599
2021-05-10 10:27:24,3425.15,186623
2021-05-10 10:27:27,3425.3,186683
2021-05-10 10:27:30,3425.0,186736
2021-05-10 10:27:33,3425.0,186736
2021-05-10 10:27:36,3425.35,186742
2021-05-10 10:27:39,3425.75,186866
2021-05-10 10:27:42,3425.0,186946
2021-05-10 10:27:45,3425.0,186946
2021-05-10 10:27:48,3426.0,187015
2021-05-10 10:27:51,3425.3,187055
2021-05-10 10:27:53,3426.0,187129
2021-05-10 10:27:56,3426.9,187183
2021-05-10 10:27:59,3425.7,187184
2021-05-10 10:28:02,3426.35,187190
2021-05-10 10:28:05,3427.45,187410
2021-05-10 10:28:08,3427.0,187532
2021-05-10 10:28:11,3427.35,187535
2021-05-10 10:28:18,3426.95,187992
2021-05-10 10:28:21,3427.0,187994
2021-05-10 10:28:23,3426.0,188050
2021-05-10 10:28:26,3425.7,188061
2021-05-10 10:28:29,3426.0,188064
2021-05-10 10:28:32,3426.0,188109
2021-05-10 10:28:34,3425.0,188133
2021-05-10 10:28:37,3426.0,188587
2021-05-10 10:28:40,3426.1,188594
2021-05-10 10:28:42,3427.2,188657
2021-05-10 10:28:45,3427.2,188657
2021-05-10 10:28:48,3427.75,188670
2021-05-10 10:28:50,3427.75,188680
2021-05-10 10:28:53,3426.0,188745
2021-05-10 10:28:56,3425.5,188746
2021-05-10 10:28:58,3427.15,188773
2021-05-10 10:29:01,3425.85,188803
2021-05-10 10:29:04,3427.65,188813
2021-05-10 10:29:06,3427.95,188838
2021-05-10 10:29:09,3425.85,188844
2021-05-10 10:29:12,3426.05,188919
2021-05-10 10:29:14,3426.05,188919
2021-05-10 10:29:17,3426.05,188919
2021-05-10 10:29:20,3427.5,188939
2021-05-10 10:29:22,3425.95,189178
2021-05-10 10:29:25,3425.95,189178
2021-05-10 10:29:28,3427.05,189184
2021-05-10 10:29:30,3427.05,189184
2021-05-10 10:29:33,3425.95,189207
2021-05-10 10:29:36,3425.5,189218
2021-05-10 10:29:38,3426.9,189246
2021-05-10 10:29:41,3426.9,189258
2021-05-10 10:29:44,3426.2,189352
2021-05-10 10:29:46,3426.2,189574
2021-05-10 10:29:49,3426.85,189575
2021-05-10 10:29:52,3427.95,189630
2021-05-10 10:29:55,3425.8,189647
2021-05-10 10:29:57,3427.0,189667
2021-05-10 10:30:00,3427.05,189669
2021-05-10 10:30:03,3427.35,189674
2021-05-10 10:30:06,3427.35,189674
2021-05-10 10:30:09,3427.5,189713
2021-05-10 10:30:11,3426.1,189751
2021-05-10 10:30:14,3427.35,189752
2021-05-10 10:30:17,3427.35,189783
2021-05-10 10:30:20,3427.4,189784
2021-05-10 10:30:23,3425.5,189960
2021-05-10 10:30:26,3426.3,189965
2021-05-10 10:30:29,3426.25,189987
2021-05-10 10:30:32,3425.5,189988
2021-05-10 10:30:34,3426.3,189995
2021-05-10 10:30:37,3425.4,190757
2021-05-10 10:30:40,3425.0,190807
2021-05-10 10:30:43,3424.5,190808
2021-05-10 10:30:45,3425.0,190814
2021-05-10 10:30:48,3426.0,190841
2021-05-10 10:30:51,3426.15,190844
2021-05-10 10:30:56,3426.4,192012
2021-05-10 10:31:03,3424.05,192061
2021-05-10 10:31:06,3424.35,192071
2021-05-10 10:31:09,3426.15,192261
2021-05-10 10:31:12,3426.15,192261
2021-05-10 10:31:15,3426.0,192267
2021-05-10 10:31:18,3425.0,192285
2021-05-10 10:31:21,3426.0,192290
2021-05-10 10:31:24,3425.95,192360
2021-05-10 10:31:26,3424.15,192390
2021-05-10 10:31:29,3425.85,192399
2021-05-10 10:31:31,3425.95,192400
2021-05-10 10:31:34,3425.05,192401
2021-05-10 10:31:36,3425.05,192405
2021-05-10 10:31:39,3423.8,192645
2021-05-10 10:31:42,3424.8,192662
2021-05-10 10:31:44,3424.8,192668
2021-05-10 10:31:46,3424.8,192668
2021-05-10 10:31:49,3424.8,192668
2021-05-10 10:31:51,3424.8,192670
2021-05-10 10:31:54,3424.8,192700
2021-05-10 10:31:56,3424.8,192701
2021-05-10 10:31:59,3424.95,192705
2021-05-10 10:32:02,3425.0,192709
2021-05-10 10:32:04,3424.8,192711
2021-05-10 10:32:07,3424.8,192712
2021-05-10 10:32:10,3424.0,192736
2021-05-10 10:32:13,3424.8,192746
2021-05-10 10:32:15,3424.8,192755
2021-05-10 10:32:18,3424.8,192795
2021-05-10 10:32:20,3424.0,192810
2021-05-10 10:32:23,3424.1,192925
2021-05-10 10:32:25,3424.0,192955
2021-05-10 10:32:27,3424.0,192955
2021-05-10 10:32:30,3424.8,192960
2021-05-10 10:32:33,3425.0,192967
2021-05-10 10:32:35,3425.0,192981
2021-05-10 10:32:38,3425.05,193004
2021-05-10 10:32:41,3425.05,193004
2021-05-10 10:32:43,3425.15,193027
2021-05-10 10:32:46,3426.0,193032
2021-05-10 10:32:49,3426.05,193118
2021-05-10 10:32:51,3426.0,193151
2021-05-10 10:32:54,3426.0,193175
2021-05-10 10:32:57,3426.0,193175
2021-05-10 10:33:00,3426.05,193237
2021-05-10 10:33:03,3426.5,193245
2021-05-10 10:33:06,3426.05,193246
2021-05-10 10:33:09,3426.0,193308
2021-05-10 10:33:12,3424.1,193388
2021-05-10 10:33:15,3425.3,193413
2021-05-10 10:33:17,3425.2,193414
2021-05-10 10:33:20,3425.3,193427
2021-05-10 10:33:23,3425.0,193452
2021-05-10 10:33:25,3424.0,193455
2021-05-10 10:33:28,3424.0,193457
2021-05-10 10:33:30,3424.0,193461
2021-05-10 10:33:33,3424.0,193461
2021-05-10 10:33:35,3425.2,193507
2021-05-10 10:33:38,3424.0,193534
2021-05-10 10:33:41,3425.0,193537
2021-05-10 10:33:43,3425.8,193568
2021-05-10 10:33:46,3425.0,193569
2021-05-10 10:33:49,3425.0,193569
2021-05-10 10:33:52,3424.05,193571
2021-05-10 10:33:54,3425.95,193616
2021-05-10 10:33:57,3424.05,193620
2021-05-10 10:34:00,3425.0,193726
2021-05-10 10:34:02,3425.85,193738
2021-05-10 10:34:05,3425.9,193750
2021-05-10 10:34:08,3424.1,193773
2021-05-10 10:34:11,3425.9,193849
2021-05-10 10:34:14,3425.95,193856
2021-05-10 10:34:16,3426.0,193858
2021-05-10 10:34:19,3426.35,193869
2021-05-10 10:34:22,3425.0,193871
2021-05-10 10:34:25,3424.2,193886
2021-05-10 10:34:27,3424.1,193890
2021-05-10 10:34:30,3424.25,193897
2021-05-10 10:34:32,3424.25,193897
2021-05-10 10:34:35,3424.25,193897
2021-05-10 10:34:37,3424.25,193898
2021-05-10 10:34:40,3424.1,193920
2021-05-10 10:34:43,3426.3,193947
2021-05-10 10:34:45,3426.3,193947
2021-05-10 10:34:48,3425.65,193949
2021-05-10 10:34:50,3426.35,193965
2021-05-10 10:34:53,3424.95,193988
2021-05-10 10:34:55,3426.4,194038
2021-05-10 10:34:58,3424.8,194046
2021-05-10 10:35:02,3424.95,194096
2021-05-10 10:35:05,3424.95,194096
2021-05-10 10:35:08,3424.35,194103
2021-05-10 10:35:11,3424.2,194106
2021-05-10 10:35:13,3425.0,194126
2021-05-10 10:35:16,3425.0,194126
2021-05-10 10:35:19,3425.0,194203
2021-05-10 10:35:22,3424.4,194235
2021-05-10 10:35:25,3424.25,194416
2021-05-10 10:35:28,3424.25,194421
2021-05-10 10:35:30,3424.25,194425
2021-05-10 10:35:32,3424.25,194425
2021-05-10 10:35:35,3424.2,194432
2021-05-10 10:35:37,3424.2,194474
2021-05-10 10:35:39,3425.0,194476
2021-05-10 10:35:42,3425.0,194476
2021-05-10 10:35:47,3424.35,194563
2021-05-10 10:35:50,3424.35,194563
2021-05-10 10:35:52,3424.5,194632
2021-05-10 10:35:55,3424.5,194632
2021-05-10 10:35:58,3426.3,194642
2021-05-10 10:36:00,3425.6,194643
2021-05-10 10:36:03,3425.0,194647
2021-05-10 10:36:06,3426.95,194662
2021-05-10 10:36:08,3425.0,194689
2021-05-10 10:36:11,3427.3,194749
2021-05-10 10:36:14,3425.45,194756
2021-05-10 10:36:16,3426.95,194761
2021-05-10 10:36:19,3426.2,194762
2021-05-10 10:36:22,3426.9,194768
2021-05-10 10:36:24,3425.95,194815
2021-05-10 10:36:27,3425.5,194818
2021-05-10 10:36:29,3425.55,194819
2021-05-10 10:36:32,3427.3,194826
2021-05-10 10:36:35,3426.0,194977
2021-05-10 10:36:37,3427.25,194979
2021-05-10 10:36:40,3427.0,195011
2021-05-10 10:36:43,3427.0,195023
2021-05-10 10:36:46,3427.25,195042
2021-05-10 10:36:48,3427.9,195135
2021-05-10 10:36:51,3427.9,195135
2021-05-10 10:36:54,3427.95,195163
2021-05-10 10:36:56,3427.95,195163
2021-05-10 10:36:59,3427.9,195166
2021-05-10 10:37:02,3427.15,195272
2021-05-10 10:37:05,3426.0,195922
2021-05-10 10:37:08,3428.25,195977
2021-05-10 10:37:11,3427.0,196096
2021-05-10 10:37:13,3427.0,196096
2021-05-10 10:37:16,3426.95,196100
2021-05-10 10:37:19,3427.05,196181
2021-05-10 10:37:22,3427.05,196273
2021-05-10 10:37:24,3427.0,196280
2021-05-10 10:37:27,3426.5,196281
2021-05-10 10:37:29,3426.1,196285
2021-05-10 10:37:32,3426.9,196314
2021-05-10 10:37:35,3426.9,196314
2021-05-10 10:37:38,3427.5,196346
2021-05-10 10:37:40,3427.9,196453
2021-05-10 10:37:43,3426.95,196562
2021-05-10 10:37:46,3427.0,196594
2021-05-10 10:37:48,3428.0,196595
2021-05-10 10:37:51,3427.5,196600
2021-05-10 10:37:53,3427.8,196624
2021-05-10 10:37:56,3427.9,196625
2021-05-10 10:37:59,3427.85,196626
2021-05-10 10:38:01,3427.85,196632
2021-05-10 10:38:04,3427.85,196632
2021-05-10 10:38:06,3427.85,196632
2021-05-10 10:38:09,3427.85,196662
2021-05-10 10:38:11,3428.0,196663
2021-05-10 10:38:14,3427.5,196850
2021-05-10 10:38:16,3427.5,196850
2021-05-10 10:38:19,3427.5,196850
2021-05-10 10:38:21,3427.0,196854
2021-05-10 10:38:24,3427.85,196879
2021-05-10 10:38:26,3427.85,196889
2021-05-10 10:38:29,3427.85,196895
2021-05-10 10:38:31,3426.95,196927
2021-05-10 10:38:34,3426.95,196927
2021-05-10 10:38:36,3428.0,196971
2021-05-10 10:38:39,3427.45,197021
2021-05-10 10:38:42,3427.45,197021
2021-05-10 10:38:44,3426.95,197031
2021-05-10 10:38:47,3427.45,197036
2021-05-10 10:38:49,3427.95,197046
2021-05-10 10:38:52,3426.95,197086
2021-05-10 10:38:55,3426.0,197120
2021-05-10 10:38:57,3426.0,197151
2021-05-10 10:39:00,3426.65,197158
2021-05-10 10:39:02,3425.0,197468
2021-05-10 10:39:05,3426.3,197483
2021-05-10 10:39:07,3426.3,197483
2021-05-10 10:39:10,3425.0,197486
2021-05-10 10:39:13,3425.0,197515
2021-05-10 10:39:15,3425.2,197516
2021-05-10 10:39:18,3425.0,197518
2021-05-10 10:39:21,3427.05,197533
2021-05-10 10:39:23,3427.35,197559
2021-05-10 10:39:25,3427.35,197560
2021-05-10 10:39:28,3425.5,197570
2021-05-10 10:39:31,3425.4,197573
2021-05-10 10:39:34,3425.35,197580
2021-05-10 10:39:37,3426.9,197589
2021-05-10 10:39:39,3425.05,197611
2021-05-10 10:39:42,3425.4,197624
2021-05-10 10:39:44,3427.35,197634
2021-05-10 10:39:47,3427.35,197634
2021-05-10 10:39:50,3426.3,197935
2021-05-10 10:39:52,3426.0,197958
2021-05-10 10:39:55,3427.4,197964
2021-05-10 10:39:58,3426.3,197967
2021-05-10 10:40:00,3426.45,198020
2021-05-10 10:40:03,3426.45,198020
2021-05-10 10:40:06,3428.0,198035
2021-05-10 10:40:08,3426.3,198057
2021-05-10 10:40:11,3426.3,198057
2021-05-10 10:40:13,3427.9,198065
2021-05-10 10:40:16,3427.9,198065
2021-05-10 10:40:18,3428.0,198071
2021-05-10 10:40:22,3427.9,198088
2021-05-10 10:40:25,3426.8,198092
2021-05-10 10:40:28,3426.8,198100
2021-05-10 10:40:31,3426.6,198101
2021-05-10 10:40:34,3426.8,198127
2021-05-10 10:40:36,3426.75,198128
2021-05-10 10:40:39,3426.3,198150
2021-05-10 10:40:42,3426.5,198153
2021-05-10 10:40:45,3426.5,198155
2021-05-10 10:40:47,3426.55,198160
2021-05-10 10:40:50,3427.0,198164
2021-05-10 10:40:53,3427.0,198187
2021-05-10 10:40:56,3427.0,198193
2021-05-10 10:40:58,3427.95,198194
2021-05-10 10:41:00,3427.0,198363
2021-05-10 10:41:03,3428.0,198383
2021-05-10 10:41:05,3428.45,198388
2021-05-10 10:41:08,3427.5,198392
2021-05-10 10:41:11,3427.05,198393
2021-05-10 10:41:13,3427.0,198398
2021-05-10 10:41:16,3427.05,198404
2021-05-10 10:41:18,3426.5,198434
2021-05-10 10:41:21,3426.5,198573
2021-05-10 10:41:23,3426.35,198588
2021-05-10 10:41:26,3426.35,198600
2021-05-10 10:41:28,3427.8,198625
2021-05-10 10:41:30,3427.7,198636
2021-05-10 10:41:33,3427.7,198637
2021-05-10 10:41:36,3426.35,198642
2021-05-10 10:41:39,3426.3,198664
2021-05-10 10:41:41,3426.3,198664
2021-05-10 10:41:43,3426.35,198666
2021-05-10 10:41:45,3426.3,198683
2021-05-10 10:41:48,3426.3,198683
2021-05-10 10:41:51,3426.3,198689
2021-05-10 10:41:53,3426.1,199265
2021-05-10 10:41:56,3425.75,199266
2021-05-10 10:41:58,3425.2,199271
2021-05-10 10:42:01,3425.45,199275
2021-05-10 10:42:03,3425.25,199306
2021-05-10 10:42:06,3425.2,199308
2021-05-10 10:42:09,3425.2,200107
2021-05-10 10:42:11,3425.45,200187
2021-05-10 10:42:14,3424.35,200209
2021-05-10 10:42:16,3425.0,200250
2021-05-10 10:42:19,3425.0,200251
2021-05-10 10:42:21,3425.0,200251
2021-05-10 10:42:23,3425.0,200288
2021-05-10 10:42:26,3426.0,200293
2021-05-10 10:42:28,3426.0,200293
2021-05-10 10:42:30,3426.3,200305
2021-05-10 10:42:33,3425.0,200308
2021-05-10 10:42:35,3425.0,200336
2021-05-10 10:42:37,3424.25,200381
2021-05-10 10:42:40,3425.0,200452
2021-05-10 10:42:42,3426.25,200463
2021-05-10 10:42:45,3426.25,200463
2021-05-10 10:42:47,3425.1,200464
2021-05-10 10:42:50,3426.85,200501
2021-05-10 10:42:53,3425.05,200525
2021-05-10 10:42:56,3425.25,200532
2021-05-10 10:42:58,3425.05,200539
2021-05-10 10:43:01,3425.25,200542
2021-05-10 10:43:04,3425.25,200543
2021-05-10 10:43:07,3426.0,200608
2021-05-10 10:43:09,3426.9,200632
2021-05-10 10:43:12,3426.9,200632
2021-05-10 10:43:14,3427.8,200649
2021-05-10 10:43:17,3427.8,200652
2021-05-10 10:43:20,3427.6,200704
2021-05-10 10:43:22,3426.9,200761
2021-05-10 10:43:25,3426.9,200780
2021-05-10 10:43:28,3426.2,200783
2021-05-10 10:43:30,3425.5,200784
2021-05-10 10:43:33,3425.5,200785
2021-05-10 10:43:36,3427.0,200834
2021-05-10 10:43:38,3427.0,200835
2021-05-10 10:43:41,3427.0,200835
2021-05-10 10:43:44,3426.2,200836
2021-05-10 10:43:46,3425.55,200840
2021-05-10 10:43:49,3426.8,200846
2021-05-10 10:43:51,3425.55,200848
2021-05-10 10:43:54,3425.5,200871
2021-05-10 10:43:56,3425.5,200874
2021-05-10 10:43:58,3425.3,200878
2021-05-10 10:44:01,3425.0,200973
2021-05-10 10:44:05,3425.0,200997
2021-05-10 10:44:08,3425.0,201026
2021-05-10 10:44:11,3425.3,201027
2021-05-10 10:44:13,3424.25,201151
2021-05-10 10:44:16,3425.0,201153
2021-05-10 10:44:18,3425.0,201181
2021-05-10 10:44:20,3425.0,201187
2021-05-10 10:44:22,3424.3,201237
2021-05-10 10:44:25,3425.85,201259
2021-05-10 10:44:27,3425.85,201259
2021-05-10 10:44:30,3425.0,201810
2021-05-10 10:44:32,3425.0,201811
2021-05-10 10:44:35,3425.0,201816
2021-05-10 10:44:37,3425.0,201816
2021-05-10 10:44:39,3424.0,201843
2021-05-10 10:44:42,3425.0,201912
2021-05-10 10:44:44,3424.0,201925
2021-05-10 10:44:47,3425.0,201927
2021-05-10 10:44:49,3425.0,201947
2021-05-10 10:44:52,3425.25,202126
2021-05-10 10:44:54,3423.75,202258
2021-05-10 10:44:57,3425.0,202261
2021-05-10 10:44:59,3425.0,202263
2021-05-10 10:45:02,3426.15,202293
2021-05-10 10:45:05,3426.65,202324
2021-05-10 10:45:07,3425.05,202347
2021-05-10 10:45:10,3425.4,202373
2021-05-10 10:45:13,3425.4,202373
2021-05-10 10:45:18,3426.45,202379
2021-05-10 10:45:20,3425.05,202382
2021-05-10 10:45:23,3425.0,202408
2021-05-10 10:45:25,3425.0,202499
2021-05-10 10:45:28,3425.05,202514
2021-05-10 10:45:30,3425.0,202526
2021-05-10 10:45:32,3425.0,202526
2021-05-10 10:45:34,3425.0,202526
2021-05-10 10:45:37,3425.0,202554
2021-05-10 10:45:39,3423.65,202572
2021-05-10 10:45:41,3424.8,202598
2021-05-10 10:45:43,3425.0,202629
2021-05-10 10:45:46,3425.0,202725
2021-05-10 10:45:48,3425.0,202728
2021-05-10 10:45:50,3425.05,202756
2021-05-10 10:45:53,3423.65,202796
2021-05-10 10:45:56,3423.85,202800
2021-05-10 10:45:58,3423.6,202847
2021-05-10 10:46:01,3423.6,202850
2021-05-10 10:46:03,3425.0,202879
2021-05-10 10:46:06,3425.0,202880
2021-05-10 10:46:08,3425.05,202927
2021-05-10 10:46:11,3425.05,202927
2021-05-10 10:46:13,3425.0,202937
2021-05-10 10:46:16,3425.05,202964
2021-05-10 10:46:18,3425.95,202972
2021-05-10 10:46:20,3425.95,202972
2021-05-10 10:46:23,3424.0,203030
2021-05-10 10:46:25,3425.0,203034
2021-05-10 10:46:28,3425.05,203059
2021-05-10 10:46:30,3425.8,203060
2021-05-10 10:46:33,3425.0,203072
2021-05-10 10:46:35,3425.0,203074
2021-05-10 10:46:38,3423.85,203089
2021-05-10 10:46:40,3423.65,203151
2021-05-10 10:46:43,3425.0,203155
2021-05-10 10:46:45,3425.45,203182
2021-05-10 10:46:47,3425.45,203184
2021-05-10 10:46:50,3425.45,203189
2021-05-10 10:46:52,3425.45,203189
2021-05-10 10:46:54,3425.05,203242
2021-05-10 10:46:57,3425.0,203244
2021-05-10 10:46:59,3425.0,203245
2021-05-10 10:47:02,3425.6,203275
2021-05-10 10:47:05,3425.6,203276
2021-05-10 10:47:08,3423.75,203401
2021-05-10 10:47:10,3425.05,203426
2021-05-10 10:47:12,3425.05,203426
2021-05-10 10:47:15,3425.85,203430
2021-05-10 10:47:18,3423.95,203458
2021-05-10 10:47:20,3425.0,203459
2021-05-10 10:47:23,3423.95,203483
2021-05-10 10:47:25,3423.95,203483
2021-05-10 10:47:28,3423.95,203483
2021-05-10 10:47:30,3425.0,203493
2021-05-10 10:47:32,3425.0,203493
2021-05-10 10:47:35,3425.0,203493
2021-05-10 10:47:37,3425.0,203585
2021-05-10 10:47:40,3423.85,203607
2021-05-10 10:47:42,3425.0,203608
2021-05-10 10:47:45,3425.0,203608
2021-05-10 10:47:47,3424.95,203635
2021-05-10 10:47:50,3425.0,203647
2021-05-10 10:47:52,3423.7,203671
2021-05-10 10:47:55,3423.95,203786
2021-05-10 10:47:57,3423.95,203786
2021-05-10 10:48:00,3425.0,203793
2021-05-10 10:48:02,3425.0,203793
2021-05-10 10:48:04,3425.0,203795
2021-05-10 10:48:06,3425.9,203826
2021-05-10 10:48:09,3426.5,203873
2021-05-10 10:48:11,3426.5,203873
2021-05-10 10:48:13,3426.5,203873
2021-05-10 10:48:16,3426.5,203873
2021-05-10 10:48:18,3426.65,203901
2021-05-10 10:48:20,3426.65,203901
2021-05-10 10:48:23,3425.0,203924
2021-05-10 10:48:25,3425.0,203930
2021-05-10 10:48:28,3425.0,203931
2021-05-10 10:48:30,3425.0,203937
2021-05-10 10:48:33,3425.0,203952
2021-05-10 10:48:35,3426.55,203962
2021-05-10 10:48:38,3425.05,203994
2021-05-10 10:48:40,3425.05,203994
2021-05-10 10:48:43,3425.05,203994
2021-05-10 10:48:45,3425.1,203997
2021-05-10 10:48:47,3425.9,204082
2021-05-10 10:48:50,3424.95,204123
2021-05-10 10:48:53,3424.1,204170
2021-05-10 10:48:55,3424.1,204175
2021-05-10 10:48:58,3425.55,204197
2021-05-10 10:49:00,3425.9,204200
2021-05-10 10:49:02,3423.65,204205
2021-05-10 10:49:05,3425.0,204207
2021-05-10 10:49:07,3425.85,204212
2021-05-10 10:49:10,3424.25,204234
2021-05-10 10:49:13,3425.0,204235
2021-05-10 10:49:15,3424.25,204350
2021-05-10 10:49:18,3425.0,204356
2021-05-10 10:49:21,3424.25,204448
2021-05-10 10:49:23,3425.0,204474
2021-05-10 10:49:26,3425.0,204476
2021-05-10 10:49:29,3425.0,204486
2021-05-10 10:49:31,3425.0,204500
2021-05-10 10:49:33,3425.5,204503
2021-05-10 10:49:36,3425.5,204503
2021-05-10 10:49:38,3423.85,204518
2021-05-10 10:49:41,3423.85,204519
2021-05-10 10:49:43,3423.85,204519
2021-05-10 10:49:46,3423.85,204520
2021-05-10 10:49:49,3423.85,204522
2021-05-10 10:49:51,3425.0,204534
2021-05-10 10:49:54,3423.9,204557
2021-05-10 10:49:56,3423.9,204557
2021-05-10 10:49:59,3425.0,204559
2021-05-10 10:50:01,3425.95,204659
2021-05-10 10:50:04,3425.95,204659
2021-05-10 10:50:07,3425.25,204660
2021-05-10 10:50:10,3425.0,204685
2021-05-10 10:50:12,3425.0,204686
2021-05-10 10:50:15,3425.0,204686
2021-05-10 10:50:17,3425.0,204691
2021-05-10 10:50:20,3425.9,204740
2021-05-10 10:50:23,3425.0,204749
2021-05-10 10:50:26,3424.85,204750
2021-05-10 10:50:28,3424.85,204750
2021-05-10 10:50:31,3424.85,204759
2021-05-10 10:50:34,3424.85,204760
2021-05-10 10:50:36,3424.95,204768
2021-05-10 10:50:39,3424.95,204792
2021-05-10 10:50:41,3424.95,204793
2021-05-10 10:50:44,3424.95,204793
2021-05-10 10:50:46,3424.95,204793
2021-05-10 10:50:49,3425.95,204829
2021-05-10 10:50:51,3425.95,204830
2021-05-10 10:50:54,3424.4,204853
2021-05-10 10:50:57,3425.0,204855
2021-05-10 10:50:59,3425.0,204855
2021-05-10 10:51:02,3425.95,204869
2021-05-10 10:51:05,3425.95,204869
2021-05-10 10:51:07,3425.95,204869
2021-05-10 10:51:10,3424.8,204886
2021-05-10 10:51:13,3425.0,204924
2021-05-10 10:51:15,3425.0,204924
2021-05-10 10:51:18,3425.0,204924
2021-05-10 10:51:20,3425.1,204925
2021-05-10 10:51:23,3424.45,204948
2021-05-10 10:51:25,3425.15,204983
2021-05-10 10:51:27,3425.15,204983
2021-05-10 10:51:30,3425.15,204983
2021-05-10 10:51:32,3425.15,204983
2021-05-10 10:51:34,3425.0,204988
2021-05-10 10:51:37,3425.0,204988
2021-05-10 10:51:39,3424.35,205011
2021-05-10 10:51:41,3425.0,205018
2021-05-10 10:51:43,3425.0,205018
2021-05-10 10:51:46,3425.95,205021
2021-05-10 10:51:48,3425.0,205051
2021-05-10 10:51:51,3425.0,205051
2021-05-10 10:51:53,3425.0,205081
2021-05-10 10:51:55,3425.95,205086
2021-05-10 10:51:58,3425.95,205086
2021-05-10 10:52:00,3425.95,205086
2021-05-10 10:52:02,3425.95,205116
2021-05-10 10:52:08,3425.0,205155
2021-05-10 10:52:10,3425.9,205157
2021-05-10 10:52:13,3425.1,205159
2021-05-10 10:52:15,3426.0,205170
2021-05-10 10:52:18,3425.5,205174
2021-05-10 10:52:21,3426.0,205198
2021-05-10 10:52:24,3425.95,205222
2021-05-10 10:52:26,3425.4,205232
2021-05-10 10:52:28,3427.0,205342
2021-05-10 10:52:31,3427.0,205613
2021-05-10 10:52:33,3425.1,205625
2021-05-10 10:52:35,3425.15,205631
2021-05-10 10:52:37,3425.75,205637
2021-05-10 10:52:40,3425.3,205638
2021-05-10 10:52:42,3425.15,205639
2021-05-10 10:52:45,3425.1,205644
2021-05-10 10:52:47,3426.8,205669
2021-05-10 10:52:50,3426.8,205669
2021-05-10 10:52:52,3426.8,205669
2021-05-10 10:52:55,3426.2,205703
2021-05-10 10:52:57,3426.85,205710
2021-05-10 10:53:00,3426.0,205712
2021-05-10 10:53:02,3426.0,205712
2021-05-10 10:53:04,3426.0,205718
2021-05-10 10:53:07,3427.0,205719
2021-05-10 10:53:09,3426.0,205741
2021-05-10 10:53:12,3426.0,205762
2021-05-10 10:53:15,3427.0,205769
2021-05-10 10:53:17,3426.95,205789
2021-05-10 10:53:20,3426.95,205789
2021-05-10 10:53:23,3426.0,205808
2021-05-10 10:53:25,3425.5,205815
2021-05-10 10:53:27,3425.5,205821
2021-05-10 10:53:29,3425.65,205822
2021-05-10 10:53:32,3425.65,205822
2021-05-10 10:53:34,3425.65,205822
2021-05-10 10:53:37,3425.55,205838
2021-05-10 10:53:40,3425.55,205867
2021-05-10 10:53:43,3425.5,205885
2021-05-10 10:53:45,3425.5,205886
2021-05-10 10:53:48,3425.25,205892
2021-05-10 10:53:50,3425.05,206171
2021-05-10 10:53:52,3424.95,206176
2021-05-10 10:53:54,3425.2,206253
2021-05-10 10:53:57,3425.2,206255
2021-05-10 10:54:00,3425.2,206255
2021-05-10 10:54:02,3425.0,206265
2021-05-10 10:54:04,3424.0,206338
2021-05-10 10:54:07,3425.0,206339
2021-05-10 10:54:09,3425.0,206363
2021-05-10 10:54:11,3425.0,206368
2021-05-10 10:54:14,3425.0,206369
2021-05-10 10:54:16,3423.9,206374
2021-05-10 10:54:18,3426.0,206383
2021-05-10 10:54:21,3424.15,206386
2021-05-10 10:54:23,3424.0,206419
2021-05-10 10:54:26,3424.0,206422
2021-05-10 10:54:28,3424.0,206437
2021-05-10 10:54:31,3423.85,206492
2021-05-10 10:54:33,3425.0,206512
2021-05-10 10:54:36,3425.0,206515
2021-05-10 10:54:38,3423.85,206537
2021-05-10 10:54:41,3425.0,206570
2021-05-10 10:54:43,3425.9,206574
2021-05-10 10:54:46,3425.7,206575
2021-05-10 10:54:48,3425.7,206575
2021-05-10 10:54:50,3425.0,206584
2021-05-10 10:54:53,3425.0,206610
2021-05-10 10:54:55,3426.4,206622
2021-05-10 10:54:57,3426.95,206672
2021-05-10 10:55:00,3426.5,206677
2021-05-10 10:55:03,3426.5,206678
2021-05-10 10:55:05,3426.5,206678
2021-05-10 10:55:08,3425.0,206726
2021-05-10 10:55:10,3425.0,206726
2021-05-10 10:55:13,3426.8,206729
2021-05-10 10:55:15,3427.0,206749
2021-05-10 10:55:18,3427.0,207037
2021-05-10 10:55:20,3427.4,207067
2021-05-10 10:55:23,3427.0,207111
2021-05-10 10:55:26,3427.95,207145
2021-05-10 10:55:28,3427.15,207147
2021-05-10 10:55:31,3427.15,207154
2021-05-10 10:55:33,3427.15,207154
2021-05-10 10:55:36,3427.95,207164
2021-05-10 10:55:39,3427.15,207186
2021-05-10 10:55:41,3427.15,207189
2021-05-10 10:55:44,3427.05,207231
2021-05-10 10:55:47,3427.0,207247
2021-05-10 10:55:49,3427.95,207252
2021-05-10 10:55:52,3427.95,207254
2021-05-10 10:55:55,3427.95,207337
2021-05-10 10:55:57,3427.95,207376
2021-05-10 10:56:00,3427.0,207385
2021-05-10 10:56:02,3427.45,207388
2021-05-10 10:56:05,3427.05,207394
2021-05-10 10:56:08,3427.05,207421
2021-05-10 10:56:10,3428.0,207478
2021-05-10 10:56:13,3428.0,207479
2021-05-10 10:56:15,3427.95,207480
2021-05-10 10:56:18,3428.0,207493
2021-05-10 10:56:20,3427.0,207518
2021-05-10 10:56:23,3426.8,207531
2021-05-10 10:56:25,3426.8,207532
2021-05-10 10:56:28,3426.5,207535
2021-05-10 10:56:31,3426.5,207548
2021-05-10 10:56:34,3426.0,207649
2021-05-10 10:56:36,3426.0,207700
2021-05-10 10:56:39,3426.05,207730
2021-05-10 10:56:42,3426.05,207733
2021-05-10 10:56:44,3426.4,207750
2021-05-10 10:56:47,3428.0,207760
2021-05-10 10:56:50,3428.0,207760
2021-05-10 10:56:52,3428.0,207760
2021-05-10 10:56:55,3426.45,207799
2021-05-10 10:56:57,3426.45,207799
2021-05-10 10:57:00,3426.4,207800
2021-05-10 10:57:03,3426.4,207823
2021-05-10 10:57:05,3426.4,207833
2021-05-10 10:57:07,3426.45,207834
2021-05-10 10:57:09,3426.0,207954
2021-05-10 10:57:12,3427.45,207996
2021-05-10 10:57:14,3427.4,207997
2021-05-10 10:57:17,3428.0,208368
2021-05-10 10:57:19,3426.1,208374
2021-05-10 10:57:22,3426.1,208375
2021-05-10 10:57:24,3426.0,208401
2021-05-10 10:57:27,3427.5,208453
2021-05-10 10:57:29,3427.45,208478
2021-05-10 10:57:32,3427.5,208492
2021-05-10 10:57:35,3427.5,208492
2021-05-10 10:57:37,3426.1,208497
2021-05-10 10:57:39,3426.05,208519
2021-05-10 10:57:41,3426.05,208521
2021-05-10 10:57:44,3426.0,208524
2021-05-10 10:57:46,3426.05,208532
2021-05-10 10:57:48,3426.05,208533
2021-05-10 10:57:50,3426.05,208543
2021-05-10 10:57:53,3426.0,208572
2021-05-10 10:57:55,3427.7,208581
2021-05-10 10:57:58,3427.7,208581
2021-05-10 10:58:00,3427.7,208583
2021-05-10 10:58:03,3427.7,208583
2021-05-10 10:58:05,3426.2,208597
2021-05-10 10:58:08,3426.2,208622
2021-05-10 10:58:10,3426.05,208626
2021-05-10 10:58:13,3426.05,208631
2021-05-10 10:58:15,3426.15,208651
2021-05-10 10:58:18,3426.15,208653
2021-05-10 10:58:21,3426.95,208656
2021-05-10 10:58:27,3427.75,208715
2021-05-10 10:58:29,3427.75,208715
2021-05-10 10:58:32,3426.15,208722
2021-05-10 10:58:35,3428.0,208823
2021-05-10 10:58:37,3426.5,208827
2021-05-10 10:58:39,3428.0,208890
2021-05-10 10:58:41,3427.9,208905
2021-05-10 10:58:44,3427.9,208915
2021-05-10 10:58:46,3427.0,208920
2021-05-10 10:58:49,3428.0,208941
2021-05-10 10:58:51,3426.5,208944
2021-05-10 10:58:53,3426.5,209005
2021-05-10 10:58:56,3427.0,209018
2021-05-10 10:58:58,3427.0,209018
2021-05-10 10:59:00,3426.75,209020
2021-05-10 10:59:03,3426.5,209021
2021-05-10 10:59:05,3428.45,209114
2021-05-10 10:59:07,3428.35,209117
2021-05-10 10:59:10,3426.5,209139
2021-05-10 10:59:13,3428.1,209195
2021-05-10 10:59:15,3426.55,209199
2021-05-10 10:59:18,3428.1,209206
2021-05-10 10:59:20,3426.55,209208
2021-05-10 10:59:23,3426.55,209238
2021-05-10 10:59:25,3426.55,209241
2021-05-10 10:59:28,3428.0,209254
2021-05-10 10:59:32,3428.2,209257
2021-05-10 10:59:34,3428.0,209272
2021-05-10 10:59:37,3428.5,209276
2021-05-10 10:59:39,3428.0,209299
2021-05-10 10:59:42,3428.1,209302
2021-05-10 10:59:44,3428.0,209308
2021-05-10 10:59:46,3428.0,209309
2021-05-10 10:59:48,3428.5,209314
2021-05-10 10:59:51,3428.5,209314
2021-05-10 10:59:53,3428.0,209338
2021-05-10 10:59:55,3428.0,209344
2021-05-10 10:59:57,3428.5,209371
2021-05-10 10:59:59,3428.0,209377
2021-05-10 11:00:02,3428.0,209395
2021-05-10 11:00:08,3428.0,209433
2021-05-10 11:00:10,3429.9,209483
2021-05-10 11:00:12,3429.0,209507
2021-05-10 11:00:15,3428.75,209511
2021-05-10 11:00:18,3429.75,209552
2021-05-10 11:00:20,3429.75,209552
2021-05-10 11:00:23,3429.1,209633
2021-05-10 11:00:25,3428.0,209639
2021-05-10 11:00:29,3428.5,209679
2021-05-10 11:00:32,3428.5,209683
2021-05-10 11:00:34,3429.85,209811
2021-05-10 11:00:37,3428.55,209814
2021-05-10 11:00:40,3428.6,209864
2021-05-10 11:00:42,3428.55,209865
2021-05-10 11:00:45,3428.5,209867
2021-05-10 11:00:47,3428.5,209876
2021-05-10 11:00:49,3429.75,209892
2021-05-10 11:00:52,3429.75,209892
2021-05-10 11:00:54,3427.25,210082
2021-05-10 11:00:57,3427.55,210101
2021-05-10 11:00:59,3428.5,210107
2021-05-10 11:01:01,3429.35,210110
2021-05-10 11:01:03,3428.4,210120
2021-05-10 11:01:05,3430.0,210188
2021-05-10 11:01:10,3428.6,210218
2021-05-10 11:01:13,3428.6,210224
2021-05-10 11:01:15,3428.6,210230
2021-05-10 11:01:17,3428.1,210231
2021-05-10 11:01:20,3428.1,210231
2021-05-10 11:01:23,3428.0,210264
2021-05-10 11:01:25,3428.0,210267
2021-05-10 11:01:27,3428.05,210268
2021-05-10 11:01:30,3428.0,210275
2021-05-10 11:01:32,3429.95,210316
2021-05-10 11:01:34,3429.8,210348
2021-05-10 11:01:37,3429.75,210364
2021-05-10 11:01:40,3429.0,210375
2021-05-10 11:01:42,3428.5,210376
2021-05-10 11:01:44,3428.8,210389
2021-05-10 11:01:47,3428.0,210390
2021-05-10 11:01:50,3428.1,210392
2021-05-10 11:01:53,3428.0,210431
2021-05-10 11:01:55,3427.65,210460
2021-05-10 11:01:57,3428.0,210463
2021-05-10 11:01:59,3427.6,210523
2021-05-10 11:02:01,3427.6,210523
2021-05-10 11:02:04,3427.55,210529
2021-05-10 11:02:06,3426.85,210544
2021-05-10 11:02:08,3426.55,210566
2021-05-10 11:02:10,3426.8,210591
2021-05-10 11:02:12,3426.6,210606
2021-05-10 11:02:16,3428.0,210621
2021-05-10 11:02:18,3428.0,210621
2021-05-10 11:02:20,3428.0,210621
2021-05-10 11:02:23,3426.8,210638
2021-05-10 11:02:28,3428.0,210748
2021-05-10 11:02:33,3428.0,210749
2021-05-10 11:02:35,3428.0,210830
2021-05-10 11:02:38,3426.85,210852
2021-05-10 11:02:40,3427.95,210855
2021-05-10 11:02:43,3426.8,210866
2021-05-10 11:02:46,3428.0,210878
2021-05-10 11:02:49,3428.0,210878
2021-05-10 11:02:54,3426.95,210936
2021-05-10 11:02:57,3428.0,210946
2021-05-10 11:03:00,3427.95,210948
2021-05-10 11:03:02,3428.0,210979
2021-05-10 11:03:05,3428.0,210982
2021-05-10 11:03:07,3429.0,210984
2021-05-10 11:03:10,3428.0,211006
2021-05-10 11:03:12,3428.0,211008
2021-05-10 11:03:14,3428.05,211017
2021-05-10 11:03:17,3428.05,211017
2021-05-10 11:03:19,3428.05,211018
2021-05-10 11:03:22,3428.0,211022
2021-05-10 11:03:24,3428.0,211046
2021-05-10 11:03:26,3428.05,211049
2021-05-10 11:03:29,3428.15,211085
2021-05-10 11:03:31,3428.15,211085
2021-05-10 11:03:33,3428.15,211085
2021-05-10 11:03:36,3428.0,211094
2021-05-10 11:03:38,3428.0,211117
2021-05-10 11:03:40,3429.0,211139
2021-05-10 11:03:43,3429.0,211140
2021-05-10 11:03:45,3428.2,211142
2021-05-10 11:03:47,3428.15,211148
2021-05-10 11:03:49,3428.15,211153
2021-05-10 11:03:52,3428.95,211154
2021-05-10 11:03:54,3428.15,211177
2021-05-10 11:03:56,3428.15,211179
2021-05-10 11:03:59,3428.15,211180
2021-05-10 11:04:01,3428.15,211183
2021-05-10 11:04:03,3428.15,211188
2021-05-10 11:04:06,3428.85,211190
2021-05-10 11:04:08,3428.55,211213
2021-05-10 11:04:10,3428.55,211213
2021-05-10 11:04:15,3428.3,211225
2021-05-10 11:04:17,3428.25,211227
2021-05-10 11:04:19,3428.25,211227
2021-05-10 11:04:22,3428.3,211246
2021-05-10 11:04:24,3428.25,211296
2021-05-10 11:04:29,3429.45,211388
2021-05-10 11:04:31,3428.25,211392
2021-05-10 11:04:33,3428.25,211399
2021-05-10 11:04:36,3428.25,211404
2021-05-10 11:04:38,3428.2,211427
2021-05-10 11:04:41,3428.2,211432
2021-05-10 11:04:43,3428.3,211643
2021-05-10 11:04:46,3428.2,211704
2021-05-10 11:04:48,3428.2,211711
2021-05-10 11:04:50,3428.2,211716
2021-05-10 11:04:52,3429.0,211777
2021-05-10 11:04:54,3428.25,211800
2021-05-10 11:04:57,3428.3,211804
2021-05-10 11:04:59,3428.2,211810
2021-05-10 11:05:01,3428.2,211814
2021-05-10 11:05:03,3428.4,211818
2021-05-10 11:05:06,3428.6,211822
2021-05-10 11:05:08,3429.0,211860
2021-05-10 11:05:10,3429.0,212323
2021-05-10 11:05:13,3428.3,212325
2021-05-10 11:05:15,3428.65,212330
2021-05-10 11:05:18,3428.45,212378
2021-05-10 11:05:20,3428.45,212379
2021-05-10 11:05:22,3428.45,212385
2021-05-10 11:05:25,3428.35,212411
2021-05-10 11:05:27,3428.65,212420
2021-05-10 11:05:29,3428.65,212420
2021-05-10 11:05:31,3428.65,212420
2021-05-10 11:05:33,3428.7,212421
2021-05-10 11:05:35,3429.0,212488
2021-05-10 11:05:37,3428.65,212537
2021-05-10 11:05:39,3429.0,212571
2021-05-10 11:05:41,3428.65,212584
2021-05-10 11:05:44,3428.85,212588
2021-05-10 11:05:46,3428.8,212593
2021-05-10 11:05:48,3429.0,212601
2021-05-10 11:05:50,3428.85,212602
2021-05-10 11:05:52,3428.8,212606
2021-05-10 11:05:54,3428.75,212660
2021-05-10 11:05:56,3428.75,212670
2021-05-10 11:05:58,3428.75,212671
2021-05-10 11:06:00,3429.0,212674
2021-05-10 11:06:03,3429.0,212687
2021-05-10 11:06:05,3429.5,212731
2021-05-10 11:06:09,3428.95,212754
2021-05-10 11:06:12,3429.0,212768
2021-05-10 11:06:14,3429.0,212783
2021-05-10 11:06:16,3428.3,212838
2021-05-10 11:06:18,3428.3,212844
2021-05-10 11:06:20,3429.0,212852
2021-05-10 11:06:22,3429.0,212865
2021-05-10 11:06:24,3428.6,212886
2021-05-10 11:06:27,3428.3,212887
2021-05-10 11:06:30,3428.4,212901
2021-05-10 11:06:32,3429.0,212917
2021-05-10 11:06:35,3429.0,212917
2021-05-10 11:06:37,3429.0,212917
2021-05-10 11:06:39,3429.0,212955
2021-05-10 11:06:42,3429.0,212957
2021-05-10 11:06:46,3428.3,212961
2021-05-10 11:06:48,3429.0,212969
2021-05-10 11:06:51,3428.95,212972
2021-05-10 11:06:53,3428.95,212978
2021-05-10 11:06:55,3428.95,212978
2021-05-10 11:06:58,3428.75,212998
2021-05-10 11:07:00,3428.75,212998
2021-05-10 11:07:02,3429.0,213014
2021-05-10 11:07:04,3428.6,213033
2021-05-10 11:07:07,3428.6,213035
2021-05-10 11:07:09,3428.4,213056
2021-05-10 11:07:11,3428.35,213069
2021-05-10 11:07:13,3428.35,213072
2021-05-10 11:07:15,3428.3,213075
2021-05-10 11:07:18,3428.3,213076
2021-05-10 11:07:20,3428.3,213080
2021-05-10 11:07:22,3428.3,213087
2021-05-10 11:07:24,3428.3,213111
2021-05-10 11:07:26,3428.3,213111
2021-05-10 11:07:28,3428.25,213119
2021-05-10 11:07:31,3428.25,213122
2021-05-10 11:07:33,3429.5,213143
2021-05-10 11:07:35,3429.5,213143
2021-05-10 11:07:37,3429.5,213153
2021-05-10 11:07:39,3428.35,213177
2021-05-10 11:07:41,3428.35,213184
2021-05-10 11:07:43,3428.5,213187
2021-05-10 11:07:45,3428.5,213188
2021-05-10 11:07:48,3429.45,213195
2021-05-10 11:07:50,3429.45,213195
2021-05-10 11:07:53,3428.75,213232
2021-05-10 11:07:55,3428.75,213235
2021-05-10 11:07:57,3428.75,213241
2021-05-10 11:08:00,3429.15,213248
2021-05-10 11:08:02,3428.75,213333
2021-05-10 11:08:04,3429.15,213344
2021-05-10 11:08:06,3428.95,213347
2021-05-10 11:08:08,3428.75,213369
2021-05-10 11:08:10,3428.75,213372
2021-05-10 11:08:12,3430.0,213432
2021-05-10 11:08:14,3429.95,213442
2021-05-10 11:08:16,3429.9,213444
2021-05-10 11:08:19,3429.2,213455
2021-05-10 11:08:21,3429.5,213467
2021-05-10 11:08:23,3429.0,213491
2021-05-10 11:08:25,3428.5,213498
2021-05-10 11:08:26,3428.5,213504
2021-05-10 11:08:30,3428.5,213509
2021-05-10 11:08:32,3428.7,213511
2021-05-10 11:08:35,3428.5,213512
2021-05-10 11:08:37,3428.5,213515
2021-05-10 11:08:39,3428.55,213539
2021-05-10 11:08:42,3428.55,213544
2021-05-10 11:08:44,3428.95,213545
2021-05-10 11:08:46,3429.0,213562
2021-05-10 11:08:49,3429.0,213563
2021-05-10 11:08:51,3429.0,213563
2021-05-10 11:08:53,3428.5,213588
2021-05-10 11:08:55,3428.5,213595
2021-05-10 11:08:57,3428.5,213595
2021-05-10 11:08:59,3428.5,213595
2021-05-10 11:09:01,3429.0,213601
2021-05-10 11:09:03,3428.5,213686
2021-05-10 11:09:05,3428.5,213695
2021-05-10 11:09:07,3428.5,213698
2021-05-10 11:09:09,3428.3,213720
2021-05-10 11:09:11,3428.25,213724
2021-05-10 11:09:13,3428.25,213748
2021-05-10 11:09:15,3428.3,213751
2021-05-10 11:09:18,3428.3,213751
2021-05-10 11:09:20,3428.3,213751
2021-05-10 11:09:22,3428.35,213755
2021-05-10 11:09:24,3429.0,213781
2021-05-10 11:09:26,3429.0,213788
2021-05-10 11:09:28,3429.85,213823
2021-05-10 11:09:32,3429.0,213830
2021-05-10 11:09:35,3429.0,213848
2021-05-10 11:09:37,3429.75,213862
2021-05-10 11:09:39,3428.25,213884
2021-05-10 11:09:41,3429.85,213920
2021-05-10 11:09:44,3429.85,213920
2021-05-10 11:09:46,3429.85,213920
2021-05-10 11:09:48,3428.3,213924
2021-05-10 11:09:50,3428.3,213950
2021-05-10 11:09:52,3428.3,213976
2021-05-10 11:09:55,3429.8,214010
2021-05-10 11:09:57,3429.8,214018
2021-05-10 11:09:59,3429.8,214018
2021-05-10 11:10:03,3428.25,214027
2021-05-10 11:10:05,3429.75,214105
2021-05-10 11:10:07,3428.25,214135
2021-05-10 11:10:10,3428.3,214138
2021-05-10 11:10:12,3429.8,214157
2021-05-10 11:10:15,3429.05,214162
2021-05-10 11:10:18,3428.25,214164
2021-05-10 11:10:20,3428.5,214168
2021-05-10 11:10:22,3429.75,214194
2021-05-10 11:10:25,3429.85,214229
2021-05-10 11:10:26,3429.0,214232
2021-05-10 11:10:28,3429.0,214232
2021-05-10 11:10:32,3428.5,214240
2021-05-10 11:10:34,3429.0,214241
2021-05-10 11:10:36,3429.0,214241
2021-05-10 11:10:38,3428.55,214257
2021-05-10 11:10:40,3428.5,214260
2021-05-10 11:10:43,3428.5,214266
2021-05-10 11:10:45,3428.5,214269
2021-05-10 11:10:47,3428.55,214273
2021-05-10 11:10:49,3428.55,214279
2021-05-10 11:10:51,3428.55,214289
2021-05-10 11:10:53,3428.5,214326
2021-05-10 11:10:55,3430.0,214380
2021-05-10 11:10:58,3429.0,214386
2021-05-10 11:11:00,3429.0,214390
2021-05-10 11:11:02,3428.5,214400
2021-05-10 11:11:06,3429.9,214428
2021-05-10 11:11:09,3428.8,214449
2021-05-10 11:11:11,3429.0,214764
2021-05-10 11:11:14,3429.0,214773
2021-05-10 11:11:16,3429.0,214773
2021-05-10 11:11:18,3428.6,214804
2021-05-10 11:11:20,3428.6,214805
2021-05-10 11:11:22,3428.55,214810
2021-05-10 11:11:24,3430.0,214897
2021-05-10 11:11:26,3430.0,214897
2021-05-10 11:11:28,3428.35,214901
2021-05-10 11:11:30,3428.35,214910
2021-05-10 11:11:32,3428.35,214910
2021-05-10 11:11:34,3428.25,214912
2021-05-10 11:11:37,3428.35,214916
2021-05-10 11:11:39,3428.3,214932
2021-05-10 11:11:41,3428.3,214939
2021-05-10 11:11:43,3428.25,214948
2021-05-10 11:11:45,3428.25,214949
2021-05-10 11:11:47,3429.85,214964
2021-05-10 11:11:49,3429.85,214964
2021-05-10 11:11:51,3430.0,215064
2021-05-10 11:11:53,3428.4,215087
2021-05-10 11:11:55,3428.45,215089
2021-05-10 11:11:58,3428.45,215090
2021-05-10 11:12:00,3428.45,215100
2021-05-10 11:12:02,3428.4,215109
2021-05-10 11:12:04,3428.4,215110
2021-05-10 11:12:06,3428.4,215116
2021-05-10 11:12:08,3428.4,215163
2021-05-10 11:12:10,3428.4,215168
2021-05-10 11:12:13,3428.4,215169
2021-05-10 11:12:15,3429.0,215170
2021-05-10 11:12:17,3430.2,215785
2021-05-10 11:12:21,3429.1,216009
2021-05-10 11:12:23,3428.45,216043
2021-05-10 11:12:28,3428.45,216102
2021-05-10 11:12:30,3429.0,216208
2021-05-10 11:12:33,3428.3,216244
2021-05-10 11:12:35,3428.3,216247
2021-05-10 11:12:37,3428.3,216257
2021-05-10 11:12:39,3429.7,216289
2021-05-10 11:12:41,3429.7,216289
2021-05-10 11:12:45,3428.25,216314
2021-05-10 11:12:47,3428.25,216332
2021-05-10 11:12:49,3428.25,216334
2021-05-10 11:12:51,3428.25,216336
2021-05-10 11:12:54,3430.05,216385
2021-05-10 11:12:56,3428.35,216421
2021-05-10 11:12:58,3428.4,216425
2021-05-10 11:13:00,3428.45,216427
2021-05-10 11:13:02,3428.4,216430
2021-05-10 11:13:04,3428.4,216430
2021-05-10 11:13:06,3428.25,216431
2021-05-10 11:13:08,3428.5,216459
2021-05-10 11:13:10,3430.4,216477
2021-05-10 11:13:12,3430.4,216477
2021-05-10 11:13:15,3428.55,216478
2021-05-10 11:13:17,3428.55,216496
2021-05-10 11:13:19,3428.75,216503
2021-05-10 11:13:21,3428.75,216503
2021-05-10 11:13:23,3428.55,216526
2021-05-10 11:13:26,3428.55,216532
2021-05-10 11:13:28,3429.0,216539
2021-05-10 11:13:30,3429.0,216539
2021-05-10 11:13:32,3429.0,216539
2021-05-10 11:13:34,3428.55,216540
2021-05-10 11:13:37,3429.0,216550
2021-05-10 11:13:39,3429.0,216574
2021-05-10 11:13:41,3429.0,216575
2021-05-10 11:13:43,3429.0,216579
2021-05-10 11:13:45,3429.0,216638
2021-05-10 11:13:48,3428.85,216639
2021-05-10 11:13:50,3429.0,216645
2021-05-10 11:13:52,3428.95,216650
2021-05-10 11:13:54,3430.8,217042
2021-05-10 11:13:56,3430.8,217083
2021-05-10 11:13:58,3430.0,217118
2021-05-10 11:14:01,3429.0,217119
2021-05-10 11:14:03,3428.6,217121
2021-05-10 11:14:06,3430.55,217205
2021-05-10 11:14:08,3429.75,217243
2021-05-10 11:14:11,3429.0,217260
2021-05-10 11:14:16,3429.0,217281
2021-05-10 11:14:18,3429.0,217284
2021-05-10 11:14:20,3429.0,217284
2021-05-10 11:14:22,3429.0,217291
2021-05-10 11:14:24,3428.6,217314
2021-05-10 11:14:26,3428.95,217331
2021-05-10 11:14:28,3428.95,217332
2021-05-10 11:14:30,3429.0,217334
2021-05-10 11:14:32,3428.95,217340
2021-05-10 11:14:35,3428.95,217343
2021-05-10 11:14:37,3430.0,217595
2021-05-10 11:14:39,3429.3,217762
2021-05-10 11:14:42,3428.5,217787
2021-05-10 11:14:44,3428.75,217818
2021-05-10 11:14:46,3428.95,217839
2021-05-10 11:14:48,3428.95,217844
2021-05-10 11:14:51,3428.95,217844
2021-05-10 11:14:53,3428.5,217867
2021-05-10 11:14:55,3428.75,217880
2021-05-10 11:14:58,3428.5,217903
2021-05-10 11:15:00,3428.5,217910
2021-05-10 11:15:05,3429.0,217960
2021-05-10 11:15:07,3429.0,218135
2021-05-10 11:15:09,3428.5,218157
2021-05-10 11:15:11,3428.55,218161
2021-05-10 11:15:13,3428.5,218271
2021-05-10 11:15:16,3428.5,218278
2021-05-10 11:15:20,3428.3,218296
2021-05-10 11:15:22,3428.25,218328
2021-05-10 11:15:24,3428.25,218333
2021-05-10 11:15:27,3428.3,218336
2021-05-10 11:15:29,3428.95,218338
2021-05-10 11:15:32,3428.6,218339
2021-05-10 11:15:34,3428.25,218340
2021-05-10 11:15:37,3429.0,218346
2021-05-10 11:15:39,3428.95,218369
2021-05-10 11:15:41,3428.95,218371
2021-05-10 11:15:43,3428.25,218372
2021-05-10 11:15:46,3428.9,218382
2021-05-10 11:15:48,3428.6,218383
2021-05-10 11:15:50,3429.0,218388
2021-05-10 11:15:52,3428.55,218389
2021-05-10 11:15:54,3428.3,218392
2021-05-10 11:15:56,3428.25,218547
2021-05-10 11:15:59,3428.35,218568
2021-05-10 11:16:02,3428.35,218570
2021-05-10 11:16:04,3428.35,218570
2021-05-10 11:16:07,3428.35,218577
2021-05-10 11:16:09,3428.35,218600
2021-05-10 11:16:11,3428.3,218601
2021-05-10 11:16:13,3428.25,218620
2021-05-10 11:16:15,3428.25,218624
2021-05-10 11:16:17,3428.25,218630
2021-05-10 11:16:20,3428.25,218631
2021-05-10 11:16:22,3428.25,218636
2021-05-10 11:16:24,3428.3,218660
2021-05-10 11:16:26,3428.25,218663
2021-05-10 11:16:28,3428.25,218668
2021-05-10 11:16:30,3428.35,218671
2021-05-10 11:16:32,3429.0,218681
2021-05-10 11:16:34,3429.0,218681
2021-05-10 11:16:36,3429.0,218681
2021-05-10 11:16:39,3428.25,218712
2021-05-10 11:16:41,3428.25,218715
2021-05-10 11:16:44,3428.25,218715
2021-05-10 11:16:46,3428.95,218725
2021-05-10 11:16:48,3428.95,218746
2021-05-10 11:16:51,3428.25,218747
2021-05-10 11:16:53,3428.5,218770
2021-05-10 11:16:55,3429.0,218779
2021-05-10 11:16:57,3429.0,218789
2021-05-10 11:17:00,3429.95,218845
2021-05-10 11:17:02,3429.95,218845
2021-05-10 11:17:05,3429.0,218857
2021-05-10 11:17:07,3429.0,218897
2021-05-10 11:17:10,3428.3,218919
2021-05-10 11:17:12,3429.0,218934
2021-05-10 11:17:14,3428.25,218937
2021-05-10 11:17:16,3428.25,218937
2021-05-10 11:17:18,3428.5,218939
2021-05-10 11:17:20,3428.5,218944
2021-05-10 11:17:23,3428.5,219069
2021-05-10 11:17:25,3428.5,219073
2021-05-10 11:17:27,3430.0,219131
2021-05-10 11:17:29,3430.0,219131
2021-05-10 11:17:33,3430.0,219204
2021-05-10 11:17:36,3428.55,219395
2021-05-10 11:17:38,3428.5,219437
2021-05-10 11:17:40,3428.5,219448
2021-05-10 11:17:42,3428.5,219453
2021-05-10 11:17:44,3428.85,219456
2021-05-10 11:17:46,3428.85,219456
2021-05-10 11:17:48,3429.95,219464
2021-05-10 11:17:50,3430.0,219482
2021-05-10 11:17:52,3428.5,219588
2021-05-10 11:17:55,3428.5,219598
2021-05-10 11:17:57,3428.5,219601
2021-05-10 11:17:59,3428.5,219602
2021-05-10 11:18:01,3429.95,219609
2021-05-10 11:18:10,3430.15,219757
2021-05-10 11:18:12,3430.15,219757
2021-05-10 11:18:14,3428.6,219759
2021-05-10 11:18:16,3428.5,219762
2021-05-10 11:18:19,3430.15,219778
2021-05-10 11:18:21,3430.15,219778
2021-05-10 11:18:23,3428.5,219801
2021-05-10 11:18:25,3428.95,219846
2021-05-10 11:18:27,3428.25,219847
2021-05-10 11:18:29,3428.25,219849
2021-05-10 11:18:32,3429.7,219860
2021-05-10 11:18:34,3429.7,219860
2021-05-10 11:18:36,3428.3,219861
2021-05-10 11:18:38,3428.25,219896
2021-05-10 11:18:40,3429.65,219929
2021-05-10 11:18:42,3429.65,219929
2021-05-10 11:18:44,3428.25,219931
2021-05-10 11:18:46,3429.65,219946
2021-05-10 11:18:48,3429.65,219946
2021-05-10 11:18:50,3429.0,219948
2021-05-10 11:18:52,3429.0,219977
2021-05-10 11:18:54,3429.0,220007
2021-05-10 11:18:56,3429.0,220017
2021-05-10 11:18:59,3429.55,220067
2021-05-10 11:19:01,3428.55,220075
2021-05-10 11:19:03,3429.7,220090
2021-05-10 11:19:05,3429.7,220090
2021-05-10 11:19:07,3428.25,220097
2021-05-10 11:19:09,3428.25,220121
2021-05-10 11:19:11,3429.7,220132
2021-05-10 11:19:13,3429.7,220132
2021-05-10 11:19:14,3429.0,220133
2021-05-10 11:19:17,3428.25,220135
2021-05-10 11:19:19,3428.3,220137
2021-05-10 11:19:21,3428.6,220147
2021-05-10 11:19:24,3428.6,220156
2021-05-10 11:19:26,3428.4,220167
2021-05-10 11:19:28,3428.4,220167
2021-05-10 11:19:30,3429.95,220180
2021-05-10 11:19:32,3429.95,220183
2021-05-10 11:19:34,3428.5,220201
2021-05-10 11:19:35,3428.5,220205
2021-05-10 11:19:37,3428.5,220205
2021-05-10 11:19:39,3428.3,220215
2021-05-10 11:19:41,3428.25,220223
2021-05-10 11:19:43,3428.25,220226
2021-05-10 11:19:44,3428.35,220242
2021-05-10 11:19:46,3428.35,220244
2021-05-10 11:19:49,3428.25,220251
2021-05-10 11:19:51,3428.25,220252
2021-05-10 11:19:54,3429.8,220280
2021-05-10 11:19:56,3429.8,220280
2021-05-10 11:19:57,3429.75,220290
2021-05-10 11:19:59,3428.4,220291
2021-05-10 11:20:01,3428.4,220291
2021-05-10 11:20:03,3428.45,220307
2021-05-10 11:20:05,3428.45,220308
2021-05-10 11:20:08,3428.25,220330
2021-05-10 11:20:10,3428.25,220333
2021-05-10 11:20:12,3429.05,220338
2021-05-10 11:20:14,3429.05,220338
2021-05-10 11:20:16,3429.05,220338
2021-05-10 11:20:18,3428.25,220339
2021-05-10 11:20:20,3428.25,220339
2021-05-10 11:20:22,3429.0,220348
2021-05-10 11:20:24,3428.25,220372
2021-05-10 11:20:26,3429.0,220379
2021-05-10 11:20:28,3429.0,220424
2021-05-10 11:20:30,3429.0,220428
2021-05-10 11:20:32,3429.0,220633
2021-05-10 11:20:34,3429.0,220633
2021-05-10 11:20:36,3428.25,220638
2021-05-10 11:20:39,3428.2,220681
2021-05-10 11:20:41,3428.6,220688
2021-05-10 11:20:44,3428.6,220689
2021-05-10 11:20:46,3428.25,220703
2021-05-10 11:20:48,3428.25,220703
2021-05-10 11:20:50,3428.2,220717
2021-05-10 11:20:52,3428.2,220756
2021-05-10 11:20:54,3428.2,220760
2021-05-10 11:20:56,3428.25,220766
2021-05-10 11:20:58,3428.2,220795
2021-05-10 11:21:00,3428.2,220801
2021-05-10 11:21:03,3428.2,220801
2021-05-10 11:21:05,3428.2,220801
2021-05-10 11:21:07,3428.2,220801
2021-05-10 11:21:09,3429.0,220923
2021-05-10 11:21:11,3429.0,220923
2021-05-10 11:21:14,3429.0,220976
2021-05-10 11:21:16,3428.2,220989
2021-05-10 11:21:19,3428.25,220995
2021-05-10 11:21:21,3428.25,220996
2021-05-10 11:21:23,3428.25,221019
2021-05-10 11:21:26,3428.25,221030
2021-05-10 11:21:28,3428.25,221034
2021-05-10 11:21:30,3429.0,221037
2021-05-10 11:21:32,3428.25,221088
2021-05-10 11:21:35,3428.25,221093
2021-05-10 11:21:38,3428.25,221151
2021-05-10 11:21:40,3429.0,221159
2021-05-10 11:21:43,3429.0,221159
2021-05-10 11:21:45,3428.25,221163
2021-05-10 11:21:47,3428.3,221180
2021-05-10 11:21:50,3428.4,221189
2021-05-10 11:21:52,3428.5,221223
2021-05-10 11:21:55,3428.5,221227
2021-05-10 11:21:57,3430.0,221427
2021-05-10 11:21:59,3429.95,221539
