timestamp,ltp,volume
2021-05-10 09:07:02,2427.15,463
2021-05-10 09:15:00,2427.0,494
2021-05-10 09:15:07,2426.65,1473
2021-05-10 09:15:13,2423.85,1760
2021-05-10 09:15:19,2425.7,1840
2021-05-10 09:15:25,2425.4,1947
2021-05-10 09:15:30,2425.75,2047
2021-05-10 09:15:35,2425.2,2128
2021-05-10 09:15:40,2426.7,2198
2021-05-10 09:15:44,2425.3,2259
2021-05-10 09:15:49,2427.85,2271
2021-05-10 09:15:54,2427.45,2472
2021-05-10 09:15:58,2426.75,2506
2021-05-10 09:16:02,2429.2,2588
2021-05-10 09:16:06,2428.5,2674
2021-05-10 09:16:15,2432.6,4540
2021-05-10 09:16:19,2431.0,4602
2021-05-10 09:16:23,2433.05,4628
2021-05-10 09:16:27,2431.4,4675
2021-05-10 09:16:32,2433.75,4756
2021-05-10 09:16:40,2433.0,4841
2021-05-10 09:16:44,2432.5,4917
2021-05-10 09:16:48,2429.05,5313
2021-05-10 09:16:52,2432.45,5475
2021-05-10 09:16:56,2430.15,5479
2021-05-10 09:17:00,2430.25,5504
2021-05-10 09:17:05,2430.2,5557
2021-05-10 09:17:09,2429.25,5781
2021-05-10 09:17:14,2431.55,5876
2021-05-10 09:17:22,2431.55,6692
2021-05-10 09:17:26,2433.25,7416
2021-05-10 09:17:30,2435.0,7417
2021-05-10 09:17:34,2435.0,7578
2021-05-10 09:17:39,2435.0,7634
2021-05-10 09:17:43,2433.55,7648
2021-05-10 09:17:46,2436.4,7763
2021-05-10 09:17:54,2437.25,7851
2021-05-10 09:18:02,2437.2,8469
2021-05-10 09:18:06,2437.35,8613
2021-05-10 09:18:10,2435.7,8634
2021-05-10 09:18:14,2437.8,8877
2021-05-10 09:18:18,2435.75,9079
2021-05-10 09:18:22,2436.0,9144
2021-05-10 09:18:26,2435.75,9237
2021-05-10 09:18:30,2433.5,10022
2021-05-10 09:18:34,2436.55,10156
2021-05-10 09:18:38,2436.55,10156
2021-05-10 09:18:42,2436.05,10171
2021-05-10 09:18:46,2433.75,10256
2021-05-10 09:18:54,2434.2,10296
2021-05-10 09:19:02,2434.1,10370
2021-05-10 09:19:06,2434.05,10492
2021-05-10 09:19:18,2433.05,10774
2021-05-10 09:19:21,2433.05,10774
2021-05-10 09:19:25,2433.25,10790
2021-05-10 09:19:29,2434.0,10975
2021-05-10 09:19:33,2434.0,10975
2021-05-10 09:19:36,2433.0,11604
2021-05-10 09:19:40,2432.35,11653
2021-05-10 09:19:44,2434.5,12155
2021-05-10 09:19:48,2433.0,12166
2021-05-10 09:19:55,2433.0,12184
2021-05-10 09:19:59,2432.8,12251
2021-05-10 09:20:03,2432.15,12285
2021-05-10 09:20:07,2433.25,12319
2021-05-10 09:20:11,2436.95,13000
2021-05-10 09:20:14,2438.45,13258
2021-05-10 09:20:18,2438.45,13268
2021-05-10 09:20:22,2438.45,13275
2021-05-10 09:20:26,2438.45,13286
2021-05-10 09:20:30,2438.45,13301
2021-05-10 09:20:34,2438.0,13322
2021-05-10 09:20:37,2438.0,13356
2021-05-10 09:20:41,2437.55,13462
2021-05-10 09:20:45,2439.5,13715
2021-05-10 09:20:48,2439.4,13785
2021-05-10 09:20:52,2440.0,14151
2021-05-10 09:20:56,2441.95,14548
2021-05-10 09:21:00,2439.95,15025
2021-05-10 09:21:03,2439.9,15275
2021-05-10 09:21:07,2440.0,15277
2021-05-10 09:21:11,2436.9,15883
2021-05-10 09:21:14,2437.4,15956
2021-05-10 09:21:18,2437.5,15957
2021-05-10 09:21:21,2437.2,16013
2021-05-10 09:21:25,2436.0,16023
2021-05-10 09:21:29,2435.0,16155
2021-05-10 09:21:32,2435.15,16282
2021-05-10 09:21:36,2433.5,16303
2021-05-10 09:21:43,2435.65,16379
2021-05-10 09:21:47,2436.8,20636
2021-05-10 09:21:51,2436.8,20636
2021-05-10 09:21:55,2436.05,20655
2021-05-10 09:21:58,2436.35,20760
2021-05-10 09:22:02,2436.35,20760
2021-05-10 09:22:06,2436.25,20860
2021-05-10 09:22:09,2436.0,21061
2021-05-10 09:22:13,2436.0,21088
2021-05-10 09:22:17,2436.1,21095
2021-05-10 09:22:20,2434.05,21355
2021-05-10 09:22:24,2434.05,21355
2021-05-10 09:22:28,2432.85,22147
2021-05-10 09:22:31,2431.3,22261
2021-05-10 09:22:35,2431.4,22271
2021-05-10 09:22:39,2432.7,22312
2021-05-10 09:22:42,2431.5,22323
2021-05-10 09:22:46,2431.55,22329
2021-05-10 09:22:49,2431.55,22329
2021-05-10 09:22:53,2432.85,22335
2021-05-10 09:22:56,2431.75,22361
2021-05-10 09:23:03,2431.0,22670
2021-05-10 09:23:07,2431.1,22675
2021-05-10 09:23:11,2431.1,22737
2021-05-10 09:23:14,2432.55,22838
2021-05-10 09:23:18,2431.15,22849
2021-05-10 09:23:21,2432.65,22854
2021-05-10 09:23:25,2433.2,22944
2021-05-10 09:23:29,2434.1,22947
2021-05-10 09:23:33,2434.1,22947
2021-05-10 09:23:36,2432.5,23134
2021-05-10 09:23:40,2432.5,23134
2021-05-10 09:23:44,2433.2,23152
2021-05-10 09:23:48,2433.2,23153
2021-05-10 09:23:51,2432.0,23165
2021-05-10 09:23:55,2432.65,23277
2021-05-10 09:23:58,2432.0,23288
2021-05-10 09:24:02,2432.0,23319
2021-05-10 09:24:05,2432.85,23404
2021-05-10 09:24:09,2431.3,23414
2021-05-10 09:24:13,2431.3,23414
2021-05-10 09:24:16,2432.8,23433
2021-05-10 09:24:20,2432.8,23434
2021-05-10 09:24:23,2431.35,23464
2021-05-10 09:24:27,2431.35,23476
2021-05-10 09:24:31,2432.75,23508
2021-05-10 09:24:34,2432.75,23514
2021-05-10 09:24:38,2431.35,23549
2021-05-10 09:24:41,2431.95,23715
2021-05-10 09:24:45,2433.2,23716
2021-05-10 09:24:48,2433.2,23718
2021-05-10 09:24:52,2432.1,23729
2021-05-10 09:24:55,2432.1,23729
2021-05-10 09:24:59,2433.2,23736
2021-05-10 09:25:02,2432.6,23749
2021-05-10 09:25:06,2432.6,23756
2021-05-10 09:25:09,2433.15,23763
2021-05-10 09:25:13,2433.2,23782
2021-05-10 09:25:16,2433.3,23792
2021-05-10 09:25:20,2433.2,23794
2021-05-10 09:25:23,2433.2,23794
2021-05-10 09:25:27,2433.2,23795
2021-05-10 09:25:30,2432.7,23815
2021-05-10 09:25:33,2432.7,23829
2021-05-10 09:25:37,2432.7,23842
2021-05-10 09:25:40,2433.3,23844
2021-05-10 09:25:44,2433.3,23844
2021-05-10 09:25:47,2433.3,23848
2021-05-10 09:25:51,2433.0,23863
2021-05-10 09:25:54,2434.85,24004
2021-05-10 09:25:57,2435.0,24032
2021-05-10 09:26:01,2436.25,24034
2021-05-10 09:26:04,2436.35,24102
2021-05-10 09:26:08,2437.8,24203
2021-05-10 09:26:12,2437.75,24213
2021-05-10 09:26:15,2437.05,24245
2021-05-10 09:26:19,2437.05,24245
2021-05-10 09:26:22,2438.0,24385
2021-05-10 09:26:26,2438.0,24426
2021-05-10 09:26:29,2437.05,24490
2021-05-10 09:26:33,2437.05,24505
2021-05-10 09:26:37,2436.9,24560
2021-05-10 09:26:40,2437.05,24562
2021-05-10 09:26:43,2437.05,24574
2021-05-10 09:26:47,2437.0,24699
2021-05-10 09:26:50,2437.0,24760
2021-05-10 09:26:54,2436.6,24764
2021-05-10 09:26:57,2438.75,25186
2021-05-10 09:27:00,2438.95,25196
2021-05-10 09:27:03,2438.55,25210
2021-05-10 09:27:07,2439.0,25220
2021-05-10 09:27:10,2442.0,26065
2021-05-10 09:27:13,2442.0,26065
2021-05-10 09:27:17,2439.7,26365
2021-05-10 09:27:20,2442.0,26497
2021-05-10 09:27:24,2442.0,26497
2021-05-10 09:27:27,2442.0,26497
2021-05-10 09:27:30,2440.25,26501
2021-05-10 09:27:33,2442.0,27641
2021-05-10 09:27:36,2440.0,28245
2021-05-10 09:27:40,2441.65,28353
2021-05-10 09:27:44,2442.0,28403
2021-05-10 09:27:47,2440.15,28404
2021-05-10 09:27:50,2442.0,28430
2021-05-10 09:27:54,2442.0,28482
2021-05-10 09:27:57,2442.9,28830
2021-05-10 09:28:00,2442.5,28896
2021-05-10 09:28:04,2442.0,28924
2021-05-10 09:28:07,2442.75,29201
2021-05-10 09:28:11,2442.5,29309
2021-05-10 09:28:14,2442.5,29314
2021-05-10 09:28:15,2442.5,29314
2021-05-10 09:28:16,2442.5,29314
2021-05-10 09:28:17,2442.5,29314
2021-05-10 09:28:18,2442.5,29333
2021-05-10 09:28:19,2442.75,29353
2021-05-10 09:28:20,2442.0,29361
2021-05-10 09:28:21,2442.0,29376
2021-05-10 09:28:22,2442.0,29376
2021-05-10 09:28:23,2442.0,29376
2021-05-10 09:28:24,2442.0,29376
2021-05-10 09:28:25,2442.25,29377
2021-05-10 09:28:26,2442.25,29380
2021-05-10 09:28:27,2442.25,29380
2021-05-10 09:28:28,2442.25,29380
2021-05-10 09:28:29,2442.25,29380
2021-05-10 09:28:30,2442.25,29380
2021-05-10 09:28:31,2440.3,29410
2021-05-10 09:28:32,2440.3,29410
2021-05-10 09:28:33,2440.3,29410
2021-05-10 09:28:34,2441.95,29415
2021-05-10 09:28:35,2441.95,29415
2021-05-10 09:28:36,2441.95,29415
2021-05-10 09:28:37,2441.95,29415
2021-05-10 09:28:38,2441.95,29415
2021-05-10 09:28:39,2440.3,29427
2021-05-10 09:28:40,2440.3,29427
2021-05-10 09:28:41,2440.3,29427
2021-05-10 09:28:42,2440.3,29427
2021-05-10 09:28:43,2440.3,29427
2021-05-10 09:28:44,2440.3,29427
2021-05-10 09:28:45,2440.3,29427
2021-05-10 09:28:46,2440.3,29427
2021-05-10 09:28:47,2440.3,29427
2021-05-10 09:28:48,2440.3,29427
2021-05-10 09:28:49,2440.3,29427
2021-05-10 09:28:50,2440.3,29427
2021-05-10 09:28:51,2441.95,29428
2021-05-10 09:28:52,2441.95,29428
2021-05-10 09:28:53,2441.0,29430
2021-05-10 09:28:54,2441.0,29430
2021-05-10 09:28:55,2441.0,29430
2021-05-10 09:28:56,2441.0,29430
2021-05-10 09:28:57,2441.0,29432
2021-05-10 09:28:58,2441.95,29437
2021-05-10 09:28:59,2441.0,29439
2021-05-10 09:29:00,2441.0,29459
2021-05-10 09:29:01,2441.0,29459
2021-05-10 09:29:02,2441.0,29486
2021-05-10 09:29:03,2441.0,29486
2021-05-10 09:29:04,2441.0,29511
2021-05-10 09:29:05,2441.0,29511
2021-05-10 09:29:06,2441.0,29511
2021-05-10 09:29:07,2441.0,29511
2021-05-10 09:29:08,2441.95,29611
2021-05-10 09:29:09,2440.0,29911
2021-05-10 09:29:10,2440.0,29911
2021-05-10 09:29:11,2440.0,29913
2021-05-10 09:29:12,2441.0,29923
2021-05-10 09:29:13,2441.0,29923
2021-05-10 09:29:14,2441.0,29924
2021-05-10 09:29:15,2441.0,29924
2021-05-10 09:29:16,2440.0,29942
2021-05-10 09:29:17,2440.0,29942
2021-05-10 09:29:18,2441.0,29952
2021-05-10 09:29:19,2441.0,29952
2021-05-10 09:29:20,2439.75,29953
2021-05-10 09:29:21,2439.75,29953
2021-05-10 09:29:22,2439.75,29965
2021-05-10 09:29:23,2439.75,29965
2021-05-10 09:29:25,2439.45,29966
2021-05-10 09:29:24,2439.75,29965
2021-05-10 09:29:26,2439.45,29970
2021-05-10 09:29:27,2439.45,29970
2021-05-10 09:29:28,2439.45,29972
2021-05-10 09:29:29,2439.45,29972
2021-05-10 09:29:30,2439.45,29972
2021-05-10 09:29:31,2439.75,29973
2021-05-10 09:29:33,2439.75,29973
2021-05-10 09:29:34,2439.75,29976
2021-05-10 09:29:35,2441.0,30076
2021-05-10 09:29:36,2439.7,30081
2021-05-10 09:29:37,2439.7,30081
2021-05-10 09:29:38,2439.7,30081
2021-05-10 09:29:39,2439.7,30081
2021-05-10 09:29:40,2439.6,30096
2021-05-10 09:29:41,2439.6,30096
2021-05-10 09:29:42,2439.6,30096
2021-05-10 09:29:43,2439.6,30096
2021-05-10 09:29:44,2439.6,30096
2021-05-10 09:29:45,2439.75,30107
2021-05-10 09:29:46,2439.75,30107
2021-05-10 09:29:47,2439.75,30107
2021-05-10 09:29:48,2439.75,30107
2021-05-10 09:29:49,2439.75,30107
2021-05-10 09:29:50,2439.75,30107
2021-05-10 09:29:51,2439.75,30107
2021-05-10 09:29:52,2439.6,30112
2021-05-10 09:29:53,2439.6,30112
2021-05-10 09:29:54,2439.1,30122
2021-05-10 09:29:55,2438.0,30250
2021-05-10 09:29:56,2438.0,30255
2021-05-10 09:29:57,2438.0,30255
2021-05-10 09:29:58,2438.0,30255
2021-05-10 09:29:59,2438.0,30255
2021-05-10 09:30:00,2437.0,30392
2021-05-10 09:30:01,2437.0,30392
2021-05-10 09:30:02,2438.0,30393
2021-05-10 09:30:03,2437.0,30395
2021-05-10 09:30:04,2437.0,30395
2021-05-10 09:30:05,2437.0,30395
2021-05-10 09:30:06,2438.0,30397
2021-05-10 09:30:07,2438.0,30433
2021-05-10 09:30:08,2438.0,30445
2021-05-10 09:30:09,2438.0,30445
2021-05-10 09:30:10,2438.0,30445
2021-05-10 09:30:11,2438.0,30446
2021-05-10 09:30:12,2438.0,30446
2021-05-10 09:30:13,2438.0,30446
2021-05-10 09:30:14,2437.0,30459
2021-05-10 09:30:19,2437.95,30563
2021-05-10 09:30:20,2437.0,30583
2021-05-10 09:30:21,2437.9,30597
2021-05-10 09:30:22,2437.9,30627
2021-05-10 09:30:23,2437.0,30632
2021-05-10 09:30:24,2437.0,30632
2021-05-10 09:30:25,2437.0,30632
2021-05-10 09:30:26,2437.0,30632
2021-05-10 09:30:27,2437.0,30632
2021-05-10 09:30:28,2437.9,30637
2021-05-10 09:30:29,2437.9,30637
2021-05-10 09:30:30,2437.0,30657
2021-05-10 09:30:31,2437.95,30758
2021-05-10 09:30:32,2437.95,30758
2021-05-10 09:30:33,2437.2,30777
2021-05-10 09:30:34,2437.2,30780
2021-05-10 09:30:35,2437.2,30780
2021-05-10 09:30:36,2438.0,30790
2021-05-10 09:30:37,2438.0,30790
2021-05-10 09:30:38,2437.1,30810
2021-05-10 09:30:39,2437.1,30812
2021-05-10 09:30:40,2437.0,31024
2021-05-10 09:30:41,2437.9,31025
2021-05-10 09:30:42,2437.9,31025
2021-05-10 09:30:43,2437.9,31025
2021-05-10 09:30:44,2437.9,31025
2021-05-10 09:30:45,2437.9,31025
2021-05-10 09:30:46,2437.0,31026
2021-05-10 09:30:47,2437.0,31028
2021-05-10 09:30:48,2437.0,31029
2021-05-10 09:30:49,2437.0,31029
2021-05-10 09:30:50,2437.0,31029
2021-05-10 09:30:51,2437.9,31030
2021-05-10 09:30:53,2437.05,31031
2021-05-10 09:30:54,2437.05,31051
2021-05-10 09:30:55,2437.15,31058
2021-05-10 09:30:56,2437.15,31058
2021-05-10 09:30:57,2437.15,31058
2021-05-10 09:30:58,2437.15,31058
2021-05-10 09:30:59,2437.15,31058
2021-05-10 09:31:00,2438.0,31278
2021-05-10 09:31:01,2439.75,31286
2021-05-10 09:31:02,2439.7,31290
2021-05-10 09:31:03,2438.3,31300
2021-05-10 09:31:05,2439.5,31335
2021-05-10 09:31:04,2438.3,31300
2021-05-10 09:31:06,2439.45,31336
2021-05-10 09:31:07,2439.95,31686
2021-05-10 09:31:08,2438.35,31736
2021-05-10 09:31:09,2438.35,31736
2021-05-10 09:31:10,2438.3,31737
2021-05-10 09:31:11,2438.3,31737
2021-05-10 09:31:12,2438.35,31749
2021-05-10 09:31:13,2440.25,31800
2021-05-10 09:31:14,2440.35,31904
2021-05-10 09:31:15,2440.2,31907
2021-05-10 09:31:16,2438.45,32007
2021-05-10 09:31:17,2440.1,32021
2021-05-10 09:31:18,2440.15,32034
2021-05-10 09:31:19,2440.15,32034
2021-05-10 09:31:20,2440.15,32034
2021-05-10 09:31:21,2440.1,32084
2021-05-10 09:31:22,2440.0,32085
2021-05-10 09:31:23,2438.3,32092
2021-05-10 09:31:24,2438.3,32092
2021-05-10 09:31:25,2438.0,32107
2021-05-10 09:31:26,2439.6,32177
2021-05-10 09:31:27,2439.6,32177
2021-05-10 09:31:28,2439.6,32177
2021-05-10 09:31:29,2439.6,32177
2021-05-10 09:31:30,2439.5,32227
2021-05-10 09:31:31,2439.5,32227
2021-05-10 09:31:32,2439.5,32228
2021-05-10 09:31:33,2439.5,32228
2021-05-10 09:31:34,2439.5,32228
2021-05-10 09:31:35,2439.5,32228
2021-05-10 09:31:36,2439.5,32231
2021-05-10 09:31:37,2439.5,32231
2021-05-10 09:31:38,2438.0,32235
2021-05-10 09:31:39,2438.0,32235
2021-05-10 09:31:40,2438.0,32235
2021-05-10 09:31:41,2439.5,32435
2021-05-10 09:31:42,2439.05,32637
2021-05-10 09:31:43,2439.05,32637
2021-05-10 09:31:44,2439.05,32637
2021-05-10 09:31:45,2439.4,32739
2021-05-10 09:31:46,2439.4,32739
2021-05-10 09:31:47,2439.4,32739
2021-05-10 09:31:48,2439.4,32739
2021-05-10 09:31:49,2439.4,32739
2021-05-10 09:31:50,2437.25,32754
2021-05-10 09:31:51,2438.0,32758
2021-05-10 09:31:52,2438.0,32758
2021-05-10 09:31:53,2438.0,32763
2021-05-10 09:31:54,2438.0,32763
2021-05-10 09:31:55,2438.0,32763
2021-05-10 09:31:56,2437.35,32769
2021-05-10 09:31:57,2437.35,32769
2021-05-10 09:31:58,2437.2,32773
2021-05-10 09:31:59,2437.2,32773
2021-05-10 09:32:00,2437.2,32776
2021-05-10 09:32:01,2437.2,32776
2021-05-10 09:32:02,2437.15,32783
2021-05-10 09:32:03,2437.15,32783
2021-05-10 09:32:04,2438.7,32816
2021-05-10 09:32:05,2438.7,32816
2021-05-10 09:32:06,2438.7,32816
2021-05-10 09:32:07,2438.7,32816
2021-05-10 09:32:08,2438.7,32816
2021-05-10 09:32:09,2438.7,32816
2021-05-10 09:32:10,2438.7,32816
2021-05-10 09:32:11,2438.7,32816
2021-05-10 09:32:12,2438.7,32816
2021-05-10 09:32:13,2437.0,32818
2021-05-10 09:32:14,2437.1,32831
2021-05-10 09:32:15,2437.1,32851
2021-05-10 09:32:16,2437.15,32866
2021-05-10 09:32:17,2439.25,32904
2021-05-10 09:32:18,2437.6,32913
2021-05-10 09:32:19,2439.1,32915
2021-05-10 09:32:20,2439.1,32915
2021-05-10 09:32:21,2439.3,32956
2021-05-10 09:32:22,2439.3,32956
2021-05-10 09:32:23,2437.95,32957
2021-05-10 09:32:24,2439.1,33084
2021-05-10 09:32:25,2439.1,33084
2021-05-10 09:32:26,2439.1,33084
2021-05-10 09:32:27,2439.1,33084
2021-05-10 09:32:28,2439.1,33084
2021-05-10 09:32:29,2439.1,33084
2021-05-10 09:32:30,2439.1,33084
2021-05-10 09:32:31,2439.1,33086
2021-05-10 09:32:32,2439.95,33161
2021-05-10 09:32:34,2439.95,33161
2021-05-10 09:32:36,2438.1,33211
2021-05-10 09:32:38,2439.35,33222
2021-05-10 09:32:39,2439.35,33222
2021-05-10 09:32:40,2439.25,33223
2021-05-10 09:32:41,2439.25,33223
2021-05-10 09:32:42,2439.25,33223
2021-05-10 09:32:44,2438.15,33230
2021-05-10 09:32:46,2438.15,33230
2021-05-10 09:32:45,2438.15,33230
2021-05-10 09:32:47,2438.15,33230
2021-05-10 09:32:49,2438.15,33240
2021-05-10 09:32:50,2438.15,33240
2021-05-10 09:32:51,2438.15,33240
2021-05-10 09:32:52,2438.15,33240
2021-05-10 09:32:53,2438.15,33240
2021-05-10 09:32:54,2439.35,33264
2021-05-10 09:32:55,2439.35,33264
2021-05-10 09:32:56,2439.6,33341
2021-05-10 09:32:57,2439.6,33341
2021-05-10 09:32:58,2439.6,33341
2021-05-10 09:32:59,2439.6,33341
2021-05-10 09:33:00,2438.95,33342
2021-05-10 09:33:01,2438.15,33352
2021-05-10 09:33:02,2438.15,33352
2021-05-10 09:33:03,2438.15,33352
2021-05-10 09:33:04,2438.65,33356
2021-05-10 09:33:05,2439.7,33359
2021-05-10 09:33:06,2439.7,33359
2021-05-10 09:33:07,2439.7,33359
2021-05-10 09:33:08,2438.35,33376
2021-05-10 09:33:09,2438.35,33376
2021-05-10 09:33:10,2438.35,33376
2021-05-10 09:33:13,2439.6,33386
2021-05-10 09:33:20,2438.4,33464
2021-05-10 09:33:23,2438.4,33464
2021-05-10 09:33:26,2438.9,33471
2021-05-10 09:33:33,2438.95,33482
2021-05-10 09:33:36,2438.55,33580
2021-05-10 09:33:39,2438.55,33580
2021-05-10 09:33:42,2438.95,33593
2021-05-10 09:33:46,2438.95,33597
2021-05-10 09:33:49,2438.95,33726
2021-05-10 09:33:52,2438.95,33726
2021-05-10 09:33:56,2438.95,33726
2021-05-10 09:33:59,2438.95,33726
2021-05-10 09:34:02,2438.5,33739
2021-05-10 09:34:06,2438.5,33768
2021-05-10 09:34:09,2438.5,33768
2021-05-10 09:34:12,2438.35,33817
2021-05-10 09:34:16,2437.55,34233
2021-05-10 09:34:19,2438.35,34360
2021-05-10 09:34:22,2438.35,34360
2021-05-10 09:34:25,2438.15,34370
2021-05-10 09:34:28,2437.0,34392
2021-05-10 09:34:31,2437.0,34408
2021-05-10 09:34:35,2437.0,34436
2021-05-10 09:34:38,2437.0,34448
2021-05-10 09:34:41,2437.0,34448
2021-05-10 09:34:44,2437.0,34448
2021-05-10 09:34:47,2437.0,34448
2021-05-10 09:34:50,2436.65,34548
2021-05-10 09:34:54,2437.0,34550
2021-05-10 09:34:56,2435.65,34667
2021-05-10 09:34:59,2435.2,34687
2021-05-10 09:35:02,2436.45,34692
2021-05-10 09:35:05,2436.45,34692
2021-05-10 09:35:09,2435.15,35278
2021-05-10 09:35:12,2433.65,35399
2021-05-10 09:35:15,2434.15,35551
2021-05-10 09:35:19,2434.05,35601
2021-05-10 09:35:22,2436.4,35743
2021-05-10 09:35:25,2435.7,35745
2021-05-10 09:35:28,2436.75,35775
2021-05-10 09:35:31,2436.75,35775
2021-05-10 09:35:38,2437.25,35875
2021-05-10 09:35:41,2437.85,35876
2021-05-10 09:35:44,2437.85,35876
2021-05-10 09:35:47,2437.85,35876
2021-05-10 09:35:50,2436.15,35896
2021-05-10 09:35:53,2436.2,35909
2021-05-10 09:35:59,2436.45,35981
2021-05-10 09:36:02,2436.5,36011
2021-05-10 09:36:06,2436.5,36011
2021-05-10 09:36:09,2436.7,36013
2021-05-10 09:36:12,2437.95,36086
2021-05-10 09:36:15,2438.0,36102
2021-05-10 09:36:18,2437.1,36107
2021-05-10 09:36:22,2437.1,36107
2021-05-10 09:36:25,2438.0,36110
2021-05-10 09:36:28,2438.2,36120
2021-05-10 09:36:31,2438.2,36120
2021-05-10 09:36:34,2438.45,36151
2021-05-10 09:36:38,2438.5,36168
2021-05-10 09:36:41,2438.5,36168
2021-05-10 09:36:44,2438.5,36168
2021-05-10 09:36:47,2438.5,36168
2021-05-10 09:36:50,2438.5,36168
2021-05-10 09:36:53,2438.95,36287
2021-05-10 09:36:56,2442.0,38103
2021-05-10 09:36:59,2440.75,38123
2021-05-10 09:37:03,2440.75,38123
2021-05-10 09:37:06,2440.8,38124
2021-05-10 09:37:09,2442.0,38158
2021-05-10 09:37:12,2442.0,38158
2021-05-10 09:37:15,2441.8,38174
2021-05-10 09:37:18,2440.8,38187
2021-05-10 09:37:21,2441.0,38192
2021-05-10 09:37:25,2441.0,38274
2021-05-10 09:37:28,2440.8,38309
2021-05-10 09:37:31,2440.8,38346
2021-05-10 09:37:35,2441.75,38497
2021-05-10 09:37:38,2440.8,38562
2021-05-10 09:37:41,2440.8,38576
2021-05-10 09:37:44,2440.0,38581
2021-05-10 09:37:48,2440.0,38584
2021-05-10 09:37:51,2440.7,38604
2021-05-10 09:37:54,2438.95,38610
2021-05-10 09:38:00,2438.95,38610
2021-05-10 09:38:03,2438.65,38625
2021-05-10 09:38:06,2438.65,38633
2021-05-10 09:38:09,2440.35,38694
2021-05-10 09:38:12,2440.15,38720
2021-05-10 09:38:15,2440.15,38720
2021-05-10 09:38:18,2438.2,38722
2021-05-10 09:38:22,2438.3,38783
2021-05-10 09:38:25,2438.55,38833
2021-05-10 09:38:28,2438.45,38841
2021-05-10 09:38:31,2438.45,38841
2021-05-10 09:38:34,2439.8,38845
2021-05-10 09:38:37,2439.8,38867
2021-05-10 09:38:40,2438.25,38918
2021-05-10 09:38:43,2438.25,38918
2021-05-10 09:38:46,2439.25,38928
2021-05-10 09:38:49,2438.25,38929
2021-05-10 09:38:52,2438.25,38945
2021-05-10 09:38:55,2438.0,38976
2021-05-10 09:38:59,2438.25,38983
2021-05-10 09:39:02,2439.0,38998
2021-05-10 09:39:05,2438.5,39011
2021-05-10 09:39:08,2437.9,39558
2021-05-10 09:39:11,2438.65,39858
2021-05-10 09:39:15,2438.6,39859
2021-05-10 09:39:18,2438.0,39870
2021-05-10 09:39:21,2436.9,39885
2021-05-10 09:39:24,2438.0,39895
2021-05-10 09:39:27,2436.9,39896
2021-05-10 09:39:30,2436.9,39898
2021-05-10 09:39:33,2436.9,39919
2021-05-10 09:39:36,2436.9,39931
2021-05-10 09:39:39,2436.35,39981
2021-05-10 09:39:42,2436.35,40021
2021-05-10 09:39:45,2436.35,40021
2021-05-10 09:39:48,2436.1,40032
2021-05-10 09:39:51,2437.9,40036
2021-05-10 09:39:54,2437.9,40037
2021-05-10 09:39:57,2437.0,40047
2021-05-10 09:40:00,2437.05,40081
2021-05-10 09:40:03,2436.0,40181
2021-05-10 09:40:07,2437.0,40183
2021-05-10 09:40:10,2436.0,40194
2021-05-10 09:40:13,2436.0,40238
2021-05-10 09:40:16,2436.0,40246
2021-05-10 09:40:19,2436.0,40246
2021-05-10 09:40:22,2436.0,40252
2021-05-10 09:40:25,2436.8,40253
2021-05-10 09:40:28,2436.8,40253
2021-05-10 09:40:31,2435.7,40629
2021-05-10 09:40:33,2435.7,40629
2021-05-10 09:40:36,2433.65,40642
2021-05-10 09:40:39,2435.05,40654
2021-05-10 09:40:42,2434.9,40869
2021-05-10 09:40:45,2433.0,40968
2021-05-10 09:40:48,2433.7,41029
2021-05-10 09:40:50,2433.7,41029
2021-05-10 09:40:53,2432.6,41056
2021-05-10 09:40:56,2433.7,41072
2021-05-10 09:40:59,2433.55,41100
2021-05-10 09:41:02,2434.8,41101
2021-05-10 09:41:05,2434.8,41101
2021-05-10 09:41:08,2433.6,41111
2021-05-10 09:41:11,2435.0,41141
2021-05-10 09:41:14,2434.8,41201
2021-05-10 09:41:17,2434.8,41201
2021-05-10 09:41:20,2433.65,41212
2021-05-10 09:41:23,2433.65,41212
2021-05-10 09:41:26,2433.95,41217
2021-05-10 09:41:29,2433.95,41217
2021-05-10 09:41:31,2433.95,41217
2021-05-10 09:41:34,2433.95,41217
2021-05-10 09:41:37,2435.0,41267
2021-05-10 09:41:39,2435.0,41287
2021-05-10 09:41:42,2434.0,41289
2021-05-10 09:41:45,2434.95,41294
2021-05-10 09:41:48,2434.95,41332
2021-05-10 09:41:51,2434.95,41332
2021-05-10 09:41:53,2435.0,41406
2021-05-10 09:41:57,2434.95,41449
2021-05-10 09:42:00,2435.0,41454
2021-05-10 09:42:03,2435.0,41454
2021-05-10 09:42:05,2435.0,41470
2021-05-10 09:42:08,2435.0,41470
2021-05-10 09:42:11,2433.9,41490
2021-05-10 09:42:13,2433.9,41505
2021-05-10 09:42:19,2434.0,41515
2021-05-10 09:42:21,2433.65,41528
2021-05-10 09:42:24,2433.55,41529
2021-05-10 09:42:27,2433.55,41542
2021-05-10 09:42:30,2432.8,41834
2021-05-10 09:42:33,2432.7,41867
2021-05-10 09:42:36,2432.5,41968
2021-05-10 09:42:39,2432.5,41968
2021-05-10 09:42:42,2432.8,41972
2021-05-10 09:42:46,2432.5,42018
2021-05-10 09:42:48,2432.5,42018
2021-05-10 09:42:51,2432.8,42019
2021-05-10 09:42:54,2432.5,42029
2021-05-10 09:42:57,2432.5,42029
2021-05-10 09:43:00,2432.5,42046
2021-05-10 09:43:04,2433.45,42098
2021-05-10 09:43:07,2432.8,42266
2021-05-10 09:43:09,2433.3,42268
2021-05-10 09:43:12,2433.3,42268
2021-05-10 09:43:15,2433.3,42268
2021-05-10 09:43:18,2431.55,42338
2021-05-10 09:43:21,2431.35,42371
2021-05-10 09:43:25,2431.55,42377
2021-05-10 09:43:28,2431.45,42585
2021-05-10 09:43:31,2431.45,42679
2021-05-10 09:43:34,2431.5,42685
2021-05-10 09:43:37,2431.5,42685
2021-05-10 09:43:40,2431.5,42685
2021-05-10 09:43:42,2431.5,42695
2021-05-10 09:43:45,2431.55,42895
2021-05-10 09:43:48,2431.55,42895
2021-05-10 09:43:54,2432.95,42907
2021-05-10 09:43:56,2431.7,42962
2021-05-10 09:43:59,2431.75,43033
2021-05-10 09:44:02,2433.0,43058
2021-05-10 09:44:05,2433.0,43058
2021-05-10 09:44:08,2433.0,43058
2021-05-10 09:44:11,2431.9,43059
2021-05-10 09:44:14,2431.9,43059
2021-05-10 09:44:17,2433.0,43069
2021-05-10 09:44:20,2431.9,43087
2021-05-10 09:44:23,2431.9,43087
2021-05-10 09:44:27,2431.9,43087
2021-05-10 09:44:30,2433.0,43140
2021-05-10 09:44:32,2433.0,43152
2021-05-10 09:44:35,2433.0,43172
2021-05-10 09:44:38,2433.0,43246
2021-05-10 09:44:41,2433.0,43246
2021-05-10 09:44:43,2433.0,43246
2021-05-10 09:44:46,2431.9,43248
2021-05-10 09:44:49,2433.0,43249
2021-05-10 09:44:52,2431.9,43251
2021-05-10 09:44:54,2431.9,43251
2021-05-10 09:44:57,2432.0,43252
2021-05-10 09:45:00,2431.9,43357
2021-05-10 09:45:03,2431.9,43357
2021-05-10 09:45:05,2431.9,43417
2021-05-10 09:45:08,2431.9,43417
2021-05-10 09:45:10,2432.0,43467
2021-05-10 09:45:14,2432.0,43478
2021-05-10 09:45:16,2433.0,43580
2021-05-10 09:45:20,2433.0,43580
2021-05-10 09:45:23,2433.0,43580
2021-05-10 09:45:25,2433.0,43580
2021-05-10 09:45:31,2432.2,43686
2021-05-10 09:45:34,2432.2,43686
2021-05-10 09:45:38,2432.95,43724
2021-05-10 09:45:40,2432.05,43728
2021-05-10 09:45:43,2432.05,43728
2021-05-10 09:45:46,2432.95,43733
2021-05-10 09:45:49,2432.95,43733
2021-05-10 09:45:51,2432.95,43733
2021-05-10 09:45:54,2432.95,43733
2021-05-10 09:45:56,2432.95,43733
2021-05-10 09:45:59,2432.95,43733
2021-05-10 09:46:02,2432.3,43746
2021-05-10 09:46:05,2433.0,43898
2021-05-10 09:46:07,2433.0,43898
2021-05-10 09:46:10,2434.0,44412
2021-05-10 09:46:13,2433.15,44462
2021-05-10 09:46:16,2433.15,44462
2021-05-10 09:46:19,2433.55,44485
2021-05-10 09:46:24,2433.6,44490
2021-05-10 09:46:26,2433.6,44490
2021-05-10 09:46:29,2435.0,44503
2021-05-10 09:46:32,2433.6,44516
2021-05-10 09:46:35,2433.6,44516
2021-05-10 09:46:37,2433.6,44516
2021-05-10 09:46:40,2433.6,44516
2021-05-10 09:46:42,2433.6,44516
2021-05-10 09:46:45,2435.0,44517
2021-05-10 09:46:48,2435.0,44517
2021-05-10 09:46:51,2435.5,44951
2021-05-10 09:46:54,2437.6,45018
2021-05-10 09:46:57,2437.6,45018
2021-05-10 09:47:00,2437.6,45018
2021-05-10 09:47:03,2435.8,45033
2021-05-10 09:47:06,2435.6,45036
2021-05-10 09:47:09,2435.6,45036
2021-05-10 09:47:12,2435.6,45036
2021-05-10 09:47:15,2436.75,45076
2021-05-10 09:47:19,2436.15,45077
2021-05-10 09:47:22,2435.55,45101
2021-05-10 09:47:25,2436.15,45102
2021-05-10 09:47:29,2436.75,45128
2021-05-10 09:47:31,2436.75,45132
2021-05-10 09:47:34,2437.0,45187
2021-05-10 09:47:37,2437.0,45187
2021-05-10 09:47:40,2435.55,45192
2021-05-10 09:47:43,2437.0,45200
2021-05-10 09:47:46,2437.0,45250
2021-05-10 09:47:49,2437.0,45269
2021-05-10 09:47:52,2437.0,45269
2021-05-10 09:47:55,2435.9,45283
2021-05-10 09:47:58,2437.0,45294
2021-05-10 09:48:01,2437.6,45321
2021-05-10 09:48:04,2436.75,45326
2021-05-10 09:48:08,2436.75,45328
2021-05-10 09:48:10,2436.1,45331
2021-05-10 09:48:13,2436.1,45331
2021-05-10 09:48:16,2436.75,45332
2021-05-10 09:48:18,2436.0,45348
2021-05-10 09:48:21,2436.0,45348
2021-05-10 09:48:24,2437.0,45387
2021-05-10 09:48:27,2436.0,45391
2021-05-10 09:48:32,2436.85,45407
2021-05-10 09:48:35,2436.85,45420
2021-05-10 09:48:38,2436.85,45420
2021-05-10 09:48:40,2436.85,45420
2021-05-10 09:48:43,2436.1,45434
2021-05-10 09:48:46,2436.1,45434
2021-05-10 09:48:48,2436.1,45434
2021-05-10 09:48:51,2436.1,45434
2021-05-10 09:48:54,2436.8,45436
2021-05-10 09:48:59,2436.1,45443
2021-05-10 09:49:02,2436.0,45490
2021-05-10 09:49:05,2436.0,45491
2021-05-10 09:49:07,2436.0,45492
2021-05-10 09:49:10,2436.05,45493
2021-05-10 09:49:13,2435.0,46095
2021-05-10 09:49:15,2434.5,46110
2021-05-10 09:49:18,2434.35,46254
2021-05-10 09:49:21,2434.35,46254
2021-05-10 09:49:24,2432.35,46278
2021-05-10 09:49:27,2432.35,46278
2021-05-10 09:49:29,2432.35,46278
2021-05-10 09:49:32,2432.3,46292
2021-05-10 09:49:35,2431.9,46470
2021-05-10 09:49:38,2431.9,46470
2021-05-10 09:49:41,2432.0,46532
2021-05-10 09:49:44,2432.0,46550
2021-05-10 09:49:47,2433.35,46652
2021-05-10 09:49:50,2432.0,46802
2021-05-10 09:49:53,2432.0,46811
2021-05-10 09:49:55,2432.0,46811
2021-05-10 09:49:58,2432.0,46823
2021-05-10 09:50:01,2433.15,46827
2021-05-10 09:50:04,2433.15,46827
2021-05-10 09:50:07,2433.15,46829
2021-05-10 09:50:10,2432.0,46837
2021-05-10 09:50:13,2432.0,46837
2021-05-10 09:50:15,2432.0,46837
2021-05-10 09:50:18,2433.0,46847
2021-05-10 09:50:21,2433.0,46923
2021-05-10 09:50:24,2433.0,46946
2021-05-10 09:50:27,2433.0,46946
2021-05-10 09:50:30,2433.0,46946
2021-05-10 09:50:32,2433.0,46966
2021-05-10 09:50:35,2433.0,46966
2021-05-10 09:50:40,2432.5,46978
2021-05-10 09:50:42,2432.5,46978
2021-05-10 09:50:45,2433.0,46980
2021-05-10 09:50:47,2433.0,46980
2021-05-10 09:50:50,2432.5,46981
2021-05-10 09:50:53,2432.5,46981
2021-05-10 09:50:56,2432.5,46983
2021-05-10 09:50:58,2432.5,46984
2021-05-10 09:51:01,2433.0,46985
2021-05-10 09:51:04,2432.5,47036
2021-05-10 09:51:09,2432.5,47333
2021-05-10 09:51:12,2432.5,47333
2021-05-10 09:51:15,2432.5,47333
2021-05-10 09:51:18,2432.5,47334
2021-05-10 09:51:21,2432.5,47351
2021-05-10 09:51:23,2433.2,47389
2021-05-10 09:51:26,2432.5,47395
2021-05-10 09:51:29,2432.5,47395
2021-05-10 09:51:31,2433.0,47396
2021-05-10 09:51:34,2433.0,47396
2021-05-10 09:51:37,2433.0,47396
2021-05-10 09:51:39,2432.5,47401
2021-05-10 09:51:42,2432.5,47451
2021-05-10 09:51:45,2432.5,47461
2021-05-10 09:51:50,2432.5,47474
2021-05-10 09:51:53,2433.0,47905
2021-05-10 09:51:58,2433.7,47912
2021-05-10 09:52:03,2433.7,47914
2021-05-10 09:52:06,2434.4,48044
2021-05-10 09:52:08,2434.15,48064
2021-05-10 09:52:11,2434.15,48064
2021-05-10 09:52:14,2434.15,48064
2021-05-10 09:52:16,2432.5,48414
2021-05-10 09:52:19,2432.5,48414
2021-05-10 09:52:22,2432.5,48414
2021-05-10 09:52:25,2432.5,48414
2021-05-10 09:52:28,2432.5,48414
2021-05-10 09:52:31,2432.5,48414
2021-05-10 09:52:33,2432.5,48414
2021-05-10 09:52:36,2433.9,48419
2021-05-10 09:52:38,2432.65,48433
2021-05-10 09:52:41,2432.65,48434
2021-05-10 09:52:43,2432.65,48434
2021-05-10 09:52:46,2432.65,48434
2021-05-10 09:52:49,2432.65,48434
2021-05-10 09:52:51,2432.65,48444
2021-05-10 09:52:54,2432.65,48444
2021-05-10 09:52:56,2432.5,48566
2021-05-10 09:52:59,2432.5,48576
2021-05-10 09:53:02,2433.3,48577
2021-05-10 09:53:05,2433.3,48587
2021-05-10 09:53:08,2432.5,48599
2021-05-10 09:53:11,2430.0,50303
2021-05-10 09:53:14,2428.0,51030
2021-05-10 09:53:17,2428.0,51030
2021-05-10 09:53:20,2428.0,51106
2021-05-10 09:53:23,2426.65,51141
2021-05-10 09:53:27,2427.8,51246
2021-05-10 09:53:30,2425.5,51292
2021-05-10 09:53:32,2427.15,51353
2021-05-10 09:53:35,2427.7,51355
2021-05-10 09:53:38,2427.9,51402
2021-05-10 09:53:41,2427.0,51436
2021-05-10 09:53:43,2427.0,51436
2021-05-10 09:53:46,2427.0,51442
2021-05-10 09:53:48,2427.0,51442
2021-05-10 09:53:51,2427.0,51442
2021-05-10 09:53:53,2427.0,51556
2021-05-10 09:53:56,2426.65,51726
2021-05-10 09:53:59,2427.9,51727
2021-05-10 09:54:02,2427.75,51834
2021-05-10 09:54:05,2427.75,51834
2021-05-10 09:54:08,2427.0,51836
2021-05-10 09:54:11,2427.4,51866
2021-05-10 09:54:14,2427.4,51866
2021-05-10 09:54:17,2426.2,51912
2021-05-10 09:54:20,2426.4,51916
2021-05-10 09:54:23,2426.2,51956
2021-05-10 09:54:25,2426.05,51997
2021-05-10 09:54:28,2426.05,51997
2021-05-10 09:54:31,2425.55,52010
2021-05-10 09:54:34,2425.65,52250
2021-05-10 09:54:36,2425.65,52250
2021-05-10 09:54:39,2426.4,52275
2021-05-10 09:54:42,2426.7,52298
2021-05-10 09:54:45,2426.7,52298
2021-05-10 09:54:48,2426.5,52318
2021-05-10 09:54:51,2425.5,52343
2021-05-10 09:54:54,2425.5,52345
2021-05-10 09:54:57,2425.5,52345
2021-05-10 09:55:02,2425.9,52464
2021-05-10 09:55:05,2425.9,52468
2021-05-10 09:55:08,2425.9,52468
2021-05-10 09:55:10,2425.5,52471
2021-05-10 09:55:13,2425.0,52484
2021-05-10 09:55:16,2425.0,52504
2021-05-10 09:55:19,2425.0,52509
2021-05-10 09:55:22,2425.05,52515
2021-05-10 09:55:27,2425.0,52575
2021-05-10 09:55:30,2425.5,52600
2021-05-10 09:55:33,2425.5,52611
2021-05-10 09:55:38,2425.45,52655
2021-05-10 09:55:40,2425.25,52900
2021-05-10 09:55:43,2425.25,52900
2021-05-10 09:55:46,2427.05,52962
2021-05-10 09:55:48,2427.05,52962
2021-05-10 09:55:51,2425.35,52971
2021-05-10 09:55:54,2425.35,52993
2021-05-10 09:55:56,2425.35,53082
2021-05-10 09:55:59,2426.4,53136
2021-05-10 09:56:02,2425.35,53139
2021-05-10 09:56:04,2425.2,53173
2021-05-10 09:56:07,2425.35,53176
2021-05-10 09:56:10,2425.35,53176
2021-05-10 09:56:13,2425.35,53176
2021-05-10 09:56:16,2425.3,53226
2021-05-10 09:56:19,2425.3,53226
2021-05-10 09:56:22,2425.5,53236
2021-05-10 09:56:25,2427.3,53237
2021-05-10 09:56:28,2427.3,53312
2021-05-10 09:56:31,2427.3,53312
2021-05-10 09:56:34,2427.55,53322
2021-05-10 09:56:36,2425.5,53327
2021-05-10 09:56:39,2425.5,53327
2021-05-10 09:56:42,2425.0,53352
2021-05-10 09:56:45,2425.5,53362
2021-05-10 09:56:48,2425.5,53362
2021-05-10 09:56:51,2425.5,53365
2021-05-10 09:56:54,2425.6,53420
2021-05-10 09:56:56,2425.75,53422
2021-05-10 09:56:59,2425.75,53422
2021-05-10 09:57:02,2425.8,53549
2021-05-10 09:57:05,2425.5,53649
2021-05-10 09:57:08,2425.8,53664
2021-05-10 09:57:10,2425.8,53732
2021-05-10 09:57:13,2427.7,53794
2021-05-10 09:57:15,2427.7,53794
2021-05-10 09:57:18,2427.7,53794
2021-05-10 09:57:21,2427.75,53799
2021-05-10 09:57:23,2427.75,53800
2021-05-10 09:57:26,2427.75,53800
2021-05-10 09:57:29,2427.75,53800
2021-05-10 09:57:31,2426.35,53803
2021-05-10 09:57:34,2426.35,53827
2021-05-10 09:57:36,2427.55,53834
2021-05-10 09:57:39,2427.55,53834
2021-05-10 09:57:41,2426.35,53848
2021-05-10 09:57:44,2426.35,53848
2021-05-10 09:57:47,2426.35,53849
2021-05-10 09:57:49,2426.35,53849
2021-05-10 09:57:51,2426.35,53849
2021-05-10 09:57:54,2426.35,53862
2021-05-10 09:57:57,2425.8,53912
2021-05-10 09:57:59,2426.35,53972
2021-05-10 09:58:02,2426.35,53972
2021-05-10 09:58:05,2427.0,53992
2021-05-10 09:58:07,2427.0,54032
2021-05-10 09:58:10,2425.9,54152
2021-05-10 09:58:13,2425.9,54152
2021-05-10 09:58:16,2425.9,54152
2021-05-10 09:58:19,2425.9,54152
2021-05-10 09:58:21,2427.45,54208
2021-05-10 09:58:24,2427.45,54208
2021-05-10 09:58:27,2427.45,54208
2021-05-10 09:58:29,2426.15,54214
2021-05-10 09:58:32,2426.15,54214
2021-05-10 09:58:34,2427.45,54219
2021-05-10 09:58:37,2427.0,54232
2021-05-10 09:58:39,2427.0,54232
2021-05-10 09:58:42,2427.3,54240
2021-05-10 09:58:44,2427.3,54245
2021-05-10 09:58:47,2427.3,54245
2021-05-10 09:58:49,2427.3,54245
2021-05-10 09:58:52,2427.0,54269
2021-05-10 09:58:55,2426.15,54276
2021-05-10 09:58:59,2425.9,54378
2021-05-10 09:59:05,2425.9,54378
2021-05-10 09:59:08,2425.9,54378
2021-05-10 09:59:10,2425.9,54378
2021-05-10 09:59:13,2426.25,54391
2021-05-10 09:59:15,2427.65,54401
2021-05-10 09:59:17,2426.25,54414
2021-05-10 09:59:20,2426.25,54414
2021-05-10 09:59:23,2426.25,54414
2021-05-10 09:59:25,2427.8,54415
2021-05-10 09:59:28,2427.8,54415
2021-05-10 09:59:30,2426.4,54427
2021-05-10 09:59:33,2426.4,54427
2021-05-10 09:59:35,2426.4,54427
2021-05-10 09:59:38,2426.4,54428
2021-05-10 09:59:40,2427.75,54438
2021-05-10 09:59:42,2426.4,54440
2021-05-10 09:59:45,2426.4,54440
2021-05-10 09:59:47,2427.75,54450
2021-05-10 09:59:50,2426.4,54460
2021-05-10 09:59:53,2427.95,54674
2021-05-10 09:59:56,2427.95,54674
2021-05-10 09:59:58,2427.95,54674
2021-05-10 10:00:00,2426.5,54709
2021-05-10 10:00:03,2427.75,54717
2021-05-10 10:00:06,2427.75,54717
2021-05-10 10:00:08,2427.75,54717
2021-05-10 10:00:11,2427.75,54727
2021-05-10 10:00:14,2427.75,54769
2021-05-10 10:00:16,2426.65,54784
2021-05-10 10:00:18,2426.65,54784
2021-05-10 10:00:21,2428.9,55172
2021-05-10 10:00:24,2428.8,55177
2021-05-10 10:00:26,2428.8,55177
2021-05-10 10:00:29,2428.8,55185
2021-05-10 10:00:32,2428.8,55197
2021-05-10 10:00:34,2428.8,55197
2021-05-10 10:00:37,2428.8,55197
2021-05-10 10:00:39,2430.0,55404
2021-05-10 10:00:42,2430.0,55404
2021-05-10 10:00:45,2430.0,55404
2021-05-10 10:00:47,2430.2,55504
2021-05-10 10:00:50,2431.85,55608
2021-05-10 10:00:55,2430.1,55641
2021-05-10 10:00:58,2431.95,55733
2021-05-10 10:01:00,2431.95,55733
2021-05-10 10:01:02,2430.55,55741
2021-05-10 10:01:05,2430.55,55744
2021-05-10 10:01:08,2430.55,55754
2021-05-10 10:01:11,2430.55,55754
2021-05-10 10:01:14,2431.95,55787
2021-05-10 10:01:17,2431.95,55787
2021-05-10 10:01:19,2431.95,55792
2021-05-10 10:01:21,2431.95,55792
2021-05-10 10:01:24,2431.95,55792
2021-05-10 10:01:26,2431.95,55809
2021-05-10 10:01:29,2431.0,55819
2021-05-10 10:01:31,2431.0,55819
2021-05-10 10:01:33,2431.0,55819
2021-05-10 10:01:35,2431.0,55830
2021-05-10 10:01:37,2431.95,55865
2021-05-10 10:01:39,2431.95,55865
2021-05-10 10:01:41,2431.95,55865
2021-05-10 10:01:44,2431.95,55865
2021-05-10 10:01:49,2432.0,55971
2021-05-10 10:01:51,2432.0,55971
2021-05-10 10:01:55,2432.4,56048
2021-05-10 10:01:58,2431.25,56053
2021-05-10 10:02:00,2431.25,56065
2021-05-10 10:02:03,2431.25,56065
2021-05-10 10:02:05,2431.25,56065
2021-05-10 10:02:07,2431.15,56075
2021-05-10 10:02:10,2432.4,56125
2021-05-10 10:02:12,2432.4,56125
2021-05-10 10:02:15,2432.4,56125
2021-05-10 10:02:17,2431.25,56150
2021-05-10 10:02:20,2431.25,56164
2021-05-10 10:02:22,2432.4,56174
2021-05-10 10:02:25,2432.4,56174
2021-05-10 10:02:28,2432.4,56174
2021-05-10 10:02:30,2432.4,56190
2021-05-10 10:02:32,2432.4,56190
2021-05-10 10:02:37,2431.2,56191
2021-05-10 10:02:42,2432.55,56354
2021-05-10 10:02:47,2434.5,56446
2021-05-10 10:02:49,2432.7,56447
2021-05-10 10:02:52,2432.7,56447
2021-05-10 10:02:54,2432.7,56447
2021-05-10 10:02:56,2434.15,56453
2021-05-10 10:02:59,2434.35,56553
2021-05-10 10:03:01,2432.8,56603
2021-05-10 10:03:03,2433.0,56614
2021-05-10 10:03:05,2433.0,56614
2021-05-10 10:03:08,2433.0,56614
2021-05-10 10:03:10,2433.0,56621
2021-05-10 10:03:12,2433.0,56621
2021-05-10 10:03:15,2433.0,56653
2021-05-10 10:03:18,2433.0,56653
2021-05-10 10:03:22,2433.25,56657
2021-05-10 10:03:24,2433.25,56657
2021-05-10 10:03:26,2434.0,56659
2021-05-10 10:03:28,2434.0,56660
2021-05-10 10:03:31,2433.25,56678
2021-05-10 10:03:34,2433.25,56678
2021-05-10 10:03:38,2433.45,56683
2021-05-10 10:03:41,2433.35,56733
2021-05-10 10:03:44,2433.35,56733
2021-05-10 10:03:46,2433.35,56733
2021-05-10 10:03:49,2434.7,57004
2021-05-10 10:03:52,2434.7,57004
2021-05-10 10:03:54,2434.7,57004
2021-05-10 10:03:57,2434.8,57118
2021-05-10 10:03:59,2434.8,57119
2021-05-10 10:04:02,2434.05,57132
2021-05-10 10:04:05,2434.05,57132
2021-05-10 10:04:10,2435.0,57142
2021-05-10 10:04:12,2434.15,57147
2021-05-10 10:04:15,2434.15,57160
2021-05-10 10:04:18,2434.15,57162
2021-05-10 10:04:20,2434.15,57162
2021-05-10 10:04:22,2434.15,57162
2021-05-10 10:04:25,2434.15,57162
2021-05-10 10:04:27,2434.15,57162
2021-05-10 10:04:30,2434.15,57163
2021-05-10 10:04:32,2434.2,57175
2021-05-10 10:04:35,2436.6,57532
2021-05-10 10:04:37,2436.6,57532
2021-05-10 10:04:39,2434.85,57562
2021-05-10 10:04:41,2436.0,57583
2021-05-10 10:04:44,2434.85,57593
2021-05-10 10:04:46,2434.85,57593
2021-05-10 10:04:48,2434.85,57593
2021-05-10 10:04:50,2434.8,57613
2021-05-10 10:04:53,2434.8,57614
2021-05-10 10:04:56,2434.8,57614
2021-05-10 10:04:58,2436.0,57624
2021-05-10 10:05:03,2434.8,57638
2021-05-10 10:05:06,2434.8,57638
2021-05-10 10:05:08,2434.8,57652
2021-05-10 10:05:11,2434.8,57652
2021-05-10 10:05:13,2435.0,57654
2021-05-10 10:05:15,2434.8,57714
2021-05-10 10:05:17,2434.8,57714
2021-05-10 10:05:20,2434.8,57724
2021-05-10 10:05:22,2435.7,57725
2021-05-10 10:05:25,2434.8,57729
2021-05-10 10:05:28,2434.8,57729
2021-05-10 10:05:31,2434.8,57729
2021-05-10 10:05:33,2434.8,57729
2021-05-10 10:05:35,2435.0,57746
2021-05-10 10:05:38,2435.0,57767
2021-05-10 10:05:40,2435.0,57776
2021-05-10 10:05:43,2435.0,57776
2021-05-10 10:05:46,2435.0,57777
2021-05-10 10:05:48,2435.0,57777
2021-05-10 10:05:51,2435.0,57832
2021-05-10 10:05:53,2435.0,57844
2021-05-10 10:05:56,2435.0,57844
2021-05-10 10:05:58,2435.85,58031
2021-05-10 10:06:01,2435.85,58031
2021-05-10 10:06:04,2435.85,58031
2021-05-10 10:06:06,2435.85,58031
2021-05-10 10:06:08,2435.0,58051
2021-05-10 10:06:11,2435.0,58051
2021-05-10 10:06:13,2435.0,58061
2021-05-10 10:06:15,2435.0,58091
2021-05-10 10:06:18,2434.3,58096
2021-05-10 10:06:20,2435.0,58106
2021-05-10 10:06:23,2435.0,58106
2021-05-10 10:06:25,2434.3,58118
2021-05-10 10:06:28,2434.3,58118
2021-05-10 10:06:31,2435.0,58159
2021-05-10 10:06:33,2435.0,58159
2021-05-10 10:06:36,2434.25,58172
2021-05-10 10:06:38,2434.25,58172
2021-05-10 10:06:41,2435.0,58174
2021-05-10 10:06:43,2435.0,58174
2021-05-10 10:06:45,2435.0,58174
2021-05-10 10:06:50,2435.0,58175
2021-05-10 10:06:53,2435.0,58175
2021-05-10 10:06:55,2434.9,58193
2021-05-10 10:06:58,2434.15,58205
2021-05-10 10:07:01,2434.15,58205
2021-05-10 10:07:04,2434.15,58205
2021-05-10 10:07:06,2434.0,58405
2021-05-10 10:07:09,2434.9,58425
2021-05-10 10:07:12,2434.9,58425
2021-05-10 10:07:14,2433.8,58530
2021-05-10 10:07:17,2433.8,58530
2021-05-10 10:07:22,2433.5,58703
2021-05-10 10:07:25,2433.5,58703
2021-05-10 10:07:27,2434.0,58704
2021-05-10 10:07:30,2434.9,58724
2021-05-10 10:07:32,2434.9,58729
2021-05-10 10:07:34,2434.9,58729
2021-05-10 10:07:39,2434.9,58729
2021-05-10 10:07:41,2434.9,58729
2021-05-10 10:07:44,2434.0,58769
2021-05-10 10:07:46,2434.0,58779
2021-05-10 10:07:48,2434.0,58896
2021-05-10 10:07:51,2434.0,58896
2021-05-10 10:07:53,2433.4,58906
2021-05-10 10:07:55,2433.4,58906
2021-05-10 10:07:58,2433.8,58908
2021-05-10 10:08:01,2433.35,58929
2021-05-10 10:08:06,2433.05,59129
2021-05-10 10:08:08,2433.05,59129
2021-05-10 10:08:11,2433.4,59134
2021-05-10 10:08:14,2433.05,59259
2021-05-10 10:08:16,2433.05,59260
2021-05-10 10:08:19,2433.05,59273
2021-05-10 10:08:22,2433.05,59273
2021-05-10 10:08:24,2433.05,59273
2021-05-10 10:08:26,2433.05,59273
2021-05-10 10:08:28,2433.05,59273
2021-05-10 10:08:31,2433.1,59278
2021-05-10 10:08:33,2433.1,59279
2021-05-10 10:08:35,2434.0,59284
2021-05-10 10:08:37,2433.1,59309
2021-05-10 10:08:39,2434.0,59312
2021-05-10 10:08:42,2433.05,59325
2021-05-10 10:08:45,2433.05,59335
2021-05-10 10:08:47,2433.05,59335
2021-05-10 10:08:50,2433.05,59335
2021-05-10 10:08:52,2432.9,59435
2021-05-10 10:08:54,2432.9,59435
2021-05-10 10:08:57,2434.0,59441
2021-05-10 10:09:00,2432.8,59448
2021-05-10 10:09:02,2432.8,59448
2021-05-10 10:09:04,2432.8,59448
2021-05-10 10:09:07,2432.8,59448
2021-05-10 10:09:09,2434.0,59509
2021-05-10 10:09:11,2434.0,59509
2021-05-10 10:09:14,2434.0,59509
2021-05-10 10:09:16,2432.8,59522
2021-05-10 10:09:19,2432.8,59522
2021-05-10 10:09:21,2432.8,59522
2021-05-10 10:09:23,2432.8,59522
2021-05-10 10:09:25,2432.8,59522
2021-05-10 10:09:28,2432.8,59522
2021-05-10 10:09:30,2432.8,59522
2021-05-10 10:09:32,2432.8,59522
2021-05-10 10:09:35,2432.8,59627
2021-05-10 10:09:37,2432.8,59627
2021-05-10 10:09:39,2433.9,59642
2021-05-10 10:09:41,2433.9,59642
2021-05-10 10:09:43,2433.9,59642
2021-05-10 10:09:45,2432.8,59652
2021-05-10 10:09:48,2432.8,59667
2021-05-10 10:09:51,2432.85,59708
2021-05-10 10:09:53,2432.85,59708
2021-05-10 10:09:54,2432.85,59720
2021-05-10 10:09:57,2432.85,59720
2021-05-10 10:09:59,2432.85,59720
2021-05-10 10:10:01,2432.85,59770
2021-05-10 10:10:03,2432.85,59770
2021-05-10 10:10:05,2432.85,59770
2021-05-10 10:10:07,2432.85,59770
2021-05-10 10:10:09,2432.85,59770
2021-05-10 10:10:11,2433.7,59771
2021-05-10 10:10:13,2433.7,59771
2021-05-10 10:10:16,2433.7,59771
2021-05-10 10:10:18,2433.7,59800
2021-05-10 10:10:21,2433.7,59800
2021-05-10 10:10:24,2433.7,59800
2021-05-10 10:10:26,2433.7,59871
2021-05-10 10:10:34,2432.9,59900
2021-05-10 10:10:36,2432.9,59919
2021-05-10 10:10:39,2432.8,59938
2021-05-10 10:10:41,2432.8,59938
2021-05-10 10:10:44,2432.8,59938
2021-05-10 10:10:46,2432.8,59938
2021-05-10 10:10:48,2432.8,59938
2021-05-10 10:10:51,2432.8,59947
2021-05-10 10:10:53,2432.8,59947
2021-05-10 10:10:55,2432.8,59947
2021-05-10 10:10:57,2432.0,59952
2021-05-10 10:11:00,2431.2,59964
2021-05-10 10:11:03,2431.5,61019
2021-05-10 10:11:06,2431.5,61019
2021-05-10 10:11:09,2431.55,61031
2021-05-10 10:11:12,2431.55,61031
2021-05-10 10:11:16,2431.55,61031
2021-05-10 10:11:18,2431.6,61043
2021-05-10 10:11:21,2431.6,61043
2021-05-10 10:11:23,2431.6,61043
2021-05-10 10:11:26,2431.7,61056
2021-05-10 10:11:28,2431.7,61066
2021-05-10 10:11:31,2431.7,61075
2021-05-10 10:11:33,2431.7,61092
2021-05-10 10:11:36,2433.0,61192
2021-05-10 10:11:38,2433.0,61192
2021-05-10 10:11:40,2431.85,61197
2021-05-10 10:11:42,2431.85,61197
2021-05-10 10:11:44,2433.0,61216
2021-05-10 10:11:49,2433.0,61226
2021-05-10 10:11:51,2433.0,61239
2021-05-10 10:11:54,2431.9,61254
2021-05-10 10:11:56,2431.9,61257
2021-05-10 10:11:58,2431.8,61269
2021-05-10 10:12:01,2431.8,61271
2021-05-10 10:12:04,2431.5,61280
2021-05-10 10:12:06,2431.5,61283
2021-05-10 10:12:08,2431.5,61324
2021-05-10 10:12:11,2431.5,61338
2021-05-10 10:12:13,2431.5,61365
2021-05-10 10:12:16,2431.5,61370
2021-05-10 10:12:18,2431.5,61372
2021-05-10 10:12:21,2431.5,61421
2021-05-10 10:12:23,2431.8,61446
2021-05-10 10:12:26,2431.8,61446
2021-05-10 10:12:28,2431.8,61446
2021-05-10 10:12:30,2431.8,61448
2021-05-10 10:12:36,2431.85,61497
2021-05-10 10:12:39,2431.85,61500
2021-05-10 10:12:41,2431.85,61500
2021-05-10 10:12:43,2431.85,61500
2021-05-10 10:12:45,2431.9,61507
2021-05-10 10:12:48,2431.9,61507
2021-05-10 10:12:51,2431.9,61519
2021-05-10 10:12:55,2432.0,61531
2021-05-10 10:12:58,2433.0,61579
2021-05-10 10:13:00,2433.0,61579
2021-05-10 10:13:02,2432.0,61599
2021-05-10 10:13:05,2432.0,61603
2021-05-10 10:13:07,2432.0,61603
2021-05-10 10:13:09,2432.0,61605
2021-05-10 10:13:11,2432.0,61610
2021-05-10 10:13:13,2433.0,61630
2021-05-10 10:13:15,2432.0,61631
2021-05-10 10:13:18,2432.0,61631
2021-05-10 10:13:20,2432.0,61638
2021-05-10 10:13:23,2432.0,61653
2021-05-10 10:13:25,2432.0,61658
2021-05-10 10:13:28,2432.0,61663
2021-05-10 10:13:30,2431.8,61689
2021-05-10 10:13:33,2431.8,61692
2021-05-10 10:13:35,2431.0,62321
2021-05-10 10:13:38,2431.8,62335
2021-05-10 10:13:41,2430.75,62340
2021-05-10 10:13:46,2431.75,62375
2021-05-10 10:13:48,2431.7,62400
2021-05-10 10:13:52,2431.7,62405
2021-05-10 10:13:55,2430.75,62409
2021-05-10 10:13:57,2430.75,62419
2021-05-10 10:13:59,2430.75,62419
2021-05-10 10:14:02,2431.55,62422
2021-05-10 10:14:04,2431.55,62422
2021-05-10 10:14:07,2431.55,62422
2021-05-10 10:14:09,2431.5,62426
2021-05-10 10:14:11,2431.5,62426
2021-05-10 10:14:14,2431.5,62426
2021-05-10 10:14:16,2431.5,62427
2021-05-10 10:14:19,2431.5,62427
2021-05-10 10:14:21,2430.75,62444
2021-05-10 10:14:23,2430.75,62444
2021-05-10 10:14:25,2431.45,62459
2021-05-10 10:14:28,2431.45,62459
2021-05-10 10:14:30,2430.75,62485
2021-05-10 10:14:32,2430.75,62485
2021-05-10 10:14:35,2430.75,62499
2021-05-10 10:14:37,2431.4,62509
2021-05-10 10:14:40,2431.4,62509
2021-05-10 10:14:42,2430.1,62519
2021-05-10 10:14:45,2430.1,62519
2021-05-10 10:14:47,2430.1,62519
2021-05-10 10:14:50,2430.1,62519
2021-05-10 10:14:53,2430.0,62732
2021-05-10 10:14:55,2430.0,62762
2021-05-10 10:14:58,2430.0,62762
2021-05-10 10:15:00,2430.0,62762
2021-05-10 10:15:03,2430.0,62762
2021-05-10 10:15:05,2430.0,62764
2021-05-10 10:15:08,2430.65,62765
2021-05-10 10:15:10,2430.65,62765
2021-05-10 10:15:13,2430.65,62765
2021-05-10 10:15:15,2430.0,62788
2021-05-10 10:15:17,2430.0,62788
2021-05-10 10:15:20,2430.4,62800
2021-05-10 10:15:23,2428.75,63488
2021-05-10 10:15:25,2428.75,63488
2021-05-10 10:15:28,2428.75,63488
2021-05-10 10:15:30,2428.75,63488
2021-05-10 10:15:32,2429.2,63492
2021-05-10 10:15:37,2429.15,63504
2021-05-10 10:15:40,2428.8,63522
2021-05-10 10:15:42,2428.8,63522
2021-05-10 10:15:44,2428.8,63528
2021-05-10 10:15:47,2428.75,63578
2021-05-10 10:15:49,2428.75,63581
2021-05-10 10:15:52,2429.85,63613
2021-05-10 10:15:55,2428.6,63618
2021-05-10 10:15:58,2428.65,63658
2021-05-10 10:16:00,2428.8,63671
2021-05-10 10:16:03,2428.8,63671
2021-05-10 10:16:05,2430.0,63721
2021-05-10 10:16:08,2430.0,63721
2021-05-10 10:16:10,2428.95,63771
2021-05-10 10:16:12,2429.9,63911
2021-05-10 10:16:15,2429.9,63911
2021-05-10 10:16:17,2429.9,63911
2021-05-10 10:16:19,2429.9,63911
2021-05-10 10:16:21,2429.4,63925
2021-05-10 10:16:26,2429.1,63927
2021-05-10 10:16:28,2429.1,63932
2021-05-10 10:16:30,2429.1,63952
2021-05-10 10:16:32,2429.1,63962
2021-05-10 10:16:34,2429.1,63962
2021-05-10 10:16:36,2429.1,63962
2021-05-10 10:16:38,2429.1,63975
2021-05-10 10:16:40,2429.1,63985
2021-05-10 10:16:42,2430.4,64135
2021-05-10 10:16:44,2429.15,64186
2021-05-10 10:16:46,2430.4,64211
2021-05-10 10:16:48,2430.4,64211
2021-05-10 10:16:50,2430.4,64211
2021-05-10 10:16:52,2430.0,64223
2021-05-10 10:16:53,2430.0,64223
2021-05-10 10:16:55,2429.2,64285
2021-05-10 10:16:57,2429.2,64285
2021-05-10 10:16:59,2429.2,64285
2021-05-10 10:17:01,2429.3,64306
2021-05-10 10:17:04,2429.35,64324
2021-05-10 10:17:07,2429.35,64324
2021-05-10 10:17:09,2429.5,64334
2021-05-10 10:17:11,2422.2,69772
2021-05-10 10:17:14,2423.0,69812
2021-05-10 10:17:17,2423.75,69919
2021-05-10 10:17:19,2423.75,69919
2021-05-10 10:17:21,2421.9,70080
2021-05-10 10:17:24,2424.5,70159
2021-05-10 10:17:26,2424.5,70159
2021-05-10 10:17:29,2424.7,70277
2021-05-10 10:17:31,2424.75,70328
2021-05-10 10:17:33,2425.25,70417
2021-05-10 10:17:36,2425.4,70418
2021-05-10 10:17:38,2426.0,70439
2021-05-10 10:17:41,2426.0,70440
2021-05-10 10:17:43,2424.5,70523
2021-05-10 10:17:46,2425.0,70548
2021-05-10 10:17:48,2425.0,70548
2021-05-10 10:17:50,2425.0,70548
2021-05-10 10:17:52,2425.0,70548
2021-05-10 10:17:54,2425.0,70588
2021-05-10 10:17:57,2425.0,70592
2021-05-10 10:17:59,2425.0,70592
2021-05-10 10:18:01,2425.0,70616
2021-05-10 10:18:03,2425.95,70664
2021-05-10 10:18:05,2425.95,70664
2021-05-10 10:18:07,2426.0,70666
2021-05-10 10:18:09,2425.75,70668
2021-05-10 10:18:11,2426.0,70676
2021-05-10 10:18:13,2426.0,70676
2021-05-10 10:18:15,2425.75,70715
2021-05-10 10:18:16,2425.0,70732
2021-05-10 10:18:17,2425.0,70758
2021-05-10 10:18:18,2424.5,70781
2021-05-10 10:18:19,2424.5,70781
2021-05-10 10:18:20,2425.3,70832
2021-05-10 10:18:21,2424.5,71167
2021-05-10 10:18:22,2424.5,71167
2021-05-10 10:18:23,2424.5,71168
2021-05-10 10:18:24,2424.5,71169
2021-05-10 10:18:25,2424.5,71175
2021-05-10 10:18:26,2424.0,71177
2021-05-10 10:18:27,2424.0,71177
2021-05-10 10:18:29,2424.0,71177
2021-05-10 10:18:29,2424.5,71194
2021-05-10 10:18:30,2424.5,71194
2021-05-10 10:18:31,2424.5,71194
2021-05-10 10:18:32,2424.9,71210
2021-05-10 10:18:34,2424.9,71210
2021-05-10 10:18:35,2424.0,71262
2021-05-10 10:18:36,2424.0,71262
2021-05-10 10:18:37,2424.0,71262
2021-05-10 10:18:37,2424.0,71276
2021-05-10 10:18:38,2423.1,71306
2021-05-10 10:18:39,2423.1,71307
2021-05-10 10:18:40,2423.1,71307
2021-05-10 10:18:42,2423.1,71307
2021-05-10 10:18:42,2423.15,71308
2021-05-10 10:18:43,2424.0,71313
2021-05-10 10:18:44,2424.0,71313
2021-05-10 10:18:45,2424.0,71313
2021-05-10 10:18:48,2424.0,71313
2021-05-10 10:18:49,2424.0,71313
2021-05-10 10:18:50,2424.0,71313
2021-05-10 10:18:51,2423.15,71326
2021-05-10 10:18:52,2423.15,71326
2021-05-10 10:18:54,2423.15,71326
2021-05-10 10:18:53,2423.15,71326
2021-05-10 10:18:55,2423.15,71326
2021-05-10 10:18:56,2423.15,71326
2021-05-10 10:18:56,2423.15,71326
2021-05-10 10:18:57,2423.15,71326
2021-05-10 10:18:58,2423.15,71326
2021-05-10 10:18:59,2423.15,71326
2021-05-10 10:19:00,2423.15,71326
2021-05-10 10:19:01,2423.15,71326
2021-05-10 10:19:02,2423.15,71326
2021-05-10 10:19:03,2423.15,71326
2021-05-10 10:19:04,2423.15,71326
2021-05-10 10:19:05,2423.15,71342
2021-05-10 10:19:06,2423.15,71357
2021-05-10 10:19:08,2423.15,71357
2021-05-10 10:19:09,2423.15,71357
2021-05-10 10:19:10,2423.15,71457
2021-05-10 10:19:11,2423.15,71457
2021-05-10 10:19:12,2423.2,71469
2021-05-10 10:19:12,2423.2,71469
2021-05-10 10:19:13,2423.2,71469
2021-05-10 10:19:14,2423.75,71471
2021-05-10 10:19:15,2423.75,71471
2021-05-10 10:19:16,2423.75,71471
2021-05-10 10:19:19,2423.75,71471
2021-05-10 10:19:20,2423.75,71471
2021-05-10 10:19:22,2423.0,71929
2021-05-10 10:19:23,2423.0,71973
2021-05-10 10:19:24,2423.75,71975
2021-05-10 10:19:25,2423.75,71975
2021-05-10 10:19:25,2423.75,71975
2021-05-10 10:19:27,2423.75,71975
2021-05-10 10:19:28,2423.3,71979
2021-05-10 10:19:29,2423.3,71979
2021-05-10 10:19:30,2423.3,71979
2021-05-10 10:19:32,2423.75,71980
2021-05-10 10:19:33,2423.4,72050
2021-05-10 10:19:36,2423.4,72063
2021-05-10 10:19:37,2423.4,72063
2021-05-10 10:19:39,2423.3,72138
2021-05-10 10:19:40,2423.3,72138
2021-05-10 10:19:41,2423.2,72158
2021-05-10 10:19:42,2423.2,72158
2021-05-10 10:19:43,2423.2,72158
2021-05-10 10:19:45,2423.3,72178
2021-05-10 10:19:45,2423.3,72178
2021-05-10 10:19:47,2423.3,72178
2021-05-10 10:19:46,2423.3,72178
2021-05-10 10:19:48,2423.9,72188
2021-05-10 10:19:50,2423.9,72188
2021-05-10 10:19:50,2423.9,72188
2021-05-10 10:19:51,2423.9,72204
2021-05-10 10:19:52,2423.9,72204
2021-05-10 10:19:53,2423.9,72204
2021-05-10 10:19:55,2423.9,72204
2021-05-10 10:19:56,2423.9,72204
2021-05-10 10:19:57,2423.9,72214
2021-05-10 10:19:58,2423.9,72214
2021-05-10 10:19:59,2424.0,72604
2021-05-10 10:20:00,2423.9,72606
2021-05-10 10:20:01,2423.9,72615
2021-05-10 10:20:02,2423.9,72615
2021-05-10 10:20:03,2424.0,72617
2021-05-10 10:20:04,2424.0,72617
2021-05-10 10:20:05,2424.0,72617
2021-05-10 10:20:06,2424.0,72647
2021-05-10 10:20:07,2423.9,72649
2021-05-10 10:20:07,2423.9,72649
2021-05-10 10:20:09,2424.0,72653
2021-05-10 10:20:10,2423.9,72658
2021-05-10 10:20:11,2424.0,72664
2021-05-10 10:20:12,2424.0,72664
2021-05-10 10:20:14,2424.0,72664
2021-05-10 10:20:15,2424.0,72664
2021-05-10 10:20:17,2424.0,72674
2021-05-10 10:20:18,2424.0,72674
2021-05-10 10:20:19,2424.0,72675
2021-05-10 10:20:20,2424.0,72675
2021-05-10 10:20:21,2424.0,72675
2021-05-10 10:20:22,2423.9,72687
2021-05-10 10:20:23,2423.9,72687
2021-05-10 10:20:24,2424.0,72733
2021-05-10 10:20:26,2424.0,72733
2021-05-10 10:20:27,2424.0,72743
2021-05-10 10:20:28,2424.0,72840
2021-05-10 10:20:29,2424.0,72840
2021-05-10 10:20:30,2424.7,72850
2021-05-10 10:20:31,2423.9,72880
2021-05-10 10:20:31,2423.5,72887
2021-05-10 10:20:32,2424.0,72899
2021-05-10 10:20:34,2423.2,72931
2021-05-10 10:20:35,2423.15,72942
2021-05-10 10:20:37,2423.15,72942
2021-05-10 10:20:38,2423.15,72942
2021-05-10 10:20:38,2423.15,72942
2021-05-10 10:20:40,2423.15,72942
2021-05-10 10:20:41,2423.15,72942
2021-05-10 10:20:42,2423.15,72942
2021-05-10 10:20:43,2423.4,72945
2021-05-10 10:20:44,2423.1,72985
2021-05-10 10:20:45,2423.1,72985
2021-05-10 10:20:46,2423.1,72985
2021-05-10 10:20:46,2423.15,72988
2021-05-10 10:20:47,2423.15,72988
2021-05-10 10:20:49,2423.15,72988
2021-05-10 10:20:49,2423.15,72988
2021-05-10 10:20:51,2423.15,72988
2021-05-10 10:20:52,2423.15,72988
2021-05-10 10:20:53,2423.15,72988
2021-05-10 10:20:54,2423.15,73000
2021-05-10 10:20:55,2423.15,73046
2021-05-10 10:20:56,2423.15,73046
2021-05-10 10:20:57,2423.15,73046
2021-05-10 10:20:58,2423.15,73046
2021-05-10 10:20:59,2423.0,73048
2021-05-10 10:21:01,2423.0,73048
2021-05-10 10:21:02,2423.15,73053
2021-05-10 10:21:03,2423.0,73155
2021-05-10 10:21:04,2423.0,73155
2021-05-10 10:21:05,2423.0,73155
2021-05-10 10:21:06,2423.0,73186
2021-05-10 10:21:07,2423.15,73187
2021-05-10 10:21:09,2423.0,73258
2021-05-10 10:21:10,2423.0,73263
2021-05-10 10:21:12,2423.15,73283
2021-05-10 10:21:12,2423.0,73481
2021-05-10 10:21:13,2422.65,73501
2021-05-10 10:21:14,2423.15,73502
2021-05-10 10:21:16,2423.15,73502
2021-05-10 10:21:17,2423.15,73502
2021-05-10 10:21:18,2423.15,73502
2021-05-10 10:21:20,2423.15,73505
2021-05-10 10:21:21,2423.15,73505
2021-05-10 10:21:22,2422.65,73518
2021-05-10 10:21:22,2422.65,73518
2021-05-10 10:21:23,2422.65,73518
2021-05-10 10:21:24,2423.15,73519
2021-05-10 10:21:25,2423.15,73519
2021-05-10 10:21:26,2423.15,73519
2021-05-10 10:21:27,2423.15,73519
2021-05-10 10:21:29,2423.15,73519
2021-05-10 10:21:30,2423.15,73520
2021-05-10 10:21:30,2423.15,73520
2021-05-10 10:21:31,2423.15,73526
2021-05-10 10:21:32,2422.3,73539
2021-05-10 10:21:34,2422.3,73539
2021-05-10 10:21:35,2422.3,73569
2021-05-10 10:21:36,2422.3,73569
2021-05-10 10:21:37,2423.15,73629
2021-05-10 10:21:38,2422.35,73630
2021-05-10 10:21:39,2422.35,73630
2021-05-10 10:21:40,2423.15,73640
2021-05-10 10:21:41,2422.35,73699
2021-05-10 10:21:42,2422.35,73699
2021-05-10 10:21:43,2422.35,73699
2021-05-10 10:21:44,2422.35,73699
2021-05-10 10:21:45,2422.35,73699
2021-05-10 10:21:47,2422.35,73699
2021-05-10 10:21:48,2423.15,73709
2021-05-10 10:21:49,2423.15,73709
2021-05-10 10:21:50,2423.15,73709
2021-05-10 10:21:51,2422.45,73729
2021-05-10 10:21:52,2422.45,73729
2021-05-10 10:21:53,2422.45,73729
2021-05-10 10:21:54,2422.45,73729
2021-05-10 10:21:55,2423.15,73739
2021-05-10 10:21:56,2423.15,73739
2021-05-10 10:21:57,2423.15,73739
2021-05-10 10:21:58,2423.15,73739
2021-05-10 10:21:59,2423.15,73749
2021-05-10 10:22:00,2423.15,73751
2021-05-10 10:22:01,2423.15,73751
2021-05-10 10:22:02,2422.55,73775
2021-05-10 10:22:03,2422.55,73775
2021-05-10 10:22:04,2423.8,73780
2021-05-10 10:22:05,2423.8,73780
2021-05-10 10:22:06,2423.8,73780
2021-05-10 10:22:07,2423.8,73780
2021-05-10 10:22:08,2423.8,73798
2021-05-10 10:22:09,2423.8,73798
2021-05-10 10:22:10,2423.8,73798
2021-05-10 10:22:11,2422.6,73801
2021-05-10 10:22:12,2422.6,73802
2021-05-10 10:22:13,2423.8,73803
2021-05-10 10:22:15,2424.0,73818
2021-05-10 10:22:14,2422.6,73815
2021-05-10 10:22:16,2424.0,73818
2021-05-10 10:22:17,2424.0,73818
2021-05-10 10:22:18,2424.0,73818
2021-05-10 10:22:20,2423.8,73822
2021-05-10 10:22:19,2423.8,73820
2021-05-10 10:22:21,2424.25,73828
2021-05-10 10:22:22,2424.25,73828
2021-05-10 10:22:23,2424.0,73836
2021-05-10 10:22:24,2424.0,73836
2021-05-10 10:22:25,2424.4,73919
2021-05-10 10:22:26,2424.4,73919
2021-05-10 10:22:27,2424.4,73919
2021-05-10 10:22:28,2424.4,73919
2021-05-10 10:22:29,2424.4,73919
2021-05-10 10:22:30,2424.4,73919
2021-05-10 10:22:32,2422.85,73921
2021-05-10 10:22:31,2424.4,73919
2021-05-10 10:22:33,2422.85,73924
2021-05-10 10:22:34,2422.85,73926
2021-05-10 10:22:35,2423.55,73951
2021-05-10 10:22:36,2423.75,73988
2021-05-10 10:22:38,2422.85,73989
2021-05-10 10:22:40,2422.85,73989
2021-05-10 10:22:41,2422.85,74021
2021-05-10 10:22:42,2422.85,74021
2021-05-10 10:22:43,2422.85,74021
2021-05-10 10:22:44,2422.85,74021
2021-05-10 10:22:45,2422.85,74021
2021-05-10 10:22:46,2422.85,74021
2021-05-10 10:22:47,2422.85,74021
2021-05-10 10:22:48,2422.85,74021
2021-05-10 10:22:49,2422.85,74021
2021-05-10 10:22:50,2422.85,74021
2021-05-10 10:22:51,2422.85,74021
2021-05-10 10:22:52,2422.85,74071
2021-05-10 10:22:53,2422.85,74071
2021-05-10 10:22:54,2422.85,74121
2021-05-10 10:22:55,2422.85,74144
2021-05-10 10:22:56,2422.85,74144
2021-05-10 10:22:57,2422.85,74153
2021-05-10 10:22:59,2422.85,74154
2021-05-10 10:23:01,2422.85,74557
2021-05-10 10:23:02,2422.85,74557
2021-05-10 10:23:03,2422.85,74557
2021-05-10 10:23:05,2423.4,74563
2021-05-10 10:23:04,2422.85,74557
2021-05-10 10:23:07,2423.35,74565
2021-05-10 10:23:08,2422.45,74635
2021-05-10 10:23:09,2422.45,74635
2021-05-10 10:23:10,2422.05,74794
2021-05-10 10:23:11,2422.05,74794
2021-05-10 10:23:12,2422.05,74794
2021-05-10 10:23:13,2422.05,74794
2021-05-10 10:23:15,2420.0,75774
2021-05-10 10:23:17,2418.8,76425
2021-05-10 10:23:19,2417.6,76437
2021-05-10 10:23:22,2418.8,76467
2021-05-10 10:23:24,2417.6,76507
2021-05-10 10:23:26,2419.0,76894
2021-05-10 10:23:28,2418.15,76910
2021-05-10 10:23:30,2418.15,76911
2021-05-10 10:23:32,2418.15,76916
2021-05-10 10:23:34,2418.15,76916
2021-05-10 10:23:36,2419.5,77016
2021-05-10 10:23:38,2419.5,77016
2021-05-10 10:23:40,2418.5,77080
2021-05-10 10:23:42,2418.5,77106
2021-05-10 10:23:44,2419.75,77116
2021-05-10 10:23:46,2421.0,77410
2021-05-10 10:23:48,2420.05,77420
2021-05-10 10:23:50,2419.65,77485
2021-05-10 10:23:52,2421.0,77534
2021-05-10 10:23:54,2419.95,77556
2021-05-10 10:23:56,2420.0,77597
2021-05-10 10:23:59,2422.05,77601
2021-05-10 10:24:01,2421.0,77603
2021-05-10 10:24:03,2421.0,77603
2021-05-10 10:24:05,2421.0,77623
2021-05-10 10:24:07,2421.0,77623
2021-05-10 10:24:09,2421.0,77633
2021-05-10 10:24:11,2421.2,77675
2021-05-10 10:24:14,2421.0,77715
2021-05-10 10:24:16,2421.0,77715
2021-05-10 10:24:18,2422.0,77837
2021-05-10 10:24:20,2422.05,77838
2021-05-10 10:24:22,2422.05,77838
2021-05-10 10:24:25,2422.8,77840
2021-05-10 10:24:27,2422.8,77840
2021-05-10 10:24:30,2422.05,77854
2021-05-10 10:24:32,2422.95,77893
2021-05-10 10:24:34,2422.95,77893
2021-05-10 10:24:36,2424.0,78193
2021-05-10 10:24:38,2423.0,78195
2021-05-10 10:24:40,2423.0,78195
2021-05-10 10:24:42,2423.0,78195
2021-05-10 10:24:45,2424.0,78297
2021-05-10 10:24:47,2423.05,78299
2021-05-10 10:24:49,2423.05,78299
2021-05-10 10:24:51,2423.05,78299
2021-05-10 10:24:53,2423.05,78299
2021-05-10 10:24:56,2423.05,78299
2021-05-10 10:24:59,2423.05,78299
2021-05-10 10:25:01,2423.0,78311
2021-05-10 10:25:06,2424.15,78350
2021-05-10 10:25:09,2424.15,78363
2021-05-10 10:25:11,2424.15,78363
2021-05-10 10:25:12,2424.15,78363
2021-05-10 10:25:14,2424.15,78363
2021-05-10 10:25:16,2423.1,78395
2021-05-10 10:25:19,2424.4,78447
2021-05-10 10:25:20,2424.4,78459
2021-05-10 10:25:23,2424.4,78460
2021-05-10 10:25:25,2424.4,78470
2021-05-10 10:25:26,2424.4,78487
2021-05-10 10:25:29,2424.4,78487
2021-05-10 10:25:31,2424.4,78487
2021-05-10 10:25:34,2424.5,78490
2021-05-10 10:25:36,2425.0,78548
2021-05-10 10:25:38,2424.5,78550
2021-05-10 10:25:40,2424.5,78550
2021-05-10 10:25:43,2424.95,78596
2021-05-10 10:25:45,2424.95,78602
2021-05-10 10:25:47,2424.95,78602
2021-05-10 10:25:49,2424.95,78603
2021-05-10 10:25:51,2425.0,78663
2021-05-10 10:25:53,2425.0,78663
2021-05-10 10:25:55,2425.0,78663
2021-05-10 10:25:57,2425.0,78663
2021-05-10 10:25:59,2425.0,78695
2021-05-10 10:26:01,2425.0,78710
2021-05-10 10:26:04,2425.0,78710
2021-05-10 10:26:06,2424.75,78730
2021-05-10 10:26:08,2424.75,78730
2021-05-10 10:26:10,2424.55,78757
2021-05-10 10:26:13,2424.4,78767
2021-05-10 10:26:15,2424.95,78769
2021-05-10 10:26:18,2424.4,78781
2021-05-10 10:26:20,2424.45,78782
2021-05-10 10:26:22,2424.45,78782
2021-05-10 10:26:24,2425.0,78794
2021-05-10 10:26:26,2425.0,78794
2021-05-10 10:26:28,2424.4,78808
2021-05-10 10:26:30,2424.0,78908
2021-05-10 10:26:33,2424.85,78913
2021-05-10 10:26:35,2424.85,78913
2021-05-10 10:26:37,2424.85,78913
2021-05-10 10:26:39,2424.85,78913
2021-05-10 10:26:41,2424.85,78933
2021-05-10 10:26:43,2424.85,78933
2021-05-10 10:26:45,2424.85,78933
2021-05-10 10:26:47,2424.85,78933
2021-05-10 10:26:49,2424.85,78933
2021-05-10 10:26:51,2424.0,78946
2021-05-10 10:26:53,2423.85,79013
2021-05-10 10:26:55,2423.0,79018
2021-05-10 10:26:58,2423.0,79038
2021-05-10 10:27:03,2423.0,79038
2021-05-10 10:27:06,2423.85,79070
2021-05-10 10:27:08,2423.0,79102
2021-05-10 10:27:10,2423.0,79115
2021-05-10 10:27:13,2423.0,79115
2021-05-10 10:27:15,2423.0,79115
2021-05-10 10:27:17,2423.0,79115
2021-05-10 10:27:20,2423.0,79115
2021-05-10 10:27:22,2423.0,79115
2021-05-10 10:27:25,2423.85,79117
2021-05-10 10:27:28,2423.85,79117
2021-05-10 10:27:30,2423.85,79117
2021-05-10 10:27:32,2423.85,79117
2021-05-10 10:27:34,2423.85,79117
2021-05-10 10:27:36,2423.25,79153
2021-05-10 10:27:38,2423.25,79153
2021-05-10 10:27:40,2423.25,79165
2021-05-10 10:27:43,2423.25,79165
2021-05-10 10:27:45,2423.25,79168
2021-05-10 10:27:47,2423.25,79168
2021-05-10 10:27:50,2423.25,79168
2021-05-10 10:27:52,2423.25,79168
2021-05-10 10:27:54,2423.25,79168
2021-05-10 10:27:56,2423.25,79168
2021-05-10 10:27:59,2424.8,79318
2021-05-10 10:28:02,2424.85,79320
2021-05-10 10:28:04,2424.85,79320
2021-05-10 10:28:07,2423.55,79347
2021-05-10 10:28:09,2423.55,79347
2021-05-10 10:28:11,2423.55,79347
2021-05-10 10:28:13,2423.55,79359
2021-05-10 10:28:16,2423.55,79359
2021-05-10 10:28:18,2423.55,79359
2021-05-10 10:28:20,2423.55,79359
2021-05-10 10:28:23,2424.85,79361
2021-05-10 10:28:25,2425.0,79401
2021-05-10 10:28:27,2425.0,79401
2021-05-10 10:28:29,2425.0,79401
2021-05-10 10:28:31,2425.0,79441
2021-05-10 10:28:33,2425.0,79454
2021-05-10 10:28:37,2425.0,79456
2021-05-10 10:28:39,2424.0,79459
2021-05-10 10:28:41,2425.15,79484
2021-05-10 10:28:44,2425.15,79485
2021-05-10 10:28:46,2425.15,79487
2021-05-10 10:28:48,2425.15,79487
2021-05-10 10:28:50,2425.15,79487
2021-05-10 10:28:52,2424.0,79489
2021-05-10 10:28:57,2425.0,79592
2021-05-10 10:29:01,2424.85,79596
2021-05-10 10:29:04,2424.85,79596
2021-05-10 10:29:06,2424.05,79602
2021-05-10 10:29:08,2424.05,79602
2021-05-10 10:29:12,2424.85,79603
2021-05-10 10:29:14,2424.85,79603
2021-05-10 10:29:16,2424.85,79603
2021-05-10 10:29:18,2424.0,79605
2021-05-10 10:29:20,2424.0,79605
2021-05-10 10:29:22,2424.95,79620
2021-05-10 10:29:24,2424.95,79620
2021-05-10 10:29:26,2424.65,79635
2021-05-10 10:29:28,2424.4,79671
2021-05-10 10:29:30,2424.0,79684
2021-05-10 10:29:32,2424.0,79686
2021-05-10 10:29:35,2424.0,79709
2021-05-10 10:29:37,2424.0,79709
2021-05-10 10:29:39,2424.0,79709
2021-05-10 10:29:41,2424.0,79709
2021-05-10 10:29:44,2424.0,79709
2021-05-10 10:29:46,2424.0,79713
2021-05-10 10:29:48,2424.0,79753
2021-05-10 10:29:50,2424.0,79758
2021-05-10 10:29:52,2424.0,79760
2021-05-10 10:29:54,2423.25,79770
2021-05-10 10:29:59,2424.0,79820
2021-05-10 10:30:01,2424.0,79820
2021-05-10 10:30:03,2424.05,79821
2021-05-10 10:30:05,2424.6,79822
2021-05-10 10:30:08,2424.6,79822
2021-05-10 10:30:10,2424.6,79822
2021-05-10 10:30:12,2424.6,79822
2021-05-10 10:30:14,2424.0,79835
2021-05-10 10:30:16,2424.0,79835
2021-05-10 10:30:18,2424.0,79835
2021-05-10 10:30:20,2424.0,79835
2021-05-10 10:30:22,2423.25,79839
2021-05-10 10:30:25,2423.05,79844
2021-05-10 10:30:27,2423.05,79844
2021-05-10 10:30:30,2423.05,79857
2021-05-10 10:30:32,2423.05,79888
2021-05-10 10:30:34,2424.7,80101
2021-05-10 10:30:36,2424.65,80102
2021-05-10 10:30:38,2423.25,80122
2021-05-10 10:30:40,2423.1,80180
2021-05-10 10:30:43,2423.25,80184
2021-05-10 10:30:45,2424.4,80286
2021-05-10 10:30:48,2424.4,80286
2021-05-10 10:30:50,2424.4,80286
2021-05-10 10:30:52,2423.1,80293
2021-05-10 10:30:54,2423.05,80343
2021-05-10 10:30:56,2423.05,80343
2021-05-10 10:30:58,2423.1,80354
2021-05-10 10:31:01,2423.2,80382
2021-05-10 10:31:04,2423.15,80405
2021-05-10 10:31:06,2423.05,80520
2021-05-10 10:31:09,2423.0,80536
2021-05-10 10:31:12,2423.0,80546
2021-05-10 10:31:14,2423.0,80559
2021-05-10 10:31:16,2423.0,80568
2021-05-10 10:31:20,2422.55,80792
2021-05-10 10:31:23,2422.55,80792
2021-05-10 10:31:25,2422.55,80792
2021-05-10 10:31:27,2422.55,80792
2021-05-10 10:31:29,2422.55,80792
2021-05-10 10:31:33,2422.55,80792
2021-05-10 10:31:35,2423.0,80884
2021-05-10 10:31:37,2423.0,80884
2021-05-10 10:31:41,2423.0,80884
2021-05-10 10:31:43,2423.0,80884
2021-05-10 10:31:45,2423.15,80889
2021-05-10 10:31:47,2423.15,80889
2021-05-10 10:31:50,2423.85,80891
2021-05-10 10:31:52,2423.85,80921
2021-05-10 10:31:53,2423.85,80921
2021-05-10 10:31:55,2423.15,80971
2021-05-10 10:31:58,2423.15,80971
2021-05-10 10:32:00,2424.35,80980
2021-05-10 10:32:02,2424.35,80980
2021-05-10 10:32:04,2423.05,81030
2021-05-10 10:32:07,2424.65,81134
2021-05-10 10:32:09,2423.15,81234
2021-05-10 10:32:11,2423.15,81234
2021-05-10 10:32:13,2424.7,81253
2021-05-10 10:32:15,2424.7,81253
2021-05-10 10:32:17,2424.7,81253
2021-05-10 10:32:19,2424.0,81353
2021-05-10 10:32:21,2424.0,81353
2021-05-10 10:32:23,2424.7,81379
2021-05-10 10:32:25,2424.7,81381
2021-05-10 10:32:27,2424.7,81415
2021-05-10 10:32:29,2424.05,81422
2021-05-10 10:32:31,2424.05,81449
2021-05-10 10:32:34,2424.05,81449
2021-05-10 10:32:36,2424.05,81449
2021-05-10 10:32:38,2424.05,81449
2021-05-10 10:32:40,2424.05,81461
2021-05-10 10:32:43,2424.05,81651
2021-05-10 10:32:45,2424.05,81653
2021-05-10 10:32:47,2424.05,81653
2021-05-10 10:32:49,2424.05,81653
2021-05-10 10:32:51,2424.05,81653
2021-05-10 10:32:53,2424.05,81653
2021-05-10 10:32:55,2424.05,81653
2021-05-10 10:32:57,2424.05,81653
2021-05-10 10:33:00,2424.05,81653
2021-05-10 10:33:02,2424.0,81670
2021-05-10 10:33:05,2424.0,81670
2021-05-10 10:33:10,2424.0,81670
2021-05-10 10:33:12,2424.5,81675
2021-05-10 10:33:16,2424.0,81820
2021-05-10 10:33:19,2424.0,81820
2021-05-10 10:33:21,2424.8,81945
2021-05-10 10:33:23,2424.8,81945
2021-05-10 10:33:27,2424.0,81947
2021-05-10 10:33:29,2424.0,81965
2021-05-10 10:33:31,2424.0,81965
2021-05-10 10:33:33,2424.0,81965
2021-05-10 10:33:35,2424.0,81965
2021-05-10 10:33:37,2424.2,82293
2021-05-10 10:33:39,2424.2,82293
2021-05-10 10:33:41,2424.2,82293
2021-05-10 10:33:43,2424.2,82293
2021-05-10 10:33:46,2424.2,82293
2021-05-10 10:33:48,2424.2,82293
2021-05-10 10:33:51,2424.2,82306
2021-05-10 10:33:53,2424.2,82313
2021-05-10 10:33:55,2424.2,82317
2021-05-10 10:33:57,2425.0,82367
2021-05-10 10:33:59,2425.0,82367
2021-05-10 10:34:02,2427.05,83062
2021-05-10 10:34:04,2426.4,83105
2021-05-10 10:34:06,2425.35,83405
2021-05-10 10:34:09,2426.65,83410
2021-05-10 10:34:13,2426.6,83415
2021-05-10 10:34:15,2425.2,83418
2021-05-10 10:34:18,2425.2,83418
2021-05-10 10:34:20,2425.25,83430
2021-05-10 10:34:22,2426.55,83431
2021-05-10 10:34:24,2426.55,83431
2021-05-10 10:34:26,2425.25,83433
2021-05-10 10:34:28,2425.25,83443
2021-05-10 10:34:30,2425.25,83443
2021-05-10 10:34:32,2425.25,83443
2021-05-10 10:34:34,2425.25,83443
2021-05-10 10:34:36,2425.25,83462
2021-05-10 10:34:38,2425.25,83462
2021-05-10 10:34:40,2425.25,83472
2021-05-10 10:34:42,2427.0,83572
2021-05-10 10:34:44,2426.6,83672
2021-05-10 10:34:46,2426.6,83672
2021-05-10 10:34:48,2426.6,83672
2021-05-10 10:34:50,2426.85,83677
2021-05-10 10:34:52,2426.85,83677
2021-05-10 10:34:54,2425.4,83702
2021-05-10 10:34:57,2426.35,83703
2021-05-10 10:34:59,2426.35,83734
2021-05-10 10:35:01,2426.35,83734
2021-05-10 10:35:04,2426.8,83735
2021-05-10 10:35:06,2426.8,83735
2021-05-10 10:35:08,2426.8,83736
2021-05-10 10:35:10,2425.4,83816
2021-05-10 10:35:12,2425.4,83816
2021-05-10 10:35:15,2425.65,83829
2021-05-10 10:35:17,2425.65,83829
2021-05-10 10:35:19,2426.0,83929
2021-05-10 10:35:21,2426.0,83929
2021-05-10 10:35:23,2426.0,83929
2021-05-10 10:35:26,2426.0,83929
2021-05-10 10:35:28,2426.0,83929
2021-05-10 10:35:30,2426.0,83929
2021-05-10 10:35:33,2426.0,83943
2021-05-10 10:35:35,2426.0,83973
2021-05-10 10:35:37,2426.0,83973
2021-05-10 10:35:41,2426.0,83973
2021-05-10 10:35:44,2426.0,83973
2021-05-10 10:35:46,2426.0,83973
2021-05-10 10:35:48,2426.8,83983
2021-05-10 10:35:53,2426.8,83985
2021-05-10 10:35:55,2426.8,83985
2021-05-10 10:35:57,2427.0,84475
2021-05-10 10:35:59,2427.0,84475
2021-05-10 10:36:02,2427.0,84625
2021-05-10 10:36:04,2427.7,84640
2021-05-10 10:36:07,2427.7,84640
2021-05-10 10:36:09,2427.7,84640
2021-05-10 10:36:11,2427.7,84640
2021-05-10 10:36:13,2428.2,84642
2021-05-10 10:36:15,2428.2,84652
2021-05-10 10:36:18,2428.2,84652
2021-05-10 10:36:22,2427.7,84663
2021-05-10 10:36:24,2429.0,85313
2021-05-10 10:36:27,2429.0,85313
2021-05-10 10:36:29,2427.3,85315
2021-05-10 10:36:31,2427.3,85315
2021-05-10 10:36:33,2427.3,85315
2021-05-10 10:36:35,2427.3,85315
2021-05-10 10:36:37,2427.3,85315
2021-05-10 10:36:39,2427.3,85315
2021-05-10 10:36:42,2427.3,85327
2021-05-10 10:36:44,2427.3,85327
2021-05-10 10:36:46,2428.8,85337
2021-05-10 10:36:48,2427.4,85357
2021-05-10 10:36:50,2427.4,85357
2021-05-10 10:36:53,2427.4,85357
2021-05-10 10:36:55,2427.4,85357
2021-05-10 10:36:57,2427.4,85357
2021-05-10 10:36:59,2427.4,85357
2021-05-10 10:37:01,2427.5,85429
2021-05-10 10:37:04,2428.4,85603
2021-05-10 10:37:06,2428.4,85603
2021-05-10 10:37:11,2428.3,85633
2021-05-10 10:37:13,2428.3,85633
2021-05-10 10:37:15,2428.3,85633
2021-05-10 10:37:17,2428.25,85644
2021-05-10 10:37:19,2428.25,85644
2021-05-10 10:37:21,2428.0,85682
2021-05-10 10:37:24,2428.0,85682
2021-05-10 10:37:26,2428.0,85682
2021-05-10 10:37:28,2426.4,85692
2021-05-10 10:37:30,2427.0,85712
2021-05-10 10:37:32,2427.2,85724
2021-05-10 10:37:34,2427.2,85724
2021-05-10 10:37:36,2427.2,85724
2021-05-10 10:37:39,2427.2,85736
2021-05-10 10:37:41,2428.6,86036
2021-05-10 10:37:44,2428.6,86036
2021-05-10 10:37:46,2428.6,86036
2021-05-10 10:37:48,2428.6,86036
2021-05-10 10:37:50,2428.2,86063
2021-05-10 10:37:53,2428.0,86529
2021-05-10 10:37:55,2428.0,86529
2021-05-10 10:37:57,2428.0,86540
2021-05-10 10:38:00,2428.0,86540
2021-05-10 10:38:02,2428.0,86540
2021-05-10 10:38:04,2428.0,86540
2021-05-10 10:38:06,2428.0,86590
2021-05-10 10:38:08,2428.0,86590
2021-05-10 10:38:10,2428.0,86590
2021-05-10 10:38:12,2428.75,86618
2021-05-10 10:38:14,2428.0,86724
2021-05-10 10:38:16,2428.6,86743
2021-05-10 10:38:18,2428.6,86743
2021-05-10 10:38:22,2428.75,86803
2021-05-10 10:38:24,2428.75,86803
2021-05-10 10:38:26,2428.75,86803
2021-05-10 10:38:28,2428.75,86803
2021-05-10 10:38:30,2428.6,86805
2021-05-10 10:38:32,2428.75,86837
2021-05-10 10:38:34,2428.75,86897
2021-05-10 10:38:36,2428.75,86897
2021-05-10 10:38:38,2428.75,86897
2021-05-10 10:38:40,2428.6,86910
2021-05-10 10:38:42,2428.75,86915
2021-05-10 10:38:44,2428.75,86915
2021-05-10 10:38:46,2428.7,86916
2021-05-10 10:38:48,2428.7,86916
2021-05-10 10:38:50,2428.7,86916
2021-05-10 10:38:53,2428.7,86916
2021-05-10 10:38:55,2428.7,86916
2021-05-10 10:38:56,2428.7,86944
2021-05-10 10:38:58,2428.7,86971
2021-05-10 10:39:00,2428.7,86992
2021-05-10 10:39:02,2428.7,86993
2021-05-10 10:39:04,2428.0,87029
2021-05-10 10:39:06,2428.0,87039
2021-05-10 10:39:08,2428.0,87039
2021-05-10 10:39:10,2428.0,87039
2021-05-10 10:39:12,2428.0,87039
2021-05-10 10:39:14,2428.75,87069
2021-05-10 10:39:16,2428.75,87069
2021-05-10 10:39:18,2428.75,87069
2021-05-10 10:39:20,2428.75,87069
2021-05-10 10:39:22,2429.0,87319
2021-05-10 10:39:24,2429.0,87324
2021-05-10 10:39:26,2429.0,87324
2021-05-10 10:39:28,2429.0,87324
2021-05-10 10:39:31,2428.9,87329
2021-05-10 10:39:33,2428.9,87329
2021-05-10 10:39:36,2429.0,87355
2021-05-10 10:39:38,2428.9,87360
2021-05-10 10:39:40,2428.9,87367
2021-05-10 10:39:42,2428.9,87392
2021-05-10 10:39:44,2428.9,87397
2021-05-10 10:39:47,2428.9,87397
2021-05-10 10:39:49,2428.9,87397
2021-05-10 10:39:51,2428.9,87397
2021-05-10 10:39:53,2429.2,87399
2021-05-10 10:39:55,2428.5,87443
2021-05-10 10:39:57,2429.2,87476
2021-05-10 10:39:59,2429.2,87476
2021-05-10 10:40:01,2429.85,87551
2021-05-10 10:40:03,2429.85,87551
2021-05-10 10:40:06,2429.85,87551
2021-05-10 10:40:08,2429.85,87551
2021-05-10 10:40:10,2429.85,87551
2021-05-10 10:40:11,2429.85,87551
2021-05-10 10:40:13,2428.5,87554
2021-05-10 10:40:17,2428.5,87554
2021-05-10 10:40:19,2428.5,87554
2021-05-10 10:40:22,2428.5,87567
2021-05-10 10:40:24,2429.75,87579
2021-05-10 10:40:27,2428.7,87895
2021-05-10 10:40:29,2428.5,87921
2021-05-10 10:40:31,2429.75,87922
2021-05-10 10:40:34,2429.75,87922
2021-05-10 10:40:36,2428.4,87936
2021-05-10 10:40:38,2428.4,87936
2021-05-10 10:40:40,2428.4,87936
2021-05-10 10:40:42,2428.4,87936
2021-05-10 10:40:44,2428.4,87936
2021-05-10 10:40:46,2429.4,87959
2021-05-10 10:40:48,2429.4,87959
2021-05-10 10:40:50,2429.4,87959
2021-05-10 10:40:52,2428.3,87998
2021-05-10 10:40:54,2428.4,88003
2021-05-10 10:40:56,2428.35,88096
2021-05-10 10:40:58,2428.35,88109
2021-05-10 10:41:00,2428.35,88109
2021-05-10 10:41:04,2428.35,88109
2021-05-10 10:41:06,2428.35,88109
2021-05-10 10:41:07,2429.0,88121
2021-05-10 10:41:09,2429.0,88121
2021-05-10 10:41:11,2429.0,88121
2021-05-10 10:41:14,2429.0,88121
2021-05-10 10:41:16,2429.0,88134
2021-05-10 10:41:18,2430.9,88537
2021-05-10 10:41:20,2430.9,88537
2021-05-10 10:41:22,2430.9,88537
2021-05-10 10:41:24,2430.9,88544
2021-05-10 10:41:25,2430.9,88584
2021-05-10 10:41:27,2431.0,88726
2021-05-10 10:41:30,2431.65,88727
2021-05-10 10:41:32,2431.65,88767
2021-05-10 10:41:34,2431.65,88797
2021-05-10 10:41:36,2431.65,88797
2021-05-10 10:41:38,2431.65,88797
2021-05-10 10:41:40,2431.65,88797
2021-05-10 10:41:42,2429.75,88806
2021-05-10 10:41:44,2429.75,88806
2021-05-10 10:41:46,2431.2,88836
2021-05-10 10:41:48,2431.35,88886
2021-05-10 10:41:50,2431.35,88887
2021-05-10 10:41:52,2431.15,88892
2021-05-10 10:41:54,2431.35,88893
2021-05-10 10:41:56,2431.35,88893
2021-05-10 10:41:57,2431.35,88893
2021-05-10 10:41:59,2431.35,88893
2021-05-10 10:42:01,2430.0,88899
2021-05-10 10:42:03,2430.0,88906
2021-05-10 10:42:05,2429.0,88949
2021-05-10 10:42:07,2429.0,88949
2021-05-10 10:42:09,2429.0,88949
2021-05-10 10:42:11,2429.0,88949
2021-05-10 10:42:13,2430.0,88953
2021-05-10 10:42:15,2429.05,88954
2021-05-10 10:42:17,2430.3,88979
2021-05-10 10:42:19,2430.3,88979
2021-05-10 10:42:23,2430.45,88980
2021-05-10 10:42:25,2429.05,88992
2021-05-10 10:42:27,2429.05,88992
2021-05-10 10:42:29,2429.05,88992
2021-05-10 10:42:31,2429.05,88992
2021-05-10 10:42:33,2429.05,88992
2021-05-10 10:42:35,2429.05,88992
2021-05-10 10:42:37,2429.05,88992
2021-05-10 10:42:39,2429.05,88992
2021-05-10 10:42:40,2429.05,88999
2021-05-10 10:42:42,2429.05,88999
2021-05-10 10:42:44,2429.05,89007
2021-05-10 10:42:47,2429.05,89007
2021-05-10 10:42:51,2429.1,89022
2021-05-10 10:42:53,2429.05,89034
2021-05-10 10:42:55,2429.1,89047
2021-05-10 10:42:57,2429.1,89047
2021-05-10 10:43:00,2429.1,89047
2021-05-10 10:43:02,2429.7,89048
2021-05-10 10:43:06,2429.7,89048
2021-05-10 10:43:08,2429.1,89066
2021-05-10 10:43:10,2429.1,89066
2021-05-10 10:43:12,2429.1,89066
2021-05-10 10:43:15,2429.1,89079
2021-05-10 10:43:17,2429.1,89079
2021-05-10 10:43:19,2429.1,89089
2021-05-10 10:43:21,2429.1,89089
2021-05-10 10:43:23,2429.1,89089
2021-05-10 10:43:25,2429.1,89089
2021-05-10 10:43:29,2429.7,89090
2021-05-10 10:43:31,2429.7,89090
2021-05-10 10:43:33,2429.0,89102
2021-05-10 10:43:34,2429.7,89103
2021-05-10 10:43:38,2429.7,89103
2021-05-10 10:43:41,2429.7,89103
2021-05-10 10:43:43,2430.0,89203
2021-05-10 10:43:45,2430.0,89203
2021-05-10 10:43:49,2430.0,89203
2021-05-10 10:43:51,2430.0,89203
2021-05-10 10:43:53,2430.0,89203
2021-05-10 10:43:55,2429.7,89216
2021-05-10 10:43:57,2429.7,89216
2021-05-10 10:43:59,2429.7,89216
2021-05-10 10:44:01,2429.7,89216
2021-05-10 10:44:03,2429.7,89216
2021-05-10 10:44:05,2429.7,89236
2021-05-10 10:44:07,2429.7,89246
2021-05-10 10:44:09,2429.7,89246
2021-05-10 10:44:11,2429.7,89246
2021-05-10 10:44:15,2429.7,89246
2021-05-10 10:44:17,2429.7,89246
2021-05-10 10:44:19,2429.7,89253
2021-05-10 10:44:23,2430.0,89380
2021-05-10 10:44:25,2430.0,89380
2021-05-10 10:44:27,2430.0,89380
2021-05-10 10:44:29,2430.0,89380
2021-05-10 10:44:31,2430.0,89380
2021-05-10 10:44:33,2430.0,89380
2021-05-10 10:44:35,2430.0,89380
2021-05-10 10:44:37,2430.0,89380
2021-05-10 10:44:40,2430.0,89380
2021-05-10 10:44:42,2430.0,89380
2021-05-10 10:44:44,2429.7,89396
2021-05-10 10:44:46,2429.9,89400
2021-05-10 10:44:48,2429.7,89401
2021-05-10 10:44:50,2429.7,89401
2021-05-10 10:44:52,2429.7,89401
2021-05-10 10:44:57,2429.7,89414
2021-05-10 10:44:59,2429.85,89415
2021-05-10 10:45:01,2429.85,89415
2021-05-10 10:45:03,2429.85,89416
2021-05-10 10:45:05,2429.85,89416
2021-05-10 10:45:08,2429.85,89416
2021-05-10 10:45:10,2429.85,89420
2021-05-10 10:45:12,2430.0,89424
2021-05-10 10:45:15,2430.0,89424
2021-05-10 10:45:17,2430.0,89424
2021-05-10 10:45:19,2429.85,89428
2021-05-10 10:45:21,2429.9,89432
2021-05-10 10:45:23,2429.9,89446
2021-05-10 10:45:26,2429.9,89446
2021-05-10 10:45:28,2429.9,89446
2021-05-10 10:45:29,2430.05,89582
2021-05-10 10:45:33,2429.9,89600
2021-05-10 10:45:35,2430.95,89602
2021-05-10 10:45:37,2430.95,89602
2021-05-10 10:45:39,2430.95,89602
2021-05-10 10:45:41,2429.9,89611
2021-05-10 10:45:44,2430.8,89762
2021-05-10 10:45:46,2430.8,89762
2021-05-10 10:45:48,2430.8,89762
2021-05-10 10:45:51,2430.8,89762
2021-05-10 10:45:53,2430.8,89762
2021-05-10 10:45:55,2430.0,89782
2021-05-10 10:45:57,2430.0,89782
2021-05-10 10:45:59,2430.0,89782
2021-05-10 10:46:01,2430.0,89797
2021-05-10 10:46:03,2430.0,89820
2021-05-10 10:46:05,2430.0,89820
2021-05-10 10:46:07,2429.7,89821
2021-05-10 10:46:09,2429.7,89821
2021-05-10 10:46:11,2429.7,89821
2021-05-10 10:46:14,2429.9,89921
2021-05-10 10:46:15,2429.9,89934
2021-05-10 10:46:17,2429.9,89934
2021-05-10 10:46:19,2429.7,89950
2021-05-10 10:46:21,2429.7,89950
2021-05-10 10:46:23,2429.7,89950
2021-05-10 10:46:27,2429.55,90019
2021-05-10 10:46:29,2429.55,90019
2021-05-10 10:46:31,2429.55,90019
2021-05-10 10:46:37,2429.55,90019
2021-05-10 10:46:39,2429.55,90019
2021-05-10 10:46:41,2429.55,90019
2021-05-10 10:46:43,2429.35,90033
2021-05-10 10:46:45,2429.35,90033
2021-05-10 10:46:47,2429.35,90033
2021-05-10 10:46:48,2429.35,90034
2021-05-10 10:46:50,2429.35,90044
2021-05-10 10:46:52,2429.1,90094
2021-05-10 10:46:54,2429.1,90094
2021-05-10 10:46:56,2429.1,90094
2021-05-10 10:47:00,2429.0,90307
2021-05-10 10:47:03,2429.35,90310
2021-05-10 10:47:05,2429.9,90361
2021-05-10 10:47:07,2429.9,90362
2021-05-10 10:47:09,2429.9,90362
2021-05-10 10:47:11,2429.9,90367
2021-05-10 10:47:15,2429.3,90387
2021-05-10 10:47:17,2429.3,90387
2021-05-10 10:47:19,2429.3,90387
2021-05-10 10:47:22,2429.9,90388
2021-05-10 10:47:24,2429.9,90388
2021-05-10 10:47:26,2429.9,90392
2021-05-10 10:47:28,2430.0,90501
2021-05-10 10:47:29,2430.0,90501
2021-05-10 10:47:31,2430.0,90501
2021-05-10 10:47:33,2430.0,90504
2021-05-10 10:47:35,2430.0,90504
2021-05-10 10:47:38,2430.0,90504
2021-05-10 10:47:40,2430.0,90504
2021-05-10 10:47:41,2430.0,90504
2021-05-10 10:47:43,2430.0,90517
2021-05-10 10:47:45,2430.0,90517
2021-05-10 10:47:47,2430.0,90517
2021-05-10 10:47:49,2430.15,90520
2021-05-10 10:47:51,2430.15,90520
2021-05-10 10:47:53,2430.05,90532
2021-05-10 10:47:55,2430.05,90532
2021-05-10 10:47:57,2430.05,90532
2021-05-10 10:48:00,2430.05,90532
2021-05-10 10:48:02,2430.05,90532
2021-05-10 10:48:04,2430.05,90532
2021-05-10 10:48:05,2430.05,90532
2021-05-10 10:48:07,2430.05,90532
2021-05-10 10:48:09,2430.05,90532
2021-05-10 10:48:11,2430.05,90532
2021-05-10 10:48:13,2430.05,90532
2021-05-10 10:48:15,2430.05,90545
2021-05-10 10:48:17,2430.05,90545
2021-05-10 10:48:18,2430.2,90561
2021-05-10 10:48:20,2430.2,90561
2021-05-10 10:48:22,2430.2,90561
2021-05-10 10:48:26,2430.2,90575
2021-05-10 10:48:28,2430.2,90575
2021-05-10 10:48:30,2430.2,90575
2021-05-10 10:48:32,2430.2,90575
2021-05-10 10:48:34,2430.2,90588
2021-05-10 10:48:36,2430.2,90588
2021-05-10 10:48:37,2430.2,90588
2021-05-10 10:48:39,2430.2,90588
2021-05-10 10:48:41,2430.2,90588
2021-05-10 10:48:43,2430.2,90588
2021-05-10 10:48:45,2430.9,90590
2021-05-10 10:48:47,2430.9,90590
2021-05-10 10:48:48,2430.9,90590
2021-05-10 10:48:50,2430.9,90590
2021-05-10 10:48:53,2430.95,90592
2021-05-10 10:48:54,2430.95,90614
2021-05-10 10:48:56,2430.9,90622
2021-05-10 10:48:58,2430.9,90624
2021-05-10 10:49:00,2430.9,90629
2021-05-10 10:49:02,2431.0,90638
2021-05-10 10:49:05,2431.0,90638
2021-05-10 10:49:06,2431.0,90638
2021-05-10 10:49:08,2431.0,90638
2021-05-10 10:49:10,2431.0,90639
2021-05-10 10:49:12,2431.0,90639
2021-05-10 10:49:14,2431.0,90640
2021-05-10 10:49:16,2431.0,90674
2021-05-10 10:49:18,2431.0,90674
2021-05-10 10:49:20,2431.0,90674
2021-05-10 10:49:22,2430.9,90684
2021-05-10 10:49:24,2430.95,90685
2021-05-10 10:49:26,2430.95,90685
2021-05-10 10:49:30,2430.95,90685
2021-05-10 10:49:32,2430.95,90685
2021-05-10 10:49:34,2430.9,90696
2021-05-10 10:49:36,2429.8,90761
2021-05-10 10:49:38,2429.8,90773
2021-05-10 10:49:41,2429.8,90773
2021-05-10 10:49:43,2429.8,90773
2021-05-10 10:49:47,2429.8,90773
2021-05-10 10:49:49,2429.9,90776
2021-05-10 10:49:50,2429.9,90776
2021-05-10 10:49:53,2429.9,90776
2021-05-10 10:49:56,2429.9,90776
2021-05-10 10:49:58,2429.9,90776
2021-05-10 10:50:00,2431.0,90778
2021-05-10 10:50:02,2429.7,90791
2021-05-10 10:50:05,2431.0,90792
2021-05-10 10:50:06,2431.0,90793
2021-05-10 10:50:08,2431.0,90795
2021-05-10 10:50:10,2431.0,90795
2021-05-10 10:50:12,2431.0,90799
2021-05-10 10:50:14,2430.0,90824
2021-05-10 10:50:15,2430.0,90824
2021-05-10 10:50:17,2431.0,90829
2021-05-10 10:50:19,2431.0,90829
2021-05-10 10:50:21,2430.1,90873
2021-05-10 10:50:23,2431.0,90924
2021-05-10 10:50:25,2431.0,90924
2021-05-10 10:50:27,2431.0,90924
2021-05-10 10:50:29,2431.0,90924
2021-05-10 10:50:31,2431.0,90924
2021-05-10 10:50:34,2430.95,90937
2021-05-10 10:50:36,2431.0,90938
2021-05-10 10:50:38,2431.0,90938
2021-05-10 10:50:40,2431.0,90938
2021-05-10 10:50:42,2431.35,91168
2021-05-10 10:50:44,2432.7,91262
2021-05-10 10:50:46,2433.0,91532
2021-05-10 10:50:49,2433.0,91536
2021-05-10 10:50:51,2433.0,91536
2021-05-10 10:50:53,2433.0,91552
2021-05-10 10:50:55,2433.0,91552
2021-05-10 10:50:57,2433.0,91552
2021-05-10 10:50:59,2433.0,91652
2021-05-10 10:51:02,2433.0,91652
2021-05-10 10:51:03,2433.0,91652
2021-05-10 10:51:05,2433.0,91652
2021-05-10 10:51:07,2433.0,91652
2021-05-10 10:51:09,2434.95,92180
2021-05-10 10:51:12,2435.05,93430
2021-05-10 10:51:14,2435.05,93430
2021-05-10 10:51:16,2433.75,93446
2021-05-10 10:51:18,2433.75,93446
2021-05-10 10:51:19,2433.75,93446
2021-05-10 10:51:21,2433.75,93446
2021-05-10 10:51:23,2434.75,93456
2021-05-10 10:51:24,2434.75,93506
2021-05-10 10:51:26,2434.75,93506
2021-05-10 10:51:28,2434.75,93516
2021-05-10 10:51:30,2434.75,93516
2021-05-10 10:51:32,2435.0,93689
2021-05-10 10:51:34,2435.0,93690
2021-05-10 10:51:36,2435.0,93690
2021-05-10 10:51:37,2435.0,93690
2021-05-10 10:51:39,2435.0,93717
2021-05-10 10:51:41,2435.0,93721
2021-05-10 10:51:42,2435.0,93721
2021-05-10 10:51:44,2435.0,93721
2021-05-10 10:51:45,2434.7,93723
2021-05-10 10:51:47,2434.35,93724
2021-05-10 10:51:49,2434.95,93729
2021-05-10 10:51:51,2433.4,93796
2021-05-10 10:51:53,2433.4,93796
2021-05-10 10:51:55,2434.8,93816
2021-05-10 10:51:57,2434.8,93819
2021-05-10 10:51:58,2434.8,93819
2021-05-10 10:52:00,2434.8,93819
2021-05-10 10:52:04,2433.4,93829
2021-05-10 10:52:06,2433.4,93898
2021-05-10 10:52:08,2434.7,93928
2021-05-10 10:52:10,2434.7,93928
2021-05-10 10:52:12,2434.7,93928
2021-05-10 10:52:14,2434.7,93931
2021-05-10 10:52:16,2434.7,93931
2021-05-10 10:52:18,2433.75,93943
2021-05-10 10:52:21,2433.75,93943
2021-05-10 10:52:23,2433.8,93993
2021-05-10 10:52:25,2433.8,93993
2021-05-10 10:52:27,2433.8,93993
2021-05-10 10:52:29,2433.8,93993
2021-05-10 10:52:30,2433.8,94011
2021-05-10 10:52:32,2433.8,94012
2021-05-10 10:52:34,2433.75,94065
2021-05-10 10:52:36,2433.75,94065
2021-05-10 10:52:38,2433.75,94065
2021-05-10 10:52:39,2433.75,94065
2021-05-10 10:52:41,2433.8,94071
2021-05-10 10:52:43,2433.8,94072
2021-05-10 10:52:45,2433.8,94072
2021-05-10 10:52:50,2433.75,94109
2021-05-10 10:52:52,2433.75,94109
2021-05-10 10:52:53,2433.75,94109
2021-05-10 10:52:55,2433.75,94109
2021-05-10 10:52:57,2433.75,94109
2021-05-10 10:52:58,2433.0,94122
2021-05-10 10:53:00,2433.75,94220
2021-05-10 10:53:02,2433.75,94220
2021-05-10 10:53:04,2433.75,94220
2021-05-10 10:53:06,2433.8,94274
2021-05-10 10:53:07,2433.8,94274
2021-05-10 10:53:10,2433.05,94324
2021-05-10 10:53:11,2433.05,94324
2021-05-10 10:53:13,2433.05,94324
2021-05-10 10:53:15,2433.75,94325
2021-05-10 10:53:16,2433.75,94325
2021-05-10 10:53:18,2433.75,94325
2021-05-10 10:53:20,2433.0,94337
2021-05-10 10:53:22,2432.85,94347
2021-05-10 10:53:23,2432.85,94347
2021-05-10 10:53:26,2433.8,94357
2021-05-10 10:53:28,2433.8,94357
2021-05-10 10:53:30,2433.8,94357
2021-05-10 10:53:31,2433.0,94362
2021-05-10 10:53:33,2433.0,94365
2021-05-10 10:53:35,2433.0,94378
2021-05-10 10:53:37,2433.0,94378
2021-05-10 10:53:39,2433.0,94378
2021-05-10 10:53:41,2433.8,94454
2021-05-10 10:53:43,2434.0,94458
2021-05-10 10:53:45,2434.0,94458
2021-05-10 10:53:47,2435.0,94961
2021-05-10 10:53:49,2435.0,94962
2021-05-10 10:53:51,2435.0,94962
2021-05-10 10:53:52,2433.55,94974
2021-05-10 10:53:54,2433.55,94974
2021-05-10 10:53:56,2435.0,94975
2021-05-10 10:53:58,2435.0,94975
2021-05-10 10:54:01,2433.6,95034
2021-05-10 10:54:03,2433.6,95044
2021-05-10 10:54:05,2433.6,95044
2021-05-10 10:54:07,2435.0,95045
2021-05-10 10:54:09,2433.65,95058
2021-05-10 10:54:10,2433.65,95063
2021-05-10 10:54:13,2433.65,95063
2021-05-10 10:54:14,2433.6,95076
2021-05-10 10:54:16,2433.6,95076
2021-05-10 10:54:18,2433.6,95076
2021-05-10 10:54:20,2433.6,95076
2021-05-10 10:54:21,2433.6,95076
2021-05-10 10:54:23,2433.6,95076
2021-05-10 10:54:24,2433.65,95077
2021-05-10 10:54:26,2433.65,95077
2021-05-10 10:54:27,2434.85,95083
2021-05-10 10:54:29,2434.85,95088
2021-05-10 10:54:31,2434.85,95088
2021-05-10 10:54:33,2435.0,95138
2021-05-10 10:54:34,2433.75,95198
2021-05-10 10:54:36,2433.75,95198
2021-05-10 10:54:38,2433.75,95198
2021-05-10 10:54:40,2434.95,95199
2021-05-10 10:54:42,2433.85,95221
2021-05-10 10:54:44,2433.85,95221
2021-05-10 10:54:45,2433.85,95221
2021-05-10 10:54:47,2433.85,95221
2021-05-10 10:54:49,2433.85,95221
2021-05-10 10:54:51,2435.0,95371
2021-05-10 10:54:52,2435.0,95375
2021-05-10 10:54:55,2434.05,95385
2021-05-10 10:54:57,2434.95,95397
2021-05-10 10:54:59,2434.95,95397
2021-05-10 10:55:01,2435.0,96535
2021-05-10 10:55:03,2436.0,96540
2021-05-10 10:55:05,2436.0,96540
2021-05-10 10:55:07,2436.0,96540
2021-05-10 10:55:08,2436.0,96540
2021-05-10 10:55:10,2436.0,96540
2021-05-10 10:55:12,2437.45,97281
2021-05-10 10:55:14,2437.45,97281
2021-05-10 10:55:15,2437.45,97281
2021-05-10 10:55:17,2437.45,97281
2021-05-10 10:55:19,2437.45,97281
2021-05-10 10:55:21,2438.0,97629
2021-05-10 10:55:23,2436.8,97631
2021-05-10 10:55:25,2437.95,97719
2021-05-10 10:55:27,2437.0,97722
2021-05-10 10:55:29,2436.0,98175
2021-05-10 10:55:31,2436.75,98225
2021-05-10 10:55:34,2436.75,98292
2021-05-10 10:55:36,2437.1,98328
2021-05-10 10:55:38,2437.1,98328
2021-05-10 10:55:40,2436.0,98329
2021-05-10 10:55:42,2436.0,98329
2021-05-10 10:55:44,2436.0,98329
2021-05-10 10:55:46,2436.75,98338
2021-05-10 10:55:48,2436.75,98338
2021-05-10 10:55:50,2436.0,98388
2021-05-10 10:55:52,2436.75,98392
2021-05-10 10:55:54,2436.7,98397
2021-05-10 10:55:56,2436.75,98423
2021-05-10 10:55:58,2436.0,98443
2021-05-10 10:56:00,2436.75,98747
2021-05-10 10:56:02,2436.75,98777
2021-05-10 10:56:04,2436.75,98778
2021-05-10 10:56:05,2436.95,98779
2021-05-10 10:56:07,2436.95,98779
2021-05-10 10:56:09,2436.95,98779
2021-05-10 10:56:11,2436.75,98796
2021-05-10 10:56:13,2436.75,98796
2021-05-10 10:56:15,2437.0,98896
2021-05-10 10:56:17,2436.95,98918
2021-05-10 10:56:19,2436.95,98918
2021-05-10 10:56:21,2436.95,98918
2021-05-10 10:56:23,2437.3,99102
2021-05-10 10:56:25,2437.3,99102
2021-05-10 10:56:27,2437.3,99102
2021-05-10 10:56:29,2436.95,99103
2021-05-10 10:56:32,2436.0,99174
2021-05-10 10:56:34,2436.0,99175
2021-05-10 10:56:36,2436.9,99180
2021-05-10 10:56:38,2436.9,99180
2021-05-10 10:56:39,2436.9,99180
2021-05-10 10:56:41,2436.0,99193
2021-05-10 10:56:43,2436.0,99193
2021-05-10 10:56:45,2436.0,99228
2021-05-10 10:56:47,2436.0,99228
2021-05-10 10:56:49,2437.0,99229
2021-05-10 10:56:51,2437.0,99229
2021-05-10 10:56:53,2437.0,99230
2021-05-10 10:56:55,2437.0,99232
2021-05-10 10:56:57,2436.0,99237
2021-05-10 10:56:59,2436.0,99258
2021-05-10 10:57:02,2437.0,99268
2021-05-10 10:57:04,2437.0,99268
2021-05-10 10:57:06,2437.0,99268
2021-05-10 10:57:08,2437.0,99268
2021-05-10 10:57:10,2436.0,99273
2021-05-10 10:57:12,2436.0,99284
2021-05-10 10:57:14,2436.0,99302
2021-05-10 10:57:16,2436.0,99302
2021-05-10 10:57:18,2436.0,99302
2021-05-10 10:57:20,2435.3,99569
2021-05-10 10:57:22,2436.75,99619
2021-05-10 10:57:24,2434.3,99827
2021-05-10 10:57:26,2434.3,99827
2021-05-10 10:57:28,2434.3,99827
2021-05-10 10:57:30,2434.55,99831
2021-05-10 10:57:32,2434.55,99831
2021-05-10 10:57:35,2434.4,99832
2021-05-10 10:57:36,2434.4,99832
2021-05-10 10:57:38,2434.4,99832
2021-05-10 10:57:40,2434.4,99832
2021-05-10 10:57:42,2435.4,99858
2021-05-10 10:57:43,2434.0,99894
2021-05-10 10:57:45,2434.0,99894
2021-05-10 10:57:47,2434.0,99944
2021-05-10 10:57:49,2435.3,100044
2021-05-10 10:57:51,2434.0,100117
2021-05-10 10:57:53,2433.1,100118
2021-05-10 10:57:56,2433.1,100118
2021-05-10 10:57:57,2433.1,100118
2021-05-10 10:57:59,2433.1,100118
2021-05-10 10:58:01,2432.4,100308
2021-05-10 10:58:03,2434.4,100318
2021-05-10 10:58:06,2434.4,100318
2021-05-10 10:58:08,2434.4,100318
2021-05-10 10:58:10,2433.95,100418
2021-05-10 10:58:12,2432.45,100422
2021-05-10 10:58:14,2433.95,100432
2021-05-10 10:58:16,2433.85,100441
2021-05-10 10:58:18,2433.85,100441
2021-05-10 10:58:19,2433.85,100441
2021-05-10 10:58:22,2433.85,100443
2021-05-10 10:58:24,2432.75,100444
2021-05-10 10:58:27,2432.75,100444
2021-05-10 10:58:29,2433.85,100448
2021-05-10 10:58:31,2433.85,100448
2021-05-10 10:58:33,2433.85,100448
2021-05-10 10:58:35,2432.8,100454
2021-05-10 10:58:36,2432.8,100454
2021-05-10 10:58:41,2432.65,100508
2021-05-10 10:58:43,2432.8,100518
2021-05-10 10:58:45,2432.8,100518
2021-05-10 10:58:47,2433.65,100520
2021-05-10 10:58:49,2433.65,100522
2021-05-10 10:58:51,2433.65,100522
2021-05-10 10:58:53,2433.65,100524
2021-05-10 10:58:55,2433.65,100526
2021-05-10 10:58:57,2433.65,100526
2021-05-10 10:58:59,2433.0,100539
2021-05-10 10:59:01,2433.0,100539
2021-05-10 10:59:07,2433.65,100549
2021-05-10 10:59:09,2433.65,100549
2021-05-10 10:59:12,2434.35,100552
2021-05-10 10:59:14,2434.35,100552
2021-05-10 10:59:16,2432.35,100570
2021-05-10 10:59:18,2432.35,100570
2021-05-10 10:59:20,2432.35,100570
2021-05-10 10:59:22,2432.35,100570
2021-05-10 10:59:25,2432.35,100570
2021-05-10 10:59:27,2432.35,100575
2021-05-10 10:59:29,2432.35,100575
2021-05-10 10:59:31,2432.85,100581
2021-05-10 10:59:34,2433.0,100600
2021-05-10 10:59:36,2433.0,100600
2021-05-10 10:59:38,2433.0,100603
2021-05-10 10:59:39,2433.0,100603
2021-05-10 10:59:41,2433.0,100603
2021-05-10 10:59:43,2432.85,100606
2021-05-10 10:59:45,2432.85,100606
2021-05-10 10:59:47,2433.0,100607
2021-05-10 10:59:48,2433.0,100607
2021-05-10 10:59:50,2433.0,100607
2021-05-10 10:59:52,2433.0,100607
2021-05-10 10:59:54,2433.0,100807
2021-05-10 10:59:56,2433.0,100809
2021-05-10 10:59:57,2432.45,100822
2021-05-10 10:59:59,2432.45,100822
2021-05-10 11:00:01,2433.0,100827
2021-05-10 11:00:04,2433.0,100829
2021-05-10 11:00:07,2433.0,100829
2021-05-10 11:00:09,2433.0,100829
2021-05-10 11:00:11,2433.0,100829
2021-05-10 11:00:13,2435.0,100953
2021-05-10 11:00:15,2435.0,100953
2021-05-10 11:00:17,2434.2,100955
2021-05-10 11:00:19,2435.0,100956
2021-05-10 11:00:22,2435.0,100956
2021-05-10 11:00:24,2435.0,100956
2021-05-10 11:00:26,2433.75,100965
2021-05-10 11:00:29,2433.75,100975
2021-05-10 11:00:31,2433.75,100975
2021-05-10 11:00:33,2433.75,100975
2021-05-10 11:00:36,2433.75,100976
2021-05-10 11:00:38,2433.75,100976
2021-05-10 11:00:40,2434.85,101046
2021-05-10 11:00:41,2434.85,101046
2021-05-10 11:00:43,2434.85,101046
2021-05-10 11:00:46,2433.75,101096
2021-05-10 11:00:47,2433.75,101096
2021-05-10 11:00:49,2433.75,101096
2021-05-10 11:00:51,2433.75,101096
2021-05-10 11:00:54,2433.75,101096
2021-05-10 11:00:56,2433.8,101106
2021-05-10 11:00:57,2433.8,101106
2021-05-10 11:01:01,2433.8,101130
2021-05-10 11:01:03,2433.85,101131
2021-05-10 11:01:05,2433.85,101150
2021-05-10 11:01:06,2433.85,101150
2021-05-10 11:01:08,2433.4,101151
2021-05-10 11:01:10,2433.4,101151
2021-05-10 11:01:11,2433.4,101151
2021-05-10 11:01:13,2433.55,101156
2021-05-10 11:01:15,2433.55,101156
2021-05-10 11:01:17,2435.0,101406
2021-05-10 11:01:19,2435.0,101406
2021-05-10 11:01:21,2435.0,101406
2021-05-10 11:01:23,2435.0,101406
2021-05-10 11:01:25,2435.0,101406
2021-05-10 11:01:26,2433.6,101410
2021-05-10 11:01:28,2433.6,101410
2021-05-10 11:01:29,2433.6,101436
2021-05-10 11:01:31,2433.6,101448
2021-05-10 11:01:34,2433.6,101448
2021-05-10 11:01:36,2433.6,101448
2021-05-10 11:01:38,2433.2,101498
2021-05-10 11:01:40,2433.2,101498
2021-05-10 11:01:41,2433.2,101518
2021-05-10 11:01:43,2433.2,101531
2021-05-10 11:01:45,2433.2,101531
2021-05-10 11:01:47,2433.2,101531
2021-05-10 11:01:48,2433.2,101544
2021-05-10 11:01:52,2433.2,101556
2021-05-10 11:01:53,2433.2,101556
2021-05-10 11:01:55,2433.2,101556
2021-05-10 11:01:57,2433.2,101556
2021-05-10 11:01:58,2433.2,101568
2021-05-10 11:02:00,2433.2,101568
2021-05-10 11:02:02,2433.2,101568
2021-05-10 11:02:03,2433.2,101630
2021-05-10 11:02:05,2433.2,101630
2021-05-10 11:02:07,2434.65,101634
2021-05-10 11:02:09,2434.65,101634
2021-05-10 11:02:10,2434.65,101634
2021-05-10 11:02:12,2434.65,101634
2021-05-10 11:02:14,2434.65,101634
2021-05-10 11:02:15,2434.65,101634
2021-05-10 11:02:17,2434.65,101634
2021-05-10 11:02:18,2434.65,101634
2021-05-10 11:02:20,2434.65,101634
2021-05-10 11:02:22,2433.3,101648
2021-05-10 11:02:24,2433.3,101648
2021-05-10 11:02:26,2433.3,101648
2021-05-10 11:02:29,2433.3,101655
2021-05-10 11:02:31,2433.3,101655
2021-05-10 11:02:33,2433.3,101655
2021-05-10 11:02:35,2433.3,101670
2021-05-10 11:02:36,2433.3,101670
2021-05-10 11:02:38,2433.3,101670
2021-05-10 11:02:40,2433.3,101670
2021-05-10 11:02:42,2433.3,101670
2021-05-10 11:02:44,2433.3,101676
2021-05-10 11:02:46,2433.3,101681
2021-05-10 11:02:48,2433.3,101681
2021-05-10 11:02:50,2433.3,101681
2021-05-10 11:02:52,2433.3,101681
2021-05-10 11:02:53,2433.3,101694
2021-05-10 11:02:56,2433.3,101694
2021-05-10 11:02:59,2433.3,101694
2021-05-10 11:03:01,2433.3,101694
2021-05-10 11:03:03,2433.3,101694
2021-05-10 11:03:05,2433.3,101694
2021-05-10 11:03:09,2434.3,101705
2021-05-10 11:03:10,2433.45,101706
2021-05-10 11:03:12,2433.6,101771
2021-05-10 11:03:14,2434.95,101773
2021-05-10 11:03:16,2434.95,101773
2021-05-10 11:03:18,2434.95,101773
2021-05-10 11:03:20,2434.95,101773
2021-05-10 11:03:21,2434.95,101773
2021-05-10 11:03:23,2434.95,101773
2021-05-10 11:03:25,2433.7,101794
2021-05-10 11:03:27,2433.7,101794
2021-05-10 11:03:28,2433.7,101794
2021-05-10 11:03:30,2433.7,101794
2021-05-10 11:03:32,2433.7,101794
2021-05-10 11:03:34,2434.0,101796
2021-05-10 11:03:36,2434.95,101797
2021-05-10 11:03:37,2434.95,101812
2021-05-10 11:03:39,2434.95,101812
2021-05-10 11:03:41,2434.95,101812
2021-05-10 11:03:43,2434.95,101812
2021-05-10 11:03:45,2434.95,101812
2021-05-10 11:03:46,2434.0,101817
2021-05-10 11:03:48,2434.0,101817
2021-05-10 11:03:50,2434.95,101824
2021-05-10 11:03:52,2434.95,101824
2021-05-10 11:03:53,2434.95,101824
2021-05-10 11:03:55,2434.95,101824
2021-05-10 11:03:56,2434.95,101824
2021-05-10 11:03:58,2434.95,101824
2021-05-10 11:04:00,2434.95,101824
2021-05-10 11:04:02,2434.0,101838
2021-05-10 11:04:04,2434.0,101838
2021-05-10 11:04:06,2434.0,101838
2021-05-10 11:04:08,2434.0,101838
2021-05-10 11:04:09,2434.0,101838
2021-05-10 11:04:11,2434.0,101838
2021-05-10 11:04:13,2434.0,101838
2021-05-10 11:04:17,2434.0,101838
2021-05-10 11:04:18,2434.0,101855
2021-05-10 11:04:20,2434.0,101855
2021-05-10 11:04:23,2434.0,101855
2021-05-10 11:04:27,2434.0,101855
2021-05-10 11:04:29,2434.0,101855
2021-05-10 11:04:30,2434.0,101855
2021-05-10 11:04:32,2434.0,101855
2021-05-10 11:04:34,2434.0,101875
2021-05-10 11:04:35,2434.0,101875
2021-05-10 11:04:37,2434.0,101888
2021-05-10 11:04:39,2434.95,101895
2021-05-10 11:04:41,2434.95,101895
2021-05-10 11:04:43,2434.95,101902
2021-05-10 11:04:44,2434.95,101902
2021-05-10 11:04:48,2434.95,101902
2021-05-10 11:04:49,2434.95,101902
2021-05-10 11:04:51,2434.0,101917
2021-05-10 11:04:53,2434.95,101927
2021-05-10 11:04:54,2434.95,101927
2021-05-10 11:04:56,2434.0,101939
2021-05-10 11:04:58,2433.6,101989
2021-05-10 11:04:59,2433.6,101989
2021-05-10 11:05:02,2434.9,101991
2021-05-10 11:05:04,2434.9,101991
2021-05-10 11:05:05,2434.9,101991
2021-05-10 11:05:07,2434.95,102016
2021-05-10 11:05:09,2434.95,102016
2021-05-10 11:05:11,2434.95,102016
2021-05-10 11:05:13,2434.95,102016
2021-05-10 11:05:15,2434.85,102031
2021-05-10 11:05:17,2434.85,102031
2021-05-10 11:05:20,2433.65,102044
2021-05-10 11:05:22,2433.65,102044
2021-05-10 11:05:24,2433.65,102044
2021-05-10 11:05:26,2433.65,102044
2021-05-10 11:05:28,2433.65,102044
2021-05-10 11:05:30,2433.8,102054
2021-05-10 11:05:31,2433.8,102054
2021-05-10 11:05:33,2434.95,102056
2021-05-10 11:05:35,2434.95,102056
2021-05-10 11:05:37,2434.95,102064
2021-05-10 11:05:39,2434.95,102069
2021-05-10 11:05:41,2433.8,102070
2021-05-10 11:05:43,2433.8,102082
2021-05-10 11:05:45,2434.95,102182
2021-05-10 11:05:47,2434.95,102192
2021-05-10 11:05:49,2434.95,102192
2021-05-10 11:05:51,2434.95,102192
2021-05-10 11:05:53,2434.95,102192
2021-05-10 11:05:55,2434.95,102192
2021-05-10 11:05:57,2434.95,102192
2021-05-10 11:05:59,2433.9,102205
2021-05-10 11:06:01,2433.9,102208
2021-05-10 11:06:03,2433.9,102208
2021-05-10 11:06:09,2433.9,102208
2021-05-10 11:06:12,2434.9,102209
2021-05-10 11:06:14,2434.9,102209
2021-05-10 11:06:18,2433.9,102222
2021-05-10 11:06:20,2433.9,102222
2021-05-10 11:06:24,2433.9,102222
2021-05-10 11:06:26,2433.9,102222
2021-05-10 11:06:28,2433.9,102222
2021-05-10 11:06:31,2433.9,102222
2021-05-10 11:06:33,2434.95,102238
2021-05-10 11:06:35,2433.9,102250
2021-05-10 11:06:36,2433.9,102250
2021-05-10 11:06:38,2433.9,102250
2021-05-10 11:06:40,2433.9,102251
2021-05-10 11:06:42,2433.9,102251
2021-05-10 11:06:46,2434.95,102255
2021-05-10 11:06:48,2434.95,102255
2021-05-10 11:06:49,2434.95,102255
2021-05-10 11:06:51,2434.95,102255
2021-05-10 11:06:53,2434.95,102258
2021-05-10 11:06:55,2434.0,102273
2021-05-10 11:06:59,2434.0,102273
2021-05-10 11:07:02,2434.0,102273
2021-05-10 11:07:04,2434.0,102273
2021-05-10 11:07:06,2434.0,102273
2021-05-10 11:07:07,2434.0,102273
2021-05-10 11:07:09,2434.0,102273
2021-05-10 11:07:11,2434.0,102273
2021-05-10 11:07:12,2434.0,102273
2021-05-10 11:07:16,2434.0,102273
2021-05-10 11:07:19,2434.0,102273
2021-05-10 11:07:21,2434.15,102297
2021-05-10 11:07:23,2434.15,102313
2021-05-10 11:07:24,2434.15,102313
2021-05-10 11:07:26,2434.15,102313
2021-05-10 11:07:28,2434.15,102313
2021-05-10 11:07:30,2434.15,102313
2021-05-10 11:07:32,2434.15,102313
2021-05-10 11:07:33,2434.15,102313
2021-05-10 11:07:35,2434.15,102313
2021-05-10 11:07:37,2435.0,102553
2021-05-10 11:07:39,2435.0,102553
2021-05-10 11:07:41,2435.0,102553
2021-05-10 11:07:43,2434.2,102653
2021-05-10 11:07:44,2434.2,102653
2021-05-10 11:07:46,2434.2,102653
2021-05-10 11:07:47,2434.2,102653
2021-05-10 11:07:49,2434.2,102653
2021-05-10 11:07:52,2434.2,102653
2021-05-10 11:07:54,2434.2,102653
2021-05-10 11:07:58,2434.2,102653
2021-05-10 11:08:00,2434.2,102653
