timestamp,ltp,volume
2021-05-10 09:31:04,1360.7,196514
2021-05-10 09:31:05,1359.8,196909
2021-05-10 09:31:06,1359.95,196989
2021-05-10 09:31:07,1359.95,197034
2021-05-10 09:31:08,1359.95,197236
2021-05-10 09:31:09,1360.0,197390
2021-05-10 09:31:10,1360.0,197518
2021-05-10 09:31:11,1360.0,197595
2021-05-10 09:31:12,1360.0,197606
2021-05-10 09:31:13,1359.85,197734
2021-05-10 09:31:14,1359.85,197803
2021-05-10 09:31:15,1359.85,197817
2021-05-10 09:31:16,1359.95,197840
2021-05-10 09:31:17,1359.85,197842
2021-05-10 09:31:18,1359.9,197884
2021-05-10 09:31:19,1359.95,197916
2021-05-10 09:31:20,1359.95,198003
2021-05-10 09:31:22,1359.4,198517
2021-05-10 09:31:23,1359.3,198570
2021-05-10 09:31:24,1359.2,198782
2021-05-10 09:31:25,1359.8,198913
2021-05-10 09:31:26,1359.85,199113
2021-05-10 09:31:27,1359.85,199143
2021-05-10 09:31:28,1359.85,199143
2021-05-10 09:31:29,1359.85,199143
2021-05-10 09:31:30,1359.55,199409
2021-05-10 09:31:31,1359.55,199409
2021-05-10 09:31:32,1359.6,199427
2021-05-10 09:31:33,1359.3,199450
2021-05-10 09:31:34,1359.0,199462
2021-05-10 09:31:35,1359.3,199478
2021-05-10 09:31:36,1359.3,199480
2021-05-10 09:31:37,1359.5,199490
2021-05-10 09:31:38,1359.05,199491
2021-05-10 09:31:39,1359.5,199520
2021-05-10 09:31:40,1359.5,199520
2021-05-10 09:31:41,1359.1,199522
2021-05-10 09:31:42,1359.45,200126
2021-05-10 09:31:43,1359.45,200224
2021-05-10 09:31:44,1359.45,200224
2021-05-10 09:31:45,1359.45,200552
2021-05-10 09:31:46,1359.0,200885
2021-05-10 09:31:47,1359.0,200885
2021-05-10 09:31:48,1359.2,200890
2021-05-10 09:31:49,1359.45,201065
2021-05-10 09:31:50,1359.45,201081
2021-05-10 09:31:51,1359.0,201211
2021-05-10 09:31:52,1359.4,201230
2021-05-10 09:31:53,1359.4,201230
2021-05-10 09:31:54,1359.15,201240
2021-05-10 09:31:55,1359.4,201266
2021-05-10 09:31:56,1359.0,201354
2021-05-10 09:31:57,1359.0,201359
2021-05-10 09:31:58,1359.0,201359
2021-05-10 09:31:59,1359.0,201359
2021-05-10 09:32:00,1359.0,201360
2021-05-10 09:32:01,1359.4,201410
2021-05-10 09:32:02,1359.4,201410
2021-05-10 09:32:03,1359.0,201420
2021-05-10 09:32:04,1359.0,201445
2021-05-10 09:32:05,1359.0,201445
2021-05-10 09:32:06,1359.3,201808
2021-05-10 09:32:07,1358.7,201847
2021-05-10 09:32:08,1359.0,202313
2021-05-10 09:32:09,1358.65,202357
2021-05-10 09:32:10,1358.65,202358
2021-05-10 09:32:11,1358.6,202576
2021-05-10 09:32:12,1358.65,202684
2021-05-10 09:32:13,1359.0,202699
2021-05-10 09:32:14,1359.0,202704
2021-05-10 09:32:15,1358.95,202705
2021-05-10 09:32:16,1358.95,202705
2021-05-10 09:32:18,1358.45,202710
2021-05-10 09:32:19,1358.45,202710
2021-05-10 09:32:19,1358.45,202710
2021-05-10 09:32:20,1358.45,202780
2021-05-10 09:32:21,1358.95,202790
2021-05-10 09:32:23,1358.95,202791
2021-05-10 09:32:23,1358.95,202791
2021-05-10 09:32:24,1358.9,203050
2021-05-10 09:32:25,1358.7,203061
2021-05-10 09:32:26,1358.7,203525
2021-05-10 09:32:27,1358.5,203530
2021-05-10 09:32:28,1358.55,203535
2021-05-10 09:32:29,1358.45,203690
2021-05-10 09:32:30,1358.55,203702
2021-05-10 09:32:31,1358.45,203752
2021-05-10 09:32:32,1358.45,203879
2021-05-10 09:32:33,1358.1,203880
2021-05-10 09:32:34,1358.25,203882
2021-05-10 09:32:35,1358.1,203984
2021-05-10 09:32:36,1358.1,204003
2021-05-10 09:32:37,1358.05,204032
2021-05-10 09:32:38,1358.0,204856
2021-05-10 09:32:40,1358.1,205246
2021-05-10 09:32:41,1358.5,205753
2021-05-10 09:32:42,1358.5,205753
2021-05-10 09:32:46,1358.4,206099
2021-05-10 09:32:47,1358.4,206102
2021-05-10 09:32:48,1358.4,206102
2021-05-10 09:32:49,1358.4,206102
2021-05-10 09:32:50,1358.4,206102
2021-05-10 09:32:51,1358.5,206157
2021-05-10 09:32:52,1358.7,206162
2021-05-10 09:32:54,1358.7,206162
2021-05-10 09:32:54,1358.5,206168
2021-05-10 09:32:55,1358.5,206168
2021-05-10 09:32:56,1358.5,206168
2021-05-10 09:32:57,1358.6,206181
2021-05-10 09:32:58,1358.5,206184
2021-05-10 09:32:59,1358.75,206195
2021-05-10 09:33:01,1358.95,206278
2021-05-10 09:33:02,1358.95,206278
2021-05-10 09:33:03,1358.5,206342
2021-05-10 09:33:03,1358.45,206372
2021-05-10 09:33:05,1358.45,206378
2021-05-10 09:33:05,1358.45,206378
2021-05-10 09:33:06,1358.5,206589
2021-05-10 09:33:08,1358.7,206641
2021-05-10 09:33:10,1358.7,206641
2021-05-10 09:33:11,1358.5,206643
2021-05-10 09:33:12,1358.7,207651
2021-05-10 09:33:13,1359.0,207746
2021-05-10 09:33:14,1359.2,207878
2021-05-10 09:33:15,1359.1,208043
2021-05-10 09:33:18,1359.85,208321
2021-05-10 09:33:19,1359.85,208477
2021-05-10 09:33:20,1359.85,208477
2021-05-10 09:33:21,1359.85,208477
2021-05-10 09:33:22,1359.85,208477
2021-05-10 09:33:23,1359.85,208477
2021-05-10 09:33:24,1359.8,208683
2021-05-10 09:33:25,1359.8,208683
2021-05-10 09:33:26,1359.2,208686
2021-05-10 09:33:27,1359.8,208696
2021-05-10 09:33:28,1359.8,208717
2021-05-10 09:33:30,1359.75,209167
2021-05-10 09:33:31,1359.75,209167
2021-05-10 09:33:32,1359.8,209419
2021-05-10 09:33:33,1359.75,209435
2021-05-10 09:33:34,1359.75,209435
2021-05-10 09:33:35,1359.75,209435
2021-05-10 09:33:36,1359.8,209490
2021-05-10 09:33:37,1359.8,209490
2021-05-10 09:33:38,1359.3,209491
2021-05-10 09:33:39,1359.8,209552
2021-05-10 09:33:40,1359.3,210489
2021-05-10 09:33:40,1359.3,210489
2021-05-10 09:33:41,1359.8,210551
2021-05-10 09:33:42,1359.75,210567
2021-05-10 09:33:43,1359.75,210578
2021-05-10 09:33:44,1359.6,210587
2021-05-10 09:33:45,1359.8,210816
2021-05-10 09:33:46,1359.8,210898
2021-05-10 09:33:47,1359.75,210909
2021-05-10 09:33:48,1359.8,210963
2021-05-10 09:33:49,1359.75,210964
2021-05-10 09:33:50,1359.3,211499
2021-05-10 09:33:51,1359.75,211517
2021-05-10 09:33:52,1359.75,211517
2021-05-10 09:33:54,1359.35,211570
2021-05-10 09:33:55,1359.75,211575
2021-05-10 09:33:56,1359.75,211653
2021-05-10 09:33:57,1359.35,211663
2021-05-10 09:33:57,1359.8,211697
2021-05-10 09:33:58,1359.35,211705
2021-05-10 09:33:59,1359.8,211779
2021-05-10 09:34:00,1359.75,211781
2021-05-10 09:34:02,1359.35,212878
2021-05-10 09:34:03,1358.7,212935
2021-05-10 09:34:04,1358.7,212935
2021-05-10 09:34:05,1358.7,212935
2021-05-10 09:34:06,1359.35,213016
2021-05-10 09:34:07,1359.3,213017
2021-05-10 09:34:08,1358.75,213167
2021-05-10 09:34:09,1359.25,213177
2021-05-10 09:34:10,1359.25,213188
2021-05-10 09:34:11,1359.5,213203
2021-05-10 09:34:12,1359.0,213208
2021-05-10 09:34:13,1359.0,213210
2021-05-10 09:34:14,1359.0,213210
2021-05-10 09:34:15,1359.3,213212
2021-05-10 09:34:17,1358.75,213254
2021-05-10 09:34:18,1358.75,213254
2021-05-10 09:34:19,1359.0,213257
2021-05-10 09:34:20,1359.0,213258
2021-05-10 09:34:22,1358.95,213287
2021-05-10 09:34:23,1359.0,213345
2021-05-10 09:34:25,1359.5,213461
2021-05-10 09:34:26,1359.5,213474
2021-05-10 09:34:27,1359.5,213480
2021-05-10 09:34:27,1359.5,213480
2021-05-10 09:34:28,1359.7,213482
2021-05-10 09:34:30,1359.75,213504
2021-05-10 09:34:31,1359.7,213541
2021-05-10 09:34:32,1359.7,213541
2021-05-10 09:34:33,1359.4,213551
2021-05-10 09:34:34,1359.0,213841
2021-05-10 09:34:35,1359.25,213872
2021-05-10 09:34:36,1359.3,213880
2021-05-10 09:34:37,1359.3,213882
2021-05-10 09:34:38,1359.5,214537
2021-05-10 09:34:39,1359.5,214702
2021-05-10 09:34:40,1359.8,214742
2021-05-10 09:34:40,1359.8,214756
2021-05-10 09:34:42,1359.8,214785
2021-05-10 09:34:42,1359.8,214792
2021-05-10 09:34:44,1359.8,214938
2021-05-10 09:34:45,1359.8,215032
2021-05-10 09:34:45,1359.8,215064
2021-05-10 09:34:47,1359.75,215184
2021-05-10 09:34:48,1359.5,215254
2021-05-10 09:34:49,1359.8,215266
2021-05-10 09:34:50,1359.8,215294
2021-05-10 09:34:52,1359.8,215361
2021-05-10 09:34:53,1359.8,215408
2021-05-10 09:34:54,1359.6,215550
2021-05-10 09:34:55,1359.8,215602
2021-05-10 09:34:56,1359.6,215628
2021-05-10 09:34:57,1359.4,215631
2021-05-10 09:34:58,1359.55,215632
2021-05-10 09:34:59,1359.6,215648
2021-05-10 09:35:00,1359.6,215648
2021-05-10 09:35:01,1359.7,215661
2021-05-10 09:35:01,1359.55,215672
2021-05-10 09:35:03,1359.5,215682
2021-05-10 09:35:04,1359.5,215687
2021-05-10 09:35:05,1359.5,215689
2021-05-10 09:35:06,1359.35,215807
2021-05-10 09:35:07,1359.5,215867
2021-05-10 09:35:09,1359.5,215875
2021-05-10 09:35:10,1359.4,215935
2021-05-10 09:35:10,1359.3,215955
2021-05-10 09:35:11,1359.55,216098
2021-05-10 09:35:12,1359.0,216499
2021-05-10 09:35:13,1359.55,216520
2021-05-10 09:35:15,1359.5,216558
2021-05-10 09:35:16,1359.5,216577
2021-05-10 09:35:17,1359.6,216613
2021-05-10 09:35:18,1359.45,216784
2021-05-10 09:35:19,1359.55,216846
2021-05-10 09:35:21,1359.5,216878
2021-05-10 09:35:22,1359.5,216879
2021-05-10 09:35:23,1359.5,216903
2021-05-10 09:35:23,1359.45,217004
2021-05-10 09:35:24,1359.45,217041
2021-05-10 09:35:25,1359.5,217088
2021-05-10 09:35:26,1359.5,217111
2021-05-10 09:35:27,1359.45,217172
2021-05-10 09:35:28,1359.5,217208
2021-05-10 09:35:29,1359.5,217226
2021-05-10 09:35:30,1359.45,217248
2021-05-10 09:35:31,1359.45,217397
2021-05-10 09:35:33,1359.45,217414
2021-05-10 09:35:35,1359.5,217427
2021-05-10 09:35:36,1359.45,217434
2021-05-10 09:35:37,1359.5,217559
2021-05-10 09:35:38,1359.5,217622
2021-05-10 09:35:39,1357.55,222781
2021-05-10 09:35:40,1358.6,223890
2021-05-10 09:35:41,1358.95,224479
2021-05-10 09:35:42,1358.6,224634
2021-05-10 09:35:42,1359.1,224694
2021-05-10 09:35:43,1359.1,224976
2021-05-10 09:35:44,1359.35,225325
2021-05-10 09:35:45,1359.45,225587
2021-05-10 09:35:48,1359.35,225948
2021-05-10 09:35:49,1359.5,226128
2021-05-10 09:35:50,1359.5,226333
2021-05-10 09:35:51,1359.6,226500
2021-05-10 09:35:52,1359.65,226752
2021-05-10 09:35:53,1359.65,226947
2021-05-10 09:35:54,1359.65,227003
2021-05-10 09:35:55,1360.2,231035
2021-05-10 09:35:56,1360.05,231473
2021-05-10 09:35:56,1360.05,231334
2021-05-10 09:35:57,1360.55,232138
2021-05-10 09:35:59,1360.5,232614
2021-05-10 09:36:00,1360.0,232619
2021-05-10 09:36:01,1360.0,232619
2021-05-10 09:36:02,1360.0,232624
2021-05-10 09:36:03,1360.05,232727
2021-05-10 09:36:04,1360.5,232738
2021-05-10 09:36:05,1360.45,232883
2021-05-10 09:36:05,1360.0,232933
2021-05-10 09:36:08,1360.5,233936
2021-05-10 09:36:09,1360.05,234536
2021-05-10 09:36:10,1360.05,234592
2021-05-10 09:36:11,1360.5,234597
2021-05-10 09:36:12,1360.1,234602
2021-05-10 09:36:13,1360.1,234605
2021-05-10 09:36:13,1360.5,234662
2021-05-10 09:36:15,1360.5,234662
2021-05-10 09:36:16,1360.1,234785
2021-05-10 09:36:18,1360.5,234910
2021-05-10 09:36:19,1360.3,235011
2021-05-10 09:36:20,1360.95,235621
2021-05-10 09:36:21,1360.35,235762
2021-05-10 09:36:22,1360.95,235820
2021-05-10 09:36:23,1360.5,235828
2021-05-10 09:36:24,1360.5,235828
2021-05-10 09:36:25,1361.0,237461
2021-05-10 09:36:26,1360.5,237471
2021-05-10 09:36:28,1360.95,237791
2021-05-10 09:36:29,1360.5,237798
2021-05-10 09:36:30,1360.95,238053
2021-05-10 09:36:31,1360.55,238098
2021-05-10 09:36:31,1360.95,238100
2021-05-10 09:36:33,1360.9,238103
2021-05-10 09:36:33,1360.9,238112
2021-05-10 09:36:35,1360.75,238152
2021-05-10 09:36:35,1361.0,238219
2021-05-10 09:36:37,1360.9,242559
2021-05-10 09:36:38,1361.5,242838
2021-05-10 09:36:39,1361.85,243799
2021-05-10 09:36:40,1361.9,244944
2021-05-10 09:36:41,1361.95,245559
2021-05-10 09:36:42,1362.0,245980
2021-05-10 09:36:43,1362.0,246030
2021-05-10 09:36:44,1361.9,246523
2021-05-10 09:36:45,1361.25,246569
2021-05-10 09:36:46,1362.0,246689
2021-05-10 09:36:47,1362.0,246719
2021-05-10 09:36:48,1361.35,247749
2021-05-10 09:36:49,1362.0,249235
2021-05-10 09:36:50,1362.0,249414
2021-05-10 09:36:51,1361.55,249555
2021-05-10 09:36:51,1361.55,249590
2021-05-10 09:36:53,1361.45,249838
2021-05-10 09:36:54,1361.95,250177
2021-05-10 09:36:55,1362.0,250308
2021-05-10 09:36:56,1362.0,250351
2021-05-10 09:36:57,1362.0,250351
2021-05-10 09:36:58,1361.95,250426
2021-05-10 09:36:59,1361.65,250459
2021-05-10 09:37:00,1361.95,250637
2021-05-10 09:37:01,1361.95,250641
2021-05-10 09:37:02,1362.0,250818
2021-05-10 09:37:03,1362.0,251052
2021-05-10 09:37:04,1361.5,251069
2021-05-10 09:37:05,1362.0,251099
2021-05-10 09:37:06,1361.5,251152
2021-05-10 09:37:07,1361.5,251152
2021-05-10 09:37:08,1362.0,253192
2021-05-10 09:37:09,1361.9,253731
2021-05-10 09:37:10,1361.95,253923
2021-05-10 09:37:11,1361.9,253950
2021-05-10 09:37:12,1361.9,254050
2021-05-10 09:37:13,1361.9,254254
2021-05-10 09:37:14,1361.9,254258
2021-05-10 09:37:15,1361.95,254381
2021-05-10 09:37:16,1361.45,254396
2021-05-10 09:37:17,1361.8,254507
2021-05-10 09:37:18,1362.0,254607
2021-05-10 09:37:19,1361.6,255152
2021-05-10 09:37:20,1361.6,255214
2021-05-10 09:37:21,1361.95,255240
2021-05-10 09:37:22,1361.95,255277
2021-05-10 09:37:23,1361.95,256152
2021-05-10 09:37:24,1361.65,256793
2021-05-10 09:37:25,1362.0,256875
2021-05-10 09:37:26,1362.0,257160
2021-05-10 09:37:26,1362.0,257160
2021-05-10 09:37:27,1362.0,257183
2021-05-10 09:37:28,1361.95,257218
2021-05-10 09:37:29,1361.85,257316
2021-05-10 09:37:31,1361.95,257378
2021-05-10 09:37:32,1361.95,257378
2021-05-10 09:37:34,1361.65,257512
2021-05-10 09:37:35,1360.65,260495
2021-05-10 09:37:36,1359.95,260960
2021-05-10 09:37:37,1360.35,261245
2021-05-10 09:37:38,1360.35,261574
2021-05-10 09:37:39,1360.35,261574
2021-05-10 09:37:40,1360.4,261591
2021-05-10 09:37:41,1360.4,261591
2021-05-10 09:37:42,1361.15,261636
2021-05-10 09:37:43,1361.15,261643
2021-05-10 09:37:44,1361.0,261653
2021-05-10 09:37:45,1361.0,261653
2021-05-10 09:37:46,1361.0,261703
2021-05-10 09:37:46,1361.0,261709
2021-05-10 09:37:47,1360.45,261725
2021-05-10 09:37:49,1360.45,261725
2021-05-10 09:37:50,1360.45,261725
2021-05-10 09:37:51,1360.95,261727
2021-05-10 09:37:52,1360.45,261752
2021-05-10 09:37:53,1360.7,261805
2021-05-10 09:37:54,1360.7,261805
2021-05-10 09:37:55,1360.35,261927
2021-05-10 09:37:56,1360.35,261927
2021-05-10 09:37:57,1360.35,262019
2021-05-10 09:37:58,1360.4,262038
2021-05-10 09:37:59,1360.4,262160
2021-05-10 09:38:00,1360.4,262160
2021-05-10 09:38:01,1360.4,262192
2021-05-10 09:38:02,1360.85,262209
2021-05-10 09:38:03,1360.8,262213
2021-05-10 09:38:04,1360.6,262225
2021-05-10 09:38:05,1360.5,262285
2021-05-10 09:38:06,1360.5,262285
2021-05-10 09:38:07,1360.25,262387
2021-05-10 09:38:08,1360.1,262410
2021-05-10 09:38:09,1360.1,262414
2021-05-10 09:38:10,1360.1,262414
2021-05-10 09:38:11,1360.1,262580
2021-05-10 09:38:12,1360.1,262580
2021-05-10 09:38:14,1360.4,262697
2021-05-10 09:38:13,1360.0,262633
2021-05-10 09:38:14,1360.0,263174
2021-05-10 09:38:16,1360.1,263239
2021-05-10 09:38:17,1360.1,263239
2021-05-10 09:38:18,1359.6,263532
2021-05-10 09:38:19,1360.4,263587
2021-05-10 09:38:20,1359.85,263625
2021-05-10 09:38:21,1360.0,263639
2021-05-10 09:38:22,1360.0,263643
2021-05-10 09:38:23,1360.0,263711
2021-05-10 09:38:24,1359.55,264336
2021-05-10 09:38:25,1360.0,264498
2021-05-10 09:38:26,1360.45,264998
2021-05-10 09:38:26,1360.45,264998
2021-05-10 09:38:27,1360.1,265118
2021-05-10 09:38:29,1359.9,265387
2021-05-10 09:38:30,1360.1,265396
2021-05-10 09:38:31,1360.1,265421
2021-05-10 09:38:32,1360.1,265476
2021-05-10 09:38:33,1360.1,265552
2021-05-10 09:38:34,1360.1,265552
2021-05-10 09:38:35,1360.1,265556
2021-05-10 09:38:36,1360.45,265633
2021-05-10 09:38:36,1360.45,265633
2021-05-10 09:38:37,1360.1,265635
2021-05-10 09:38:39,1360.5,265703
2021-05-10 09:38:40,1360.45,265796
2021-05-10 09:38:41,1360.45,265796
2021-05-10 09:38:42,1360.45,265890
2021-05-10 09:38:43,1360.5,265942
2021-05-10 09:38:44,1360.5,265957
2021-05-10 09:38:45,1360.5,265957
2021-05-10 09:38:46,1360.5,265957
2021-05-10 09:38:47,1360.35,266243
2021-05-10 09:38:48,1360.45,266244
2021-05-10 09:38:49,1360.5,266287
2021-05-10 09:38:50,1360.5,266397
2021-05-10 09:38:51,1360.6,266861
2021-05-10 09:38:52,1360.6,266861
2021-05-10 09:38:53,1360.6,266864
2021-05-10 09:38:54,1360.7,267300
2021-05-10 09:38:56,1360.7,267352
2021-05-10 09:38:57,1360.7,267363
2021-05-10 09:38:58,1360.7,267457
2021-05-10 09:38:59,1360.7,267480
2021-05-10 09:39:00,1360.5,267502
2021-05-10 09:39:01,1360.5,267502
2021-05-10 09:39:02,1360.7,267619
2021-05-10 09:39:03,1360.7,267619
2021-05-10 09:39:04,1360.5,267669
2021-05-10 09:39:05,1360.65,267675
2021-05-10 09:39:06,1360.65,267675
2021-05-10 09:39:07,1360.5,267705
2021-05-10 09:39:08,1360.45,267721
2021-05-10 09:39:09,1360.5,267866
2021-05-10 09:39:10,1360.45,267870
2021-05-10 09:39:11,1360.45,267871
2021-05-10 09:39:12,1360.45,267871
2021-05-10 09:39:13,1360.5,267896
2021-05-10 09:39:14,1360.45,267911
2021-05-10 09:39:15,1360.45,267911
2021-05-10 09:39:16,1360.45,268031
2021-05-10 09:39:17,1360.5,268036
2021-05-10 09:39:18,1360.7,268086
2021-05-10 09:39:19,1360.45,268473
2021-05-10 09:39:20,1360.75,268683
2021-05-10 09:39:21,1360.45,268753
2021-05-10 09:39:22,1360.45,269087
2021-05-10 09:39:23,1360.45,269087
2021-05-10 09:39:24,1360.45,269103
2021-05-10 09:39:25,1360.45,269153
2021-05-10 09:39:26,1360.45,269216
2021-05-10 09:39:27,1360.45,269222
2021-05-10 09:39:28,1360.45,269222
2021-05-10 09:39:29,1360.45,269222
2021-05-10 09:39:30,1360.45,269222
2021-05-10 09:39:31,1359.85,270449
2021-05-10 09:39:32,1359.85,270755
2021-05-10 09:39:33,1359.85,270990
2021-05-10 09:39:34,1359.8,271321
2021-05-10 09:39:35,1359.75,271408
2021-05-10 09:39:36,1359.85,271445
2021-05-10 09:39:37,1359.85,271644
2021-05-10 09:39:38,1359.9,271779
2021-05-10 09:39:39,1359.4,271948
2021-05-10 09:39:40,1359.9,272081
2021-05-10 09:39:41,1359.9,272081
2021-05-10 09:39:42,1359.9,272134
2021-05-10 09:39:43,1359.9,272134
2021-05-10 09:39:44,1359.9,272139
2021-05-10 09:39:45,1359.4,272191
2021-05-10 09:39:46,1359.9,272197
2021-05-10 09:39:47,1359.85,272199
2021-05-10 09:39:48,1359.85,272200
2021-05-10 09:39:49,1359.75,272207
2021-05-10 09:39:50,1360.0,272363
2021-05-10 09:39:51,1360.0,272383
2021-05-10 09:39:52,1360.4,272433
2021-05-10 09:39:53,1360.0,272607
2021-05-10 09:39:54,1360.0,272696
2021-05-10 09:39:55,1360.0,272696
2021-05-10 09:39:56,1360.0,272955
2021-05-10 09:39:57,1360.0,272955
2021-05-10 09:39:58,1360.0,272955
2021-05-10 09:40:00,1360.35,273112
2021-05-10 09:40:01,1359.85,273171
2021-05-10 09:40:03,1359.8,273211
2021-05-10 09:40:04,1359.85,273220
2021-05-10 09:40:06,1359.8,273226
2021-05-10 09:40:07,1359.8,273226
2021-05-10 09:40:08,1359.75,273256
2021-05-10 09:40:09,1359.85,273269
2021-05-10 09:40:10,1359.75,273289
2021-05-10 09:40:11,1360.0,273401
2021-05-10 09:40:12,1360.0,273401
2021-05-10 09:40:13,1359.95,273434
2021-05-10 09:40:14,1359.95,273468
2021-05-10 09:40:15,1359.95,273488
2021-05-10 09:40:16,1360.0,273518
2021-05-10 09:40:17,1360.25,273754
2021-05-10 09:40:18,1360.0,273854
2021-05-10 09:40:19,1360.25,273967
2021-05-10 09:40:21,1360.25,273967
2021-05-10 09:40:20,1360.25,273967
2021-05-10 09:40:22,1360.0,274128
2021-05-10 09:40:23,1360.0,274128
2021-05-10 09:40:24,1360.0,274152
2021-05-10 09:40:25,1360.0,274152
2021-05-10 09:40:26,1360.0,274152
2021-05-10 09:40:27,1360.2,274184
2021-05-10 09:40:28,1360.2,274184
2021-05-10 09:40:29,1360.45,274360
2021-05-10 09:40:30,1360.45,274360
2021-05-10 09:40:31,1360.05,274365
2021-05-10 09:40:32,1360.05,274365
2021-05-10 09:40:33,1360.05,274365
2021-05-10 09:40:34,1360.0,274418
2021-05-10 09:40:35,1360.0,274418
2021-05-10 09:40:36,1360.25,274423
2021-05-10 09:40:37,1360.0,274920
2021-05-10 09:40:38,1359.95,274931
2021-05-10 09:40:39,1360.0,274942
2021-05-10 09:40:40,1360.0,275033
2021-05-10 09:40:41,1360.0,275060
2021-05-10 09:40:42,1360.0,275071
2021-05-10 09:40:43,1360.0,275159
2021-05-10 09:40:44,1360.0,275202
2021-05-10 09:40:45,1360.0,275221
2021-05-10 09:40:46,1360.0,275234
2021-05-10 09:40:47,1360.0,275238
2021-05-10 09:40:48,1359.75,275336
2021-05-10 09:40:49,1359.95,275370
2021-05-10 09:40:50,1359.95,275373
2021-05-10 09:40:51,1359.9,275374
2021-05-10 09:40:52,1359.95,275386
2021-05-10 09:40:54,1359.9,275481
2021-05-10 09:40:54,1359.95,275504
2021-05-10 09:40:55,1359.9,275528
2021-05-10 09:40:56,1359.95,275534
2021-05-10 09:40:57,1359.9,275541
2021-05-10 09:40:58,1359.95,275542
2021-05-10 09:40:59,1359.9,275558
2021-05-10 09:41:00,1359.95,275565
2021-05-10 09:41:01,1359.9,275607
2021-05-10 09:41:02,1359.95,275668
2021-05-10 09:41:03,1359.95,275690
2021-05-10 09:41:04,1359.95,275946
2021-05-10 09:41:06,1359.9,276047
2021-05-10 09:41:06,1359.95,276079
2021-05-10 09:41:07,1359.9,276114
2021-05-10 09:41:08,1359.95,276451
2021-05-10 09:41:09,1359.5,276635
2021-05-10 09:41:10,1360.0,276757
2021-05-10 09:41:11,1359.9,276840
2021-05-10 09:41:12,1359.9,276994
2021-05-10 09:41:13,1360.0,277042
2021-05-10 09:41:14,1360.0,277062
2021-05-10 09:41:15,1359.9,277072
2021-05-10 09:41:17,1360.0,277074
2021-05-10 09:41:17,1360.0,277075
2021-05-10 09:41:18,1359.9,277080
2021-05-10 09:41:19,1359.95,277115
2021-05-10 09:41:20,1359.95,277124
2021-05-10 09:41:21,1359.95,277126
2021-05-10 09:41:22,1359.9,277129
2021-05-10 09:41:23,1359.9,277381
2021-05-10 09:41:24,1359.75,277391
2021-05-10 09:41:25,1359.75,277406
2021-05-10 09:41:26,1359.35,277740
2021-05-10 09:41:27,1359.9,277773
2021-05-10 09:41:28,1359.65,277774
2021-05-10 09:41:29,1359.9,277789
2021-05-10 09:41:30,1359.65,277803
2021-05-10 09:41:31,1359.9,277902
2021-05-10 09:41:32,1359.9,277945
2021-05-10 09:41:33,1359.45,277970
2021-05-10 09:41:34,1359.9,278069
2021-05-10 09:41:35,1359.9,278069
2021-05-10 09:41:36,1359.9,278597
2021-05-10 09:41:37,1360.0,279689
2021-05-10 09:41:38,1360.0,279689
2021-05-10 09:41:39,1359.5,280163
2021-05-10 09:41:41,1360.0,280561
2021-05-10 09:41:41,1359.85,280190
2021-05-10 09:41:42,1360.0,280654
2021-05-10 09:41:43,1360.5,281247
2021-05-10 09:41:44,1360.6,281265
2021-05-10 09:41:45,1360.5,281266
2021-05-10 09:41:46,1360.55,281310
2021-05-10 09:41:47,1360.0,281325
2021-05-10 09:41:48,1360.0,281390
2021-05-10 09:41:49,1360.0,281390
2021-05-10 09:41:50,1360.1,281415
2021-05-10 09:41:51,1360.7,281457
2021-05-10 09:41:52,1361.1,281901
2021-05-10 09:41:53,1361.1,281901
2021-05-10 09:41:55,1361.3,282150
2021-05-10 09:41:55,1361.0,282069
2021-05-10 09:41:56,1361.0,282476
2021-05-10 09:41:58,1361.65,283810
2021-05-10 09:41:58,1361.65,283810
2021-05-10 09:41:59,1361.35,283880
2021-05-10 09:42:00,1361.7,284292
2021-05-10 09:42:02,1361.75,284411
2021-05-10 09:42:02,1361.75,284411
2021-05-10 09:42:03,1361.65,284536
2021-05-10 09:42:04,1361.8,284547
2021-05-10 09:42:05,1362.3,292923
2021-05-10 09:42:06,1362.55,294171
2021-05-10 09:42:07,1363.0,297027
2021-05-10 09:42:08,1363.55,298364
2021-05-10 09:42:09,1363.4,298640
2021-05-10 09:42:10,1363.6,300861
2021-05-10 09:42:11,1363.95,301386
2021-05-10 09:42:12,1364.0,302762
2021-05-10 09:42:13,1364.3,303974
2021-05-10 09:42:14,1364.4,304340
2021-05-10 09:42:15,1364.5,304439
2021-05-10 09:42:17,1364.65,305059
2021-05-10 09:42:17,1364.6,304993
2021-05-10 09:42:18,1364.6,305149
2021-05-10 09:42:19,1364.7,305337
2021-05-10 09:42:21,1364.85,305599
2021-05-10 09:42:21,1364.85,305599
2021-05-10 09:42:22,1364.7,306864
2021-05-10 09:42:23,1364.9,307717
2021-05-10 09:42:25,1365.0,307760
2021-05-10 09:42:25,1364.7,308375
2021-05-10 09:42:26,1365.0,308786
2021-05-10 09:42:27,1365.0,308981
2021-05-10 09:42:28,1365.0,309350
2021-05-10 09:42:29,1364.15,309535
2021-05-10 09:42:30,1364.95,309816
2021-05-10 09:42:31,1364.2,311610
2021-05-10 09:42:32,1364.3,312134
2021-05-10 09:42:33,1364.65,312565
2021-05-10 09:42:34,1364.6,313221
2021-05-10 09:42:35,1363.9,313346
2021-05-10 09:42:36,1364.0,313905
2021-05-10 09:42:37,1364.15,314189
2021-05-10 09:42:38,1363.7,314489
2021-05-10 09:42:39,1364.15,314589
2021-05-10 09:42:40,1364.15,314589
2021-05-10 09:42:42,1363.8,315204
2021-05-10 09:42:44,1363.6,315433
2021-05-10 09:42:44,1363.6,315443
2021-05-10 09:42:45,1363.9,315638
2021-05-10 09:42:47,1363.7,315754
2021-05-10 09:42:48,1363.0,316037
2021-05-10 09:42:49,1363.8,316239
2021-05-10 09:42:50,1363.8,316249
2021-05-10 09:42:51,1363.0,316505
2021-05-10 09:42:52,1363.8,316580
2021-05-10 09:42:53,1363.9,316735
2021-05-10 09:42:54,1363.7,316881
2021-05-10 09:42:55,1363.9,316972
2021-05-10 09:42:56,1363.25,317144
2021-05-10 09:42:57,1363.5,317730
2021-05-10 09:42:58,1362.65,317920
2021-05-10 09:42:59,1363.45,318162
2021-05-10 09:43:01,1362.55,318372
2021-05-10 09:43:01,1362.55,318372
2021-05-10 09:43:02,1363.4,318373
2021-05-10 09:43:03,1363.5,318473
2021-05-10 09:43:04,1363.0,318483
2021-05-10 09:43:05,1363.0,318812
2021-05-10 09:43:06,1362.5,318923
2021-05-10 09:43:07,1363.0,320389
2021-05-10 09:43:08,1363.25,320889
2021-05-10 09:43:09,1363.45,321249
2021-05-10 09:43:11,1363.4,321671
2021-05-10 09:43:12,1363.35,321743
2021-05-10 09:43:13,1362.6,321893
2021-05-10 09:43:14,1362.8,321993
2021-05-10 09:43:14,1363.25,322299
2021-05-10 09:43:15,1363.25,322299
2021-05-10 09:43:16,1363.0,322426
2021-05-10 09:43:17,1363.0,322426
2021-05-10 09:43:18,1363.25,322496
2021-05-10 09:43:19,1363.25,322506
2021-05-10 09:43:20,1363.05,322629
2021-05-10 09:43:21,1363.0,322654
2021-05-10 09:43:23,1363.25,322840
2021-05-10 09:43:24,1363.0,322841
2021-05-10 09:43:25,1363.0,322932
2021-05-10 09:43:26,1363.2,322937
2021-05-10 09:43:27,1363.2,322963
2021-05-10 09:43:28,1363.0,323122
2021-05-10 09:43:28,1362.8,323197
2021-05-10 09:43:30,1362.85,323276
2021-05-10 09:43:31,1362.8,323505
2021-05-10 09:43:32,1363.0,323590
2021-05-10 09:43:33,1362.9,323718
2021-05-10 09:43:35,1362.9,323718
2021-05-10 09:43:36,1363.0,323725
2021-05-10 09:43:37,1362.9,323726
2021-05-10 09:43:38,1363.0,324631
2021-05-10 09:43:38,1363.0,325016
2021-05-10 09:43:39,1363.0,325016
2021-05-10 09:43:41,1363.0,325343
2021-05-10 09:43:43,1363.0,326381
2021-05-10 09:43:44,1363.2,326481
2021-05-10 09:43:45,1363.2,326817
2021-05-10 09:43:46,1363.0,326847
2021-05-10 09:43:47,1363.0,326847
2021-05-10 09:43:48,1363.2,326887
2021-05-10 09:43:49,1363.0,326927
2021-05-10 09:43:49,1363.2,326887
2021-05-10 09:43:50,1363.0,326950
2021-05-10 09:43:51,1363.0,327050
2021-05-10 09:43:53,1363.0,327156
2021-05-10 09:43:54,1362.55,327354
2021-05-10 09:43:55,1363.0,327419
2021-05-10 09:43:56,1362.2,327562
2021-05-10 09:43:57,1362.75,327582
2021-05-10 09:43:58,1362.75,327603
2021-05-10 09:43:59,1362.2,327766
2021-05-10 09:44:00,1362.15,327776
2021-05-10 09:44:01,1362.15,327776
2021-05-10 09:44:02,1362.1,327781
2021-05-10 09:44:03,1362.1,327781
2021-05-10 09:44:04,1362.0,328152
2021-05-10 09:44:05,1362.6,328182
2021-05-10 09:44:06,1362.6,328182
2021-05-10 09:44:07,1361.7,328410
2021-05-10 09:44:08,1361.7,328410
2021-05-10 09:44:09,1362.15,328460
2021-05-10 09:44:10,1362.15,328460
2021-05-10 09:44:11,1362.15,328460
2021-05-10 09:44:12,1361.8,328665
2021-05-10 09:44:14,1362.15,328782
2021-05-10 09:44:14,1362.15,328781
2021-05-10 09:44:15,1362.0,328783
2021-05-10 09:44:16,1362.0,328834
2021-05-10 09:44:17,1362.0,328844
2021-05-10 09:44:18,1361.95,329254
2021-05-10 09:44:19,1361.35,329294
2021-05-10 09:44:21,1361.95,329416
2021-05-10 09:44:21,1361.9,329436
2021-05-10 09:44:23,1361.9,329436
2021-05-10 09:44:24,1361.9,329436
2021-05-10 09:44:25,1361.5,329514
2021-05-10 09:44:26,1361.5,329564
2021-05-10 09:44:26,1361.5,329564
2021-05-10 09:44:27,1361.35,329624
2021-05-10 09:44:28,1361.35,329625
2021-05-10 09:44:29,1361.8,329655
2021-05-10 09:44:30,1361.5,329669
2021-05-10 09:44:31,1361.9,329671
2021-05-10 09:44:32,1361.5,329681
2021-05-10 09:44:34,1361.85,330085
2021-05-10 09:44:35,1361.9,330671
2021-05-10 09:44:36,1361.9,330679
2021-05-10 09:44:36,1361.9,330679
2021-05-10 09:44:37,1361.85,331160
2021-05-10 09:44:38,1361.95,331181
2021-05-10 09:44:39,1361.9,331434
2021-05-10 09:44:40,1361.9,331447
2021-05-10 09:44:41,1361.9,331589
2021-05-10 09:44:42,1362.0,331767
2021-05-10 09:44:44,1362.65,331916
2021-05-10 09:44:45,1362.75,331925
2021-05-10 09:44:46,1362.1,332008
2021-05-10 09:44:47,1362.05,332108
2021-05-10 09:44:48,1362.05,332108
2021-05-10 09:44:49,1362.05,332108
2021-05-10 09:44:50,1362.3,332119
2021-05-10 09:44:51,1361.9,332244
2021-05-10 09:44:52,1362.6,332285
2021-05-10 09:44:53,1362.6,332285
2021-05-10 09:44:54,1362.7,332335
2021-05-10 09:44:56,1362.7,332335
2021-05-10 09:44:57,1362.7,332335
2021-05-10 09:44:58,1362.7,332335
2021-05-10 09:44:59,1362.05,332385
2021-05-10 09:45:00,1362.05,332385
2021-05-10 09:45:00,1362.05,332385
2021-05-10 09:45:01,1362.05,332385
2021-05-10 09:45:02,1362.05,332385
2021-05-10 09:45:03,1362.75,332428
2021-05-10 09:45:04,1362.75,332428
2021-05-10 09:45:05,1362.75,332428
2021-05-10 09:45:06,1362.2,333244
2021-05-10 09:45:08,1362.2,333244
2021-05-10 09:45:09,1362.7,333319
2021-05-10 09:45:10,1362.7,333612
2021-05-10 09:45:11,1362.7,333612
2021-05-10 09:45:11,1362.95,333809
2021-05-10 09:45:12,1362.7,333841
2021-05-10 09:45:14,1363.0,333859
2021-05-10 09:45:15,1362.7,333861
2021-05-10 09:45:16,1363.0,334298
2021-05-10 09:45:17,1362.7,334397
2021-05-10 09:45:18,1363.0,335403
2021-05-10 09:45:19,1363.2,335633
2021-05-10 09:45:20,1363.2,335634
2021-05-10 09:45:21,1363.2,335684
2021-05-10 09:45:22,1363.2,335699
2021-05-10 09:45:23,1363.35,335730
2021-05-10 09:45:24,1363.4,336281
2021-05-10 09:45:25,1363.0,336331
2021-05-10 09:45:26,1363.0,336450
2021-05-10 09:45:27,1362.95,336495
2021-05-10 09:45:27,1362.95,336577
2021-05-10 09:45:28,1362.95,336625
2021-05-10 09:45:29,1363.0,336756
2021-05-10 09:45:30,1363.0,336757
2021-05-10 09:45:31,1363.0,336760
2021-05-10 09:45:32,1362.9,337163
2021-05-10 09:45:33,1362.3,337173
2021-05-10 09:45:35,1362.9,337224
2021-05-10 09:45:36,1362.9,337224
2021-05-10 09:45:37,1362.75,337229
2021-05-10 09:45:38,1362.5,337329
2021-05-10 09:45:38,1362.5,337329
2021-05-10 09:45:40,1362.75,337330
2021-05-10 09:45:41,1362.75,337330
2021-05-10 09:45:42,1362.7,337381
2021-05-10 09:45:43,1362.7,337485
2021-05-10 09:45:44,1362.7,337485
2021-05-10 09:45:45,1362.7,337485
2021-05-10 09:45:46,1362.7,337491
2021-05-10 09:45:47,1362.7,337491
2021-05-10 09:45:48,1362.5,337626
2021-05-10 09:45:49,1362.5,337798
2021-05-10 09:45:50,1362.5,337798
2021-05-10 09:45:51,1362.5,337821
2021-05-10 09:45:52,1362.5,337868
2021-05-10 09:45:52,1362.5,337868
2021-05-10 09:45:53,1362.45,337925
2021-05-10 09:45:55,1362.4,338241
2021-05-10 09:45:54,1362.45,337927
2021-05-10 09:45:56,1362.4,338436
2021-05-10 09:45:57,1362.4,338436
2021-05-10 09:45:59,1362.4,338451
2021-05-10 09:45:59,1362.4,338451
2021-05-10 09:46:01,1362.45,338626
2021-05-10 09:46:02,1362.55,338865
2021-05-10 09:46:03,1362.5,339015
2021-05-10 09:46:04,1362.5,339180
2021-05-10 09:46:05,1362.7,339190
2021-05-10 09:46:06,1363.0,339677
2021-05-10 09:46:07,1362.65,339680
2021-05-10 09:46:08,1362.7,339708
2021-05-10 09:46:09,1362.7,339708
2021-05-10 09:46:10,1362.5,339713
2021-05-10 09:46:11,1362.25,340006
2021-05-10 09:46:12,1362.25,340006
2021-05-10 09:46:13,1363.0,340026
2021-05-10 09:46:14,1362.95,340076
2021-05-10 09:46:14,1362.95,340076
2021-05-10 09:46:15,1362.5,340176
2021-05-10 09:46:16,1362.85,340227
2021-05-10 09:46:17,1362.85,340227
2021-05-10 09:46:18,1362.85,340227
2021-05-10 09:46:20,1362.5,340327
2021-05-10 09:46:21,1362.5,340332
2021-05-10 09:46:22,1362.75,340340
2021-05-10 09:46:22,1362.75,340340
2021-05-10 09:46:23,1362.75,340340
2021-05-10 09:46:24,1362.75,340340
2021-05-10 09:46:26,1362.75,340340
2021-05-10 09:46:27,1362.55,340370
2021-05-10 09:46:28,1362.75,340415
2021-05-10 09:46:30,1362.4,341467
2021-05-10 09:46:30,1362.95,341572
2021-05-10 09:46:32,1362.95,341572
2021-05-10 09:46:32,1362.2,341587
2021-05-10 09:46:34,1362.15,342181
2021-05-10 09:46:35,1362.15,342181
2021-05-10 09:46:35,1362.15,342181
2021-05-10 09:46:36,1362.15,342181
2021-05-10 09:46:38,1362.15,342181
2021-05-10 09:46:39,1362.15,342181
2021-05-10 09:46:40,1362.65,342381
2021-05-10 09:46:42,1362.25,342611
2021-05-10 09:46:42,1362.25,342611
2021-05-10 09:46:45,1362.5,342737
2021-05-10 09:46:45,1362.5,342727
2021-05-10 09:46:46,1362.5,342737
2021-05-10 09:46:47,1362.5,342737
2021-05-10 09:46:48,1362.5,342985
2021-05-10 09:46:49,1362.65,343236
2021-05-10 09:46:50,1362.65,343236
2021-05-10 09:46:51,1362.65,343236
2021-05-10 09:46:52,1362.5,343329
2021-05-10 09:46:54,1362.5,343329
2021-05-10 09:46:55,1362.5,343339
2021-05-10 09:46:56,1362.25,343344
2021-05-10 09:46:56,1362.25,343344
2021-05-10 09:46:58,1362.5,343350
2021-05-10 09:46:59,1362.5,343350
2021-05-10 09:47:00,1362.25,343387
2021-05-10 09:47:01,1362.3,343412
2021-05-10 09:47:02,1362.3,343412
2021-05-10 09:47:02,1362.3,343412
2021-05-10 09:47:03,1362.3,343413
2021-05-10 09:47:04,1362.85,343518
2021-05-10 09:47:05,1362.85,343518
2021-05-10 09:47:07,1362.85,343518
2021-05-10 09:47:08,1362.85,343518
2021-05-10 09:47:09,1363.0,343594
2021-05-10 09:47:10,1362.55,343947
2021-05-10 09:47:11,1362.4,344083
2021-05-10 09:47:12,1362.4,344083
2021-05-10 09:47:13,1362.4,344083
2021-05-10 09:47:14,1362.4,344914
2021-05-10 09:47:15,1362.5,345014
2021-05-10 09:47:16,1362.5,345014
2021-05-10 09:47:17,1363.05,345147
2021-05-10 09:47:18,1363.0,345152
2021-05-10 09:47:18,1363.0,345152
2021-05-10 09:47:19,1363.0,345152
2021-05-10 09:47:21,1362.5,345160
2021-05-10 09:47:22,1362.5,345160
2021-05-10 09:47:22,1362.5,345160
2021-05-10 09:47:23,1362.5,345160
2021-05-10 09:47:24,1362.5,345160
2021-05-10 09:47:26,1362.65,345162
2021-05-10 09:47:27,1362.65,345163
2021-05-10 09:47:28,1362.65,345163
2021-05-10 09:47:29,1362.8,345183
2021-05-10 09:47:30,1362.8,345185
2021-05-10 09:47:31,1362.8,345185
2021-05-10 09:47:32,1362.65,345196
2021-05-10 09:47:33,1362.65,346286
2021-05-10 09:47:34,1362.6,346297
2021-05-10 09:47:35,1362.6,346297
2021-05-10 09:47:36,1362.85,346797
2021-05-10 09:47:36,1362.85,346797
2021-05-10 09:47:38,1362.15,347155
2021-05-10 09:47:39,1362.15,347155
2021-05-10 09:47:40,1362.85,347165
2021-05-10 09:47:41,1362.85,347182
2021-05-10 09:47:41,1362.85,347182
2021-05-10 09:47:42,1363.4,347282
2021-05-10 09:47:43,1363.4,347282
2021-05-10 09:47:45,1362.85,347329
2021-05-10 09:47:46,1362.9,347330
2021-05-10 09:47:46,1362.9,347355
2021-05-10 09:47:48,1362.85,347371
2021-05-10 09:47:49,1362.85,347388
2021-05-10 09:47:50,1362.85,347424
2021-05-10 09:47:51,1362.85,347424
2021-05-10 09:47:52,1363.0,347689
2021-05-10 09:47:53,1362.9,347709
2021-05-10 09:47:54,1363.0,347759
2021-05-10 09:47:54,1363.0,347759
2021-05-10 09:47:56,1363.3,347810
2021-05-10 09:47:56,1363.0,347812
2021-05-10 09:47:57,1363.0,347872
2021-05-10 09:47:58,1363.0,347972
2021-05-10 09:47:59,1363.45,348112
2021-05-10 09:48:00,1363.0,348163
2021-05-10 09:48:02,1363.45,348165
2021-05-10 09:48:03,1363.0,348167
2021-05-10 09:48:04,1363.0,348190
2021-05-10 09:48:05,1363.2,348194
2021-05-10 09:48:06,1363.0,348197
2021-05-10 09:48:07,1363.0,348198
2021-05-10 09:48:08,1363.5,348738
2021-05-10 09:48:09,1363.5,348797
2021-05-10 09:48:10,1363.65,349046
2021-05-10 09:48:12,1363.65,349469
2021-05-10 09:48:13,1363.65,349469
2021-05-10 09:48:15,1363.7,349470
2021-05-10 09:48:16,1363.25,349604
2021-05-10 09:48:17,1363.65,349609
2021-05-10 09:48:18,1363.2,349629
2021-05-10 09:48:19,1363.65,349729
2021-05-10 09:48:20,1363.4,349739
2021-05-10 09:48:21,1363.2,349799
2021-05-10 09:48:22,1363.2,349799
2021-05-10 09:48:23,1363.2,349799
2021-05-10 09:48:24,1363.2,349799
2021-05-10 09:48:25,1363.2,349799
2021-05-10 09:48:27,1363.5,349901
2021-05-10 09:48:28,1363.5,349901
2021-05-10 09:48:29,1363.5,349905
2021-05-10 09:48:30,1363.45,349945
2021-05-10 09:48:31,1363.5,349999
2021-05-10 09:48:32,1363.4,350064
2021-05-10 09:48:33,1363.3,350083
2021-05-10 09:48:34,1363.3,350083
2021-05-10 09:48:35,1363.4,350089
2021-05-10 09:48:36,1363.4,350089
2021-05-10 09:48:37,1363.4,350135
2021-05-10 09:48:38,1363.4,350136
2021-05-10 09:48:38,1363.4,350236
2021-05-10 09:48:39,1363.4,350268
2021-05-10 09:48:40,1363.3,350318
2021-05-10 09:48:42,1363.3,350343
2021-05-10 09:48:43,1363.3,350363
2021-05-10 09:48:44,1363.35,350364
2021-05-10 09:48:45,1363.3,350375
2021-05-10 09:48:46,1363.35,350385
2021-05-10 09:48:46,1363.35,350385
2021-05-10 09:48:47,1363.3,351743
2021-05-10 09:48:48,1363.75,352128
2021-05-10 09:48:49,1363.75,352499
2021-05-10 09:48:50,1363.75,352499
2021-05-10 09:48:51,1363.6,352866
2021-05-10 09:48:52,1363.6,352866
2021-05-10 09:48:53,1363.6,352866
2021-05-10 09:48:55,1363.9,352870
2021-05-10 09:48:56,1363.9,352870
2021-05-10 09:48:57,1363.9,352986
2021-05-10 09:48:58,1363.9,352991
2021-05-10 09:48:59,1363.9,353041
2021-05-10 09:49:00,1364.0,353543
2021-05-10 09:49:00,1363.9,353043
2021-05-10 09:49:01,1364.0,353924
2021-05-10 09:49:02,1363.75,353957
2021-05-10 09:49:03,1363.9,354624
2021-05-10 09:49:04,1364.5,354970
2021-05-10 09:49:05,1364.55,355383
2021-05-10 09:49:06,1364.9,355633
2021-05-10 09:49:07,1364.6,355693
2021-05-10 09:49:09,1364.6,355707
2021-05-10 09:49:10,1364.6,355707
2021-05-10 09:49:11,1364.6,355757
2021-05-10 09:49:12,1364.95,356008
2021-05-10 09:49:13,1364.75,356009
2021-05-10 09:49:15,1365.0,356354
2021-05-10 09:49:15,1364.6,356379
2021-05-10 09:49:16,1364.95,356479
2021-05-10 09:49:17,1364.95,356479
2021-05-10 09:49:19,1365.0,356919
2021-05-10 09:49:20,1365.0,357431
2021-05-10 09:49:21,1365.0,357821
2021-05-10 09:49:22,1365.0,365183
2021-05-10 09:49:23,1365.35,366983
2021-05-10 09:49:24,1365.0,371161
2021-05-10 09:49:25,1365.75,372692
2021-05-10 09:49:26,1365.85,374762
2021-05-10 09:49:26,1365.2,374452
2021-05-10 09:49:28,1365.85,375109
2021-05-10 09:49:29,1365.8,375552
2021-05-10 09:49:30,1365.15,375972
2021-05-10 09:49:31,1365.0,376557
2021-05-10 09:49:32,1365.85,376777
2021-05-10 09:49:33,1365.55,376937
2021-05-10 09:49:34,1365.55,377281
2021-05-10 09:49:35,1365.55,377353
2021-05-10 09:49:36,1365.55,377353
2021-05-10 09:49:37,1365.75,377618
2021-05-10 09:49:38,1365.75,377628
2021-05-10 09:49:39,1365.55,378896
2021-05-10 09:49:40,1365.55,379142
2021-05-10 09:49:41,1365.55,379142
2021-05-10 09:49:42,1365.55,379477
2021-05-10 09:49:43,1365.2,379720
2021-05-10 09:49:44,1365.55,379764
2021-05-10 09:49:45,1365.2,379765
2021-05-10 09:49:46,1365.0,380621
2021-05-10 09:49:47,1363.0,389127
2021-05-10 09:49:48,1364.6,389598
2021-05-10 09:49:49,1364.6,389621
2021-05-10 09:49:51,1365.05,391094
2021-05-10 09:49:52,1365.1,391199
2021-05-10 09:49:53,1365.1,391499
2021-05-10 09:49:54,1364.5,391653
2021-05-10 09:49:55,1365.85,392186
2021-05-10 09:49:56,1365.2,392292
2021-05-10 09:49:57,1365.2,392399
2021-05-10 09:49:58,1365.85,392462
2021-05-10 09:49:59,1365.85,392462
2021-05-10 09:50:00,1365.9,392748
2021-05-10 09:50:01,1365.45,392773
2021-05-10 09:50:02,1365.4,392775
2021-05-10 09:50:03,1365.35,392875
2021-05-10 09:50:04,1365.45,392996
2021-05-10 09:50:05,1365.45,393069
2021-05-10 09:50:06,1365.45,393069
2021-05-10 09:50:07,1365.4,393100
2021-05-10 09:50:08,1365.9,393194
2021-05-10 09:50:09,1365.5,393375
2021-05-10 09:50:10,1365.45,393876
2021-05-10 09:50:11,1365.9,394191
2021-05-10 09:50:12,1365.5,394202
2021-05-10 09:50:13,1365.9,394256
2021-05-10 09:50:14,1365.95,394715
2021-05-10 09:50:16,1366.35,397867
2021-05-10 09:50:17,1366.7,398030
2021-05-10 09:50:18,1366.95,398545
2021-05-10 09:50:19,1367.0,400435
2021-05-10 09:50:20,1367.35,400937
2021-05-10 09:50:21,1367.4,401137
2021-05-10 09:50:22,1367.65,401487
2021-05-10 09:50:23,1367.7,401728
2021-05-10 09:50:24,1368.0,402280
2021-05-10 09:50:25,1368.0,402280
2021-05-10 09:50:26,1367.7,403181
2021-05-10 09:50:27,1367.95,403655
2021-05-10 09:50:28,1367.7,403726
2021-05-10 09:50:29,1367.7,404028
2021-05-10 09:50:30,1367.75,405503
2021-05-10 09:50:31,1367.05,406106
2021-05-10 09:50:32,1367.05,406106
2021-05-10 09:50:33,1368.0,406418
2021-05-10 09:50:34,1367.5,406543
2021-05-10 09:50:35,1367.1,406589
2021-05-10 09:50:36,1367.1,406592
2021-05-10 09:50:37,1367.1,406592
2021-05-10 09:50:38,1366.7,407246
2021-05-10 09:50:39,1367.0,407602
2021-05-10 09:50:40,1366.7,407673
2021-05-10 09:50:41,1366.95,408176
2021-05-10 09:50:42,1367.0,408328
2021-05-10 09:50:43,1366.4,408349
2021-05-10 09:50:44,1366.4,408399
2021-05-10 09:50:45,1366.4,408399
2021-05-10 09:50:46,1367.0,408424
2021-05-10 09:50:47,1367.0,408663
2021-05-10 09:50:48,1367.0,411423
2021-05-10 09:50:49,1367.0,411423
2021-05-10 09:50:50,1367.0,411528
2021-05-10 09:50:51,1367.0,411528
2021-05-10 09:50:52,1367.0,411585
2021-05-10 09:50:53,1366.9,411675
2021-05-10 09:50:54,1366.9,411675
2021-05-10 09:50:55,1366.9,411675
2021-05-10 09:50:56,1367.0,411790
2021-05-10 09:50:57,1367.0,411790
2021-05-10 09:50:58,1367.0,411790
2021-05-10 09:50:59,1367.0,411930
2021-05-10 09:51:00,1366.55,412061
2021-05-10 09:51:01,1366.55,412074
2021-05-10 09:51:02,1366.55,412074
2021-05-10 09:51:03,1366.55,412074
2021-05-10 09:51:04,1366.55,412274
2021-05-10 09:51:05,1366.55,412349
2021-05-10 09:51:06,1366.55,412460
2021-05-10 09:51:07,1366.95,412590
2021-05-10 09:51:08,1367.0,412642
2021-05-10 09:51:10,1366.6,413492
2021-05-10 09:51:09,1366.6,413381
2021-05-10 09:51:11,1366.7,413794
2021-05-10 09:51:12,1366.55,413819
2021-05-10 09:51:13,1366.55,413838
2021-05-10 09:51:14,1366.55,413845
2021-05-10 09:51:15,1367.0,413965
2021-05-10 09:51:16,1366.55,414070
2021-05-10 09:51:17,1366.55,414070
2021-05-10 09:51:18,1366.45,414580
2021-05-10 09:51:19,1366.55,414626
2021-05-10 09:51:20,1366.55,414626
2021-05-10 09:51:21,1366.55,414626
2021-05-10 09:51:22,1366.75,414631
2021-05-10 09:51:24,1366.55,414842
2021-05-10 09:51:26,1366.75,414860
2021-05-10 09:51:25,1366.75,414860
2021-05-10 09:51:27,1366.75,414860
2021-05-10 09:51:28,1366.75,414860
2021-05-10 09:51:29,1366.9,414879
2021-05-10 09:51:30,1366.55,414883
2021-05-10 09:51:31,1366.9,415423
2021-05-10 09:51:32,1366.55,415843
2021-05-10 09:51:33,1366.8,415863
2021-05-10 09:51:34,1366.65,415873
2021-05-10 09:51:35,1366.55,417123
2021-05-10 09:51:37,1366.55,417323
2021-05-10 09:51:37,1366.55,417330
2021-05-10 09:51:39,1366.35,417381
2021-05-10 09:51:39,1366.15,417391
2021-05-10 09:51:40,1366.15,417391
2021-05-10 09:51:41,1366.0,417491
2021-05-10 09:51:43,1366.0,417663
2021-05-10 09:51:43,1366.0,417665
2021-05-10 09:51:45,1366.5,418158
2021-05-10 09:51:46,1366.55,418166
2021-05-10 09:51:47,1366.5,418169
2021-05-10 09:51:48,1366.5,418169
2021-05-10 09:51:49,1366.5,418219
2021-05-10 09:51:50,1366.5,418369
2021-05-10 09:51:51,1366.0,423594
2021-05-10 09:51:53,1366.0,425032
2021-05-10 09:51:53,1366.0,425032
2021-05-10 09:51:55,1366.3,425148
2021-05-10 09:51:55,1366.3,425148
2021-05-10 09:51:56,1366.35,425654
2021-05-10 09:51:57,1366.35,425654
2021-05-10 09:51:58,1366.05,425969
2021-05-10 09:52:00,1365.4,426419
2021-05-10 09:52:00,1365.4,426419
2021-05-10 09:52:01,1366.0,426430
2021-05-10 09:52:02,1366.0,426848
2021-05-10 09:52:03,1365.65,426989
2021-05-10 09:52:04,1366.0,426992
2021-05-10 09:52:05,1366.0,427022
2021-05-10 09:52:06,1366.0,427032
2021-05-10 09:52:07,1366.0,427044
2021-05-10 09:52:08,1365.7,427054
2021-05-10 09:52:09,1365.7,427054
2021-05-10 09:52:10,1365.7,427074
2021-05-10 09:52:11,1365.6,427175
2021-05-10 09:52:12,1365.7,427176
2021-05-10 09:52:13,1366.0,427282
2021-05-10 09:52:14,1366.0,427282
2021-05-10 09:52:16,1365.95,427328
2021-05-10 09:52:16,1365.95,427328
2021-05-10 09:52:18,1365.95,427328
2021-05-10 09:52:18,1365.95,427328
2021-05-10 09:52:19,1365.9,427433
2021-05-10 09:52:20,1365.9,427434
2021-05-10 09:52:21,1365.9,427650
2021-05-10 09:52:23,1365.95,427660
2021-05-10 09:52:24,1365.5,427670
2021-05-10 09:52:25,1365.5,427684
2021-05-10 09:52:26,1365.5,427689
2021-05-10 09:52:27,1365.5,427689
2021-05-10 09:52:28,1365.95,427789
2021-05-10 09:52:29,1365.95,427789
2021-05-10 09:52:30,1365.5,427959
2021-05-10 09:52:31,1365.5,427979
2021-05-10 09:52:32,1365.9,427999
2021-05-10 09:52:33,1365.9,428069
2021-05-10 09:52:34,1365.9,428106
2021-05-10 09:52:35,1365.95,428161
2021-05-10 09:52:36,1365.5,428321
2021-05-10 09:52:37,1365.7,428374
2021-05-10 09:52:38,1365.5,428449
2021-05-10 09:52:39,1365.5,428449
2021-05-10 09:52:40,1365.5,428449
2021-05-10 09:52:41,1365.5,428449
2021-05-10 09:52:42,1365.5,428449
2021-05-10 09:52:43,1365.85,428491
2021-05-10 09:52:45,1365.2,428601
2021-05-10 09:52:46,1365.2,428601
2021-05-10 09:52:46,1365.95,428655
2021-05-10 09:52:47,1365.95,428655
2021-05-10 09:52:48,1365.95,428655
2021-05-10 09:52:49,1365.95,428655
2021-05-10 09:52:50,1365.05,430175
2021-05-10 09:52:51,1365.55,430375
2021-05-10 09:52:53,1365.5,430501
2021-05-10 09:52:53,1365.5,430501
2021-05-10 09:52:54,1365.5,430819
2021-05-10 09:52:55,1365.5,430819
2021-05-10 09:52:56,1365.5,430919
2021-05-10 09:52:57,1365.55,430929
2021-05-10 09:52:58,1365.5,431104
2021-05-10 09:52:59,1365.65,431210
2021-05-10 09:53:00,1365.5,431240
2021-05-10 09:53:01,1365.65,431315
2021-05-10 09:53:02,1365.65,431315
2021-05-10 09:53:03,1365.65,431315
2021-05-10 09:53:04,1365.5,431386
2021-05-10 09:53:05,1365.5,431393
2021-05-10 09:53:06,1365.5,431400
2021-05-10 09:53:07,1365.5,431747
2021-05-10 09:53:08,1365.5,431846
2021-05-10 09:53:09,1365.5,431846
2021-05-10 09:53:10,1365.2,431847
2021-05-10 09:53:11,1365.2,431931
2021-05-10 09:53:12,1365.5,432131
2021-05-10 09:53:14,1365.5,432131
2021-05-10 09:53:15,1365.5,432132
2021-05-10 09:53:16,1365.5,432132
2021-05-10 09:53:17,1365.5,432132
2021-05-10 09:53:18,1365.5,432432
2021-05-10 09:53:19,1365.5,432432
2021-05-10 09:53:21,1365.5,432477
2021-05-10 09:53:22,1365.5,432477
2021-05-10 09:53:23,1365.45,432482
2021-05-10 09:53:23,1365.45,432482
2021-05-10 09:53:24,1365.45,432505
2021-05-10 09:53:25,1365.45,432716
2021-05-10 09:53:26,1365.45,432716
2021-05-10 09:53:27,1365.5,432791
2021-05-10 09:53:28,1365.45,432920
2021-05-10 09:53:29,1365.0,433345
2021-05-10 09:53:30,1365.0,433345
2021-05-10 09:53:31,1365.25,433995
2021-05-10 09:53:33,1365.25,434035
2021-05-10 09:53:33,1365.25,434035
2021-05-10 09:53:34,1365.25,434035
2021-05-10 09:53:35,1365.25,434035
2021-05-10 09:53:36,1365.25,434035
2021-05-10 09:53:37,1365.2,434163
2021-05-10 09:53:38,1364.9,434206
2021-05-10 09:53:39,1364.9,434206
2021-05-10 09:53:40,1364.9,434336
2021-05-10 09:53:41,1364.9,434336
2021-05-10 09:53:42,1364.4,434857
2021-05-10 09:53:43,1364.35,435977
2021-05-10 09:53:45,1364.45,436029
2021-05-10 09:53:46,1364.45,436029
2021-05-10 09:53:47,1364.55,436032
2021-05-10 09:53:47,1364.55,436032
2021-05-10 09:53:48,1364.55,436032
2021-05-10 09:53:49,1364.55,436032
2021-05-10 09:53:50,1364.45,436171
2021-05-10 09:53:51,1364.45,436171
2021-05-10 09:53:53,1364.5,436176
2021-05-10 09:53:54,1364.5,436197
2021-05-10 09:53:55,1364.85,436303
2021-05-10 09:53:56,1364.65,436313
2021-05-10 09:53:57,1364.65,436423
2021-05-10 09:53:58,1364.45,436610
2021-05-10 09:53:58,1364.45,436613
2021-05-10 09:53:59,1364.05,436832
2021-05-10 09:54:00,1364.5,436882
2021-05-10 09:54:01,1364.45,436953
2021-05-10 09:54:02,1364.45,436953
2021-05-10 09:54:03,1364.45,436953
2021-05-10 09:54:04,1364.45,436953
2021-05-10 09:54:05,1364.0,437158
2021-05-10 09:54:06,1364.0,437158
2021-05-10 09:54:07,1364.0,437158
2021-05-10 09:54:08,1363.85,438678
2021-05-10 09:54:09,1364.4,438741
2021-05-10 09:54:10,1364.4,438741
2021-05-10 09:54:12,1364.3,438917
2021-05-10 09:54:12,1364.3,438917
2021-05-10 09:54:13,1363.6,439582
2021-05-10 09:54:14,1364.3,439583
2021-05-10 09:54:15,1363.85,439593
2021-05-10 09:54:16,1363.85,439607
2021-05-10 09:54:17,1363.85,439607
2021-05-10 09:54:18,1363.85,439607
2021-05-10 09:54:19,1363.85,439634
2021-05-10 09:54:20,1363.85,439654
2021-05-10 09:54:21,1363.85,439676
2021-05-10 09:54:22,1363.85,439676
2021-05-10 09:54:24,1363.9,439682
2021-05-10 09:54:24,1363.9,439688
2021-05-10 09:54:25,1363.85,439872
2021-05-10 09:54:26,1363.9,439877
2021-05-10 09:54:27,1363.9,439880
2021-05-10 09:54:29,1363.85,439884
2021-05-10 09:54:30,1363.85,440025
2021-05-10 09:54:30,1363.8,440032
2021-05-10 09:54:31,1363.5,440132
2021-05-10 09:54:32,1363.1,440195
2021-05-10 09:54:33,1363.1,440195
2021-05-10 09:54:36,1363.05,440502
2021-05-10 09:54:37,1363.1,441133
2021-05-10 09:54:38,1363.15,441153
2021-05-10 09:54:39,1363.2,441154
2021-05-10 09:54:40,1363.5,441524
2021-05-10 09:54:41,1363.3,441879
2021-05-10 09:54:43,1363.2,441959
2021-05-10 09:54:45,1363.2,442506
2021-05-10 09:54:46,1363.2,442506
2021-05-10 09:54:47,1363.3,442521
2021-05-10 09:54:48,1363.3,442521
2021-05-10 09:54:49,1363.3,442521
2021-05-10 09:54:50,1363.4,442646
2021-05-10 09:54:51,1363.4,442646
2021-05-10 09:54:52,1363.25,442921
2021-05-10 09:54:53,1363.3,442923
2021-05-10 09:54:53,1363.55,443514
2021-05-10 09:54:54,1363.35,443574
2021-05-10 09:54:55,1363.7,443624
2021-05-10 09:54:56,1363.85,443698
2021-05-10 09:54:57,1363.85,443698
2021-05-10 09:54:58,1363.45,443699
2021-05-10 09:55:01,1363.45,443704
2021-05-10 09:55:02,1363.45,443764
2021-05-10 09:55:03,1363.95,443947
2021-05-10 09:55:05,1364.0,444047
2021-05-10 09:55:05,1364.0,444047
2021-05-10 09:55:07,1364.15,444097
2021-05-10 09:55:08,1364.25,444353
2021-05-10 09:55:09,1363.55,444379
2021-05-10 09:55:10,1364.45,444888
2021-05-10 09:55:10,1364.45,444888
2021-05-10 09:55:11,1364.45,444888
2021-05-10 09:55:12,1363.9,444891
2021-05-10 09:55:13,1364.5,444961
2021-05-10 09:55:14,1365.0,445664
2021-05-10 09:55:15,1365.0,446154
2021-05-10 09:55:16,1365.0,446154
2021-05-10 09:55:17,1365.5,447422
2021-05-10 09:55:18,1365.65,448215
2021-05-10 09:55:19,1366.0,449206
2021-05-10 09:55:20,1366.55,449304
2021-05-10 09:55:22,1366.65,449739
2021-05-10 09:55:23,1366.65,449739
2021-05-10 09:55:24,1366.85,449802
2021-05-10 09:55:26,1367.0,451401
2021-05-10 09:55:25,1366.85,451016
2021-05-10 09:55:27,1367.0,451456
2021-05-10 09:55:29,1365.0,463973
2021-05-10 09:55:28,1364.15,462856
2021-05-10 09:55:31,1365.85,464821
2021-05-10 09:55:32,1366.15,464946
2021-05-10 09:55:33,1366.15,465138
2021-05-10 09:55:35,1366.5,467238
2021-05-10 09:55:36,1365.75,467239
2021-05-10 09:55:37,1364.6,477242
2021-05-10 09:55:39,1364.9,477735
2021-05-10 09:55:39,1365.4,478372
2021-05-10 09:55:40,1365.55,478444
2021-05-10 09:55:41,1365.7,479270
2021-05-10 09:55:42,1365.95,479335
2021-05-10 09:55:43,1366.25,479515
2021-05-10 09:55:44,1366.25,479515
2021-05-10 09:55:45,1366.25,479515
2021-05-10 09:55:46,1365.55,479580
2021-05-10 09:55:47,1365.65,479582
2021-05-10 09:55:48,1365.65,480670
2021-05-10 09:55:49,1365.4,480680
2021-05-10 09:55:50,1365.4,480680
2021-05-10 09:55:52,1365.95,480682
2021-05-10 09:55:53,1365.6,480732
2021-05-10 09:55:54,1364.0,483650
2021-05-10 09:55:55,1364.0,484702
2021-05-10 09:55:56,1364.0,484702
2021-05-10 09:55:56,1363.5,484714
2021-05-10 09:55:57,1363.75,484724
2021-05-10 09:55:58,1364.0,484741
2021-05-10 09:55:59,1363.5,484792
2021-05-10 09:56:01,1364.0,484817
2021-05-10 09:56:02,1364.0,484817
2021-05-10 09:56:03,1363.5,484867
2021-05-10 09:56:04,1364.0,484917
2021-05-10 09:56:04,1364.0,484917
2021-05-10 09:56:05,1364.0,484918
2021-05-10 09:56:06,1363.95,485374
2021-05-10 09:56:07,1363.5,485384
2021-05-10 09:56:08,1363.95,485434
2021-05-10 09:56:10,1363.95,485512
2021-05-10 09:56:11,1363.95,485512
2021-05-10 09:56:12,1364.0,485517
2021-05-10 09:56:13,1364.0,485710
2021-05-10 09:56:14,1364.0,485710
2021-05-10 09:56:15,1363.95,485766
2021-05-10 09:56:16,1363.95,485766
2021-05-10 09:56:17,1363.5,486066
2021-05-10 09:56:19,1363.95,487135
2021-05-10 09:56:21,1363.6,487260
2021-05-10 09:56:22,1363.6,487462
2021-05-10 09:56:23,1363.6,487462
2021-05-10 09:56:24,1363.7,487492
2021-05-10 09:56:24,1363.7,487492
2021-05-10 09:56:25,1363.95,487497
2021-05-10 09:56:26,1363.95,487497
2021-05-10 09:56:27,1364.0,487867
2021-05-10 09:56:29,1363.95,487931
2021-05-10 09:56:30,1364.0,488070
2021-05-10 09:56:31,1363.95,488592
2021-05-10 09:56:32,1363.95,488592
2021-05-10 09:56:32,1363.6,488594
2021-05-10 09:56:33,1363.95,488595
2021-05-10 09:56:34,1363.05,489445
2021-05-10 09:56:35,1363.85,489578
2021-05-10 09:56:36,1363.85,489613
2021-05-10 09:56:37,1363.85,489613
2021-05-10 09:56:38,1363.1,489614
2021-05-10 09:56:39,1363.3,494683
2021-05-10 09:56:40,1364.0,495350
2021-05-10 09:56:42,1364.0,496965
2021-05-10 09:56:42,1364.0,496973
2021-05-10 09:56:43,1364.0,497323
2021-05-10 09:56:45,1364.0,497323
2021-05-10 09:56:46,1364.0,502338
2021-05-10 09:56:46,1364.0,503108
2021-05-10 09:56:47,1364.0,503108
2021-05-10 09:56:48,1364.0,503118
2021-05-10 09:56:49,1364.0,503565
2021-05-10 09:56:50,1364.0,508806
2021-05-10 09:56:51,1364.0,509862
2021-05-10 09:56:52,1364.0,510289
2021-05-10 09:56:53,1364.0,510289
2021-05-10 09:56:54,1364.0,510292
2021-05-10 09:56:55,1364.0,510317
2021-05-10 09:56:56,1364.0,510317
2021-05-10 09:56:57,1364.0,510317
2021-05-10 09:56:59,1364.0,510317
2021-05-10 09:57:00,1363.4,510357
2021-05-10 09:57:01,1364.0,511945
2021-05-10 09:57:02,1363.95,512290
2021-05-10 09:57:02,1363.95,512290
2021-05-10 09:57:03,1364.0,513920
2021-05-10 09:57:04,1363.3,513934
2021-05-10 09:57:06,1363.8,514180
2021-05-10 09:57:06,1364.0,514181
2021-05-10 09:57:07,1364.0,514181
2021-05-10 09:57:08,1364.0,514181
2021-05-10 09:57:09,1363.35,514201
2021-05-10 09:57:10,1364.0,514221
2021-05-10 09:57:12,1363.95,514241
2021-05-10 09:57:13,1363.95,514241
2021-05-10 09:57:14,1363.4,514246
2021-05-10 09:57:15,1363.45,514266
2021-05-10 09:57:16,1363.4,514346
2021-05-10 09:57:17,1363.4,514396
2021-05-10 09:57:18,1364.0,514411
2021-05-10 09:57:18,1364.0,514411
2021-05-10 09:57:19,1364.0,514411
2021-05-10 09:57:20,1364.0,514457
2021-05-10 09:57:21,1364.0,514457
2021-05-10 09:57:22,1364.0,514457
2021-05-10 09:57:23,1363.9,514588
2021-05-10 09:57:25,1363.4,514745
2021-05-10 09:57:26,1363.4,515359
2021-05-10 09:57:27,1363.9,515409
2021-05-10 09:57:28,1363.9,515409
2021-05-10 09:57:29,1363.9,515409
2021-05-10 09:57:30,1363.9,515424
2021-05-10 09:57:31,1363.9,515424
2021-05-10 09:57:32,1363.9,515424
2021-05-10 09:57:33,1363.9,515424
2021-05-10 09:57:34,1363.9,515424
2021-05-10 09:57:35,1363.9,515424
2021-05-10 09:57:36,1363.4,515874
2021-05-10 09:57:37,1363.7,515894
2021-05-10 09:57:38,1363.7,515894
2021-05-10 09:57:39,1363.7,515895
2021-05-10 09:57:40,1363.55,515920
2021-05-10 09:57:41,1363.55,515920
2021-05-10 09:57:42,1363.55,516685
2021-05-10 09:57:43,1363.55,516735
2021-05-10 09:57:44,1363.7,516736
2021-05-10 09:57:45,1363.7,516737
2021-05-10 09:57:46,1363.9,516747
2021-05-10 09:57:47,1363.55,517142
2021-05-10 09:57:48,1363.55,517142
2021-05-10 09:57:50,1363.9,517267
2021-05-10 09:57:51,1363.9,517267
2021-05-10 09:57:52,1363.55,517491
2021-05-10 09:57:52,1363.55,517492
2021-05-10 09:57:53,1363.55,517512
2021-05-10 09:57:55,1362.75,519286
2021-05-10 09:57:56,1362.75,519286
2021-05-10 09:57:57,1362.75,519498
2021-05-10 09:57:57,1362.75,519498
2021-05-10 09:57:58,1362.75,519498
2021-05-10 09:57:59,1362.75,519498
2021-05-10 09:58:01,1362.75,519498
2021-05-10 09:58:02,1362.75,519498
2021-05-10 09:58:03,1362.75,519598
2021-05-10 09:58:04,1362.0,521968
2021-05-10 09:58:05,1362.35,521983
2021-05-10 09:58:08,1361.95,523000
2021-05-10 09:58:09,1361.95,523191
2021-05-10 09:58:10,1361.95,523191
2021-05-10 09:58:11,1361.95,523242
2021-05-10 09:58:12,1361.95,523242
2021-05-10 09:58:12,1361.95,523242
2021-05-10 09:58:13,1361.95,523242
2021-05-10 09:58:15,1361.95,523242
2021-05-10 09:58:16,1361.95,523354
2021-05-10 09:58:17,1361.95,523354
2021-05-10 09:58:18,1361.95,523419
2021-05-10 09:58:19,1361.95,523419
2021-05-10 09:58:20,1361.9,523573
2021-05-10 09:58:21,1361.8,523790
2021-05-10 09:58:22,1361.8,523790
2021-05-10 09:58:23,1361.85,523803
2021-05-10 09:58:24,1361.85,523803
2021-05-10 09:58:25,1361.8,523804
2021-05-10 09:58:26,1361.8,524320
2021-05-10 09:58:27,1361.8,524320
2021-05-10 09:58:28,1361.8,524320
2021-05-10 09:58:28,1361.8,524320
2021-05-10 09:58:29,1361.8,524320
2021-05-10 09:58:30,1361.8,524320
2021-05-10 09:58:31,1361.8,524321
2021-05-10 09:58:33,1361.8,524471
2021-05-10 09:58:34,1361.85,524488
2021-05-10 09:58:35,1361.85,524488
2021-05-10 09:58:36,1361.6,524603
2021-05-10 09:58:37,1361.6,524603
2021-05-10 09:58:38,1361.3,524994
2021-05-10 09:58:39,1361.75,525013
2021-05-10 09:58:40,1361.2,525117
2021-05-10 09:58:41,1361.75,525167
2021-05-10 09:58:42,1361.75,525217
2021-05-10 09:58:43,1361.75,525217
2021-05-10 09:58:44,1361.3,527979
2021-05-10 09:58:45,1361.35,528047
2021-05-10 09:58:46,1361.9,528097
2021-05-10 09:58:47,1361.2,528289
2021-05-10 09:58:48,1361.2,528445
2021-05-10 09:58:48,1361.2,528445
2021-05-10 09:58:49,1361.2,528450
2021-05-10 09:58:50,1361.2,528450
2021-05-10 09:58:51,1361.2,528803
2021-05-10 09:58:52,1361.2,528804
2021-05-10 09:58:53,1361.2,528869
2021-05-10 09:58:54,1361.85,528906
2021-05-10 09:58:56,1361.5,529015
2021-05-10 09:58:57,1362.1,529226
2021-05-10 09:58:58,1361.5,529349
2021-05-10 09:58:59,1361.5,529872
2021-05-10 09:59:00,1360.6,530469
2021-05-10 09:59:01,1361.0,530569
2021-05-10 09:59:02,1361.55,531579
2021-05-10 09:59:03,1361.55,531579
2021-05-10 09:59:04,1361.55,531579
2021-05-10 09:59:05,1361.55,531579
2021-05-10 09:59:06,1361.25,531594
2021-05-10 09:59:07,1361.25,531614
2021-05-10 09:59:08,1361.7,531686
2021-05-10 09:59:09,1361.7,531724
2021-05-10 09:59:10,1361.15,531949
2021-05-10 09:59:11,1362.15,532199
2021-05-10 09:59:13,1361.55,532956
2021-05-10 09:59:15,1361.6,532983
2021-05-10 09:59:15,1361.6,532983
2021-05-10 09:59:16,1362.0,533010
2021-05-10 09:59:17,1362.0,533010
2021-05-10 09:59:18,1360.75,534851
2021-05-10 09:59:20,1361.45,534875
2021-05-10 09:59:21,1361.1,534877
2021-05-10 09:59:21,1360.7,535802
2021-05-10 09:59:22,1361.1,536165
2021-05-10 09:59:24,1361.05,536173
2021-05-10 09:59:25,1361.05,536173
2021-05-10 09:59:26,1359.7,540105
2021-05-10 09:59:27,1360.2,540872
2021-05-10 09:59:29,1360.55,541015
2021-05-10 09:59:30,1360.55,541015
2021-05-10 09:59:31,1360.95,541309
2021-05-10 09:59:32,1360.25,541329
2021-05-10 09:59:33,1360.2,541380
2021-05-10 09:59:34,1360.15,541430
2021-05-10 09:59:35,1360.35,541451
2021-05-10 09:59:36,1360.8,541452
2021-05-10 09:59:37,1360.15,541652
2021-05-10 09:59:38,1360.15,541654
2021-05-10 09:59:39,1360.15,541655
2021-05-10 09:59:40,1360.15,541655
2021-05-10 09:59:41,1360.15,541672
2021-05-10 09:59:42,1360.2,541682
2021-05-10 09:59:43,1360.15,541729
2021-05-10 09:59:43,1360.15,541729
2021-05-10 09:59:44,1360.8,541730
2021-05-10 09:59:45,1360.1,541930
2021-05-10 09:59:47,1360.15,541974
2021-05-10 09:59:48,1360.15,541974
2021-05-10 09:59:49,1359.95,545489
2021-05-10 09:59:50,1360.0,545555
2021-05-10 09:59:51,1360.5,545565
2021-05-10 09:59:52,1360.5,545565
2021-05-10 09:59:53,1360.1,545576
2021-05-10 09:59:54,1360.1,546220
2021-05-10 09:59:55,1360.45,546748
2021-05-10 09:59:56,1360.45,546748
2021-05-10 09:59:57,1360.45,546748
2021-05-10 10:00:00,1360.1,546785
2021-05-10 10:00:01,1360.1,546810
2021-05-10 10:00:02,1360.3,546841
2021-05-10 10:00:03,1360.3,546841
2021-05-10 10:00:04,1360.55,547633
2021-05-10 10:00:05,1360.2,547653
2021-05-10 10:00:06,1360.2,547653
2021-05-10 10:00:07,1360.2,547653
2021-05-10 10:00:08,1360.3,547853
2021-05-10 10:00:09,1360.3,547853
2021-05-10 10:00:10,1360.2,547863
2021-05-10 10:00:11,1360.2,548469
2021-05-10 10:00:12,1360.65,548554
2021-05-10 10:00:13,1360.8,548595
2021-05-10 10:00:14,1360.2,548842
2021-05-10 10:00:15,1361.0,548879
2021-05-10 10:00:16,1360.65,548940
2021-05-10 10:00:17,1360.7,549530
2021-05-10 10:00:18,1360.8,549721
2021-05-10 10:00:19,1361.55,549818
2021-05-10 10:00:20,1361.6,549887
2021-05-10 10:00:21,1361.9,549904
2021-05-10 10:00:23,1361.15,550040
2021-05-10 10:00:24,1361.9,550048
2021-05-10 10:00:26,1361.3,550053
2021-05-10 10:00:27,1361.3,550056
2021-05-10 10:00:28,1361.3,550057
2021-05-10 10:00:29,1361.3,550057
2021-05-10 10:00:30,1361.3,550057
2021-05-10 10:00:31,1361.3,550067
2021-05-10 10:00:32,1361.3,550076
2021-05-10 10:00:33,1361.45,550077
2021-05-10 10:00:34,1361.3,550078
2021-05-10 10:00:35,1361.45,550098
2021-05-10 10:00:36,1361.45,550108
2021-05-10 10:00:37,1362.0,550608
2021-05-10 10:00:38,1361.3,550746
2021-05-10 10:00:39,1361.9,550789
2021-05-10 10:00:40,1361.8,550792
2021-05-10 10:00:41,1361.8,550792
2021-05-10 10:00:42,1361.6,550892
2021-05-10 10:00:43,1361.6,550972
2021-05-10 10:00:44,1361.65,551080
2021-05-10 10:00:45,1361.75,551084
2021-05-10 10:00:46,1361.75,551084
2021-05-10 10:00:47,1361.75,551084
2021-05-10 10:00:48,1361.45,551094
2021-05-10 10:00:49,1361.9,551099
2021-05-10 10:00:50,1361.9,551099
2021-05-10 10:00:51,1361.9,551099
2021-05-10 10:00:52,1361.9,551119
2021-05-10 10:00:53,1361.9,551119
2021-05-10 10:00:54,1361.75,551330
2021-05-10 10:00:55,1361.75,551330
2021-05-10 10:00:56,1361.6,551332
2021-05-10 10:00:57,1361.45,551467
2021-05-10 10:00:58,1361.45,551467
2021-05-10 10:00:59,1361.6,551468
2021-05-10 10:01:00,1361.6,551468
2021-05-10 10:01:01,1361.6,551468
2021-05-10 10:01:02,1361.4,551718
2021-05-10 10:01:03,1361.5,551728
2021-05-10 10:01:04,1361.45,551808
2021-05-10 10:01:05,1361.5,551825
2021-05-10 10:01:06,1361.45,551864
2021-05-10 10:01:09,1361.6,552161
2021-05-10 10:01:11,1361.6,552161
2021-05-10 10:01:12,1361.9,552168
2021-05-10 10:01:14,1361.45,552183
2021-05-10 10:01:16,1361.9,552186
2021-05-10 10:01:17,1361.9,552203
2021-05-10 10:01:18,1361.9,552203
2021-05-10 10:01:19,1361.5,552206
2021-05-10 10:01:20,1361.65,552211
2021-05-10 10:01:21,1361.65,552211
2021-05-10 10:01:22,1361.5,552224
2021-05-10 10:01:23,1361.5,552324
2021-05-10 10:01:24,1361.5,552339
2021-05-10 10:01:25,1361.5,552353
2021-05-10 10:01:26,1361.5,552371
2021-05-10 10:01:27,1361.65,552372
2021-05-10 10:01:28,1361.5,552472
2021-05-10 10:01:29,1361.5,552472
2021-05-10 10:01:30,1361.5,552472
2021-05-10 10:01:31,1361.5,552474
2021-05-10 10:01:32,1361.5,552474
2021-05-10 10:01:33,1361.85,552507
2021-05-10 10:01:34,1361.5,552537
2021-05-10 10:01:35,1361.5,552538
2021-05-10 10:01:36,1361.5,552538
2021-05-10 10:01:37,1361.45,553283
2021-05-10 10:01:38,1361.5,553303
2021-05-10 10:01:39,1361.5,553303
2021-05-10 10:01:40,1361.5,553303
2021-05-10 10:01:41,1361.5,553303
2021-05-10 10:01:42,1361.5,553323
2021-05-10 10:01:43,1361.5,553323
2021-05-10 10:01:44,1361.5,553323
2021-05-10 10:01:45,1361.5,553451
2021-05-10 10:01:46,1361.5,553451
2021-05-10 10:01:47,1361.5,553523
2021-05-10 10:01:48,1361.65,557646
2021-05-10 10:01:49,1361.9,557831
2021-05-10 10:01:50,1361.6,558358
2021-05-10 10:01:51,1361.6,558358
2021-05-10 10:01:52,1361.6,558358
2021-05-10 10:01:54,1361.6,558358
2021-05-10 10:01:55,1361.6,558358
2021-05-10 10:01:56,1361.6,558358
2021-05-10 10:01:57,1362.0,558418
2021-05-10 10:01:58,1362.0,558418
2021-05-10 10:01:59,1362.0,558443
2021-05-10 10:02:00,1362.0,558443
2021-05-10 10:02:01,1362.0,558463
2021-05-10 10:02:02,1362.0,558463
2021-05-10 10:02:03,1362.0,558463
2021-05-10 10:02:04,1362.0,558463
2021-05-10 10:02:05,1362.0,558463
2021-05-10 10:02:06,1361.95,558465
2021-05-10 10:02:07,1362.0,558570
2021-05-10 10:02:08,1361.95,558576
2021-05-10 10:02:09,1362.0,558626
2021-05-10 10:02:10,1362.0,558626
2021-05-10 10:02:11,1361.95,558648
2021-05-10 10:02:12,1361.95,558648
2021-05-10 10:02:13,1361.95,558648
2021-05-10 10:02:14,1361.95,558648
2021-05-10 10:02:15,1361.95,558648
2021-05-10 10:02:18,1361.95,558648
2021-05-10 10:02:18,1361.95,558648
2021-05-10 10:02:19,1361.95,558665
2021-05-10 10:02:20,1361.95,558665
2021-05-10 10:02:21,1361.95,558709
2021-05-10 10:02:22,1362.0,558744
2021-05-10 10:02:23,1362.0,558744
2021-05-10 10:02:24,1361.95,558766
2021-05-10 10:02:25,1361.65,562662
2021-05-10 10:02:26,1361.45,563487
2021-05-10 10:02:27,1361.45,563487
2021-05-10 10:02:28,1361.45,563537
2021-05-10 10:02:29,1361.45,563787
2021-05-10 10:02:30,1361.1,563818
2021-05-10 10:02:31,1361.5,563823
2021-05-10 10:02:32,1361.5,563823
2021-05-10 10:02:33,1361.5,563833
2021-05-10 10:02:35,1361.5,564017
2021-05-10 10:02:36,1361.45,564527
2021-05-10 10:02:37,1361.45,564530
2021-05-10 10:02:38,1361.45,564530
2021-05-10 10:02:40,1361.45,564530
2021-05-10 10:02:41,1361.95,564580
2021-05-10 10:02:42,1361.5,564629
2021-05-10 10:02:44,1361.5,564752
2021-05-10 10:02:44,1362.0,564759
2021-05-10 10:02:45,1362.15,564805
2021-05-10 10:02:46,1361.5,564845
2021-05-10 10:02:47,1361.5,564845
2021-05-10 10:02:48,1362.15,564860
2021-05-10 10:02:49,1362.15,564940
2021-05-10 10:02:50,1362.15,564940
2021-05-10 10:02:51,1362.15,564940
2021-05-10 10:02:52,1362.15,564940
2021-05-10 10:02:53,1362.15,564940
2021-05-10 10:02:54,1361.95,564989
2021-05-10 10:02:55,1361.95,564989
2021-05-10 10:02:56,1361.95,564989
2021-05-10 10:02:57,1362.0,565229
2021-05-10 10:02:59,1362.0,565229
2021-05-10 10:02:59,1362.0,565229
2021-05-10 10:03:00,1362.0,565229
2021-05-10 10:03:01,1362.5,565278
2021-05-10 10:03:02,1362.35,565279
2021-05-10 10:03:03,1362.35,565279
2021-05-10 10:03:04,1362.35,565279
2021-05-10 10:03:05,1362.35,565280
2021-05-10 10:03:06,1362.35,565302
2021-05-10 10:03:07,1362.4,565325
2021-05-10 10:03:08,1362.4,565325
2021-05-10 10:03:09,1362.9,565334
2021-05-10 10:03:11,1362.35,565549
2021-05-10 10:03:11,1362.35,565549
2021-05-10 10:03:13,1362.45,565550
2021-05-10 10:03:13,1362.45,565552
2021-05-10 10:03:14,1362.9,565595
2021-05-10 10:03:15,1362.9,565595
2021-05-10 10:03:16,1363.0,565695
2021-05-10 10:03:17,1363.0,565853
2021-05-10 10:03:18,1363.0,565853
2021-05-10 10:03:22,1363.45,565877
2021-05-10 10:03:22,1363.45,565877
2021-05-10 10:03:23,1363.45,565917
2021-05-10 10:03:25,1363.45,565917
2021-05-10 10:03:26,1363.75,566120
2021-05-10 10:03:26,1363.45,566135
2021-05-10 10:03:27,1363.85,566675
2021-05-10 10:03:28,1363.45,566685
2021-05-10 10:03:31,1363.65,566721
2021-05-10 10:03:32,1364.0,566821
2021-05-10 10:03:34,1363.5,568131
2021-05-10 10:03:34,1364.0,568133
2021-05-10 10:03:35,1364.0,568134
2021-05-10 10:03:36,1364.0,568248
2021-05-10 10:03:37,1363.65,568329
2021-05-10 10:03:38,1363.95,573353
2021-05-10 10:03:40,1363.65,574026
2021-05-10 10:03:40,1364.0,574059
2021-05-10 10:03:42,1363.95,578203
2021-05-10 10:03:43,1364.0,578320
2021-05-10 10:03:44,1363.5,578729
2021-05-10 10:03:45,1363.5,578759
2021-05-10 10:03:46,1363.45,578809
2021-05-10 10:03:47,1363.45,578809
2021-05-10 10:03:48,1363.5,579065
2021-05-10 10:03:49,1363.9,579117
2021-05-10 10:03:51,1363.6,579763
2021-05-10 10:03:52,1363.6,579763
2021-05-10 10:03:53,1363.9,579838
2021-05-10 10:03:55,1363.3,579896
2021-05-10 10:03:56,1363.3,579926
2021-05-10 10:03:57,1363.95,580078
2021-05-10 10:03:57,1363.95,580078
2021-05-10 10:03:58,1363.3,580110
2021-05-10 10:03:59,1363.95,580119
2021-05-10 10:04:01,1364.0,580253
2021-05-10 10:04:03,1363.6,580277
2021-05-10 10:04:04,1363.6,580306
2021-05-10 10:04:05,1363.6,580306
2021-05-10 10:04:07,1363.6,582352
2021-05-10 10:04:08,1363.95,582381
2021-05-10 10:04:09,1363.95,582464
2021-05-10 10:04:09,1363.95,582464
2021-05-10 10:04:10,1363.6,584195
2021-05-10 10:04:11,1363.6,584195
2021-05-10 10:04:13,1363.3,584692
2021-05-10 10:04:15,1364.0,585798
2021-05-10 10:04:17,1363.45,585808
2021-05-10 10:04:19,1363.45,585838
2021-05-10 10:04:20,1364.0,585858
2021-05-10 10:04:21,1364.0,585858
2021-05-10 10:04:21,1364.0,585858
2021-05-10 10:04:22,1363.7,586714
2021-05-10 10:04:23,1363.8,586719
2021-05-10 10:04:25,1363.9,586769
2021-05-10 10:04:26,1363.7,586791
2021-05-10 10:04:27,1363.95,586842
2021-05-10 10:04:27,1363.95,586844
2021-05-10 10:04:28,1363.95,587293
2021-05-10 10:04:29,1364.0,587343
2021-05-10 10:04:31,1363.95,587346
2021-05-10 10:04:32,1363.95,587349
2021-05-10 10:04:32,1363.95,587349
2021-05-10 10:04:33,1363.65,587415
2021-05-10 10:04:34,1363.95,587452
2021-05-10 10:04:35,1363.95,587452
2021-05-10 10:04:36,1363.95,587469
2021-05-10 10:04:37,1364.0,587508
2021-05-10 10:04:38,1363.95,587804
2021-05-10 10:04:39,1363.95,588564
2021-05-10 10:04:40,1363.95,588564
2021-05-10 10:04:41,1364.0,588574
2021-05-10 10:04:43,1363.95,588575
2021-05-10 10:04:44,1363.95,588576
2021-05-10 10:04:45,1363.95,588586
2021-05-10 10:04:46,1364.0,588710
2021-05-10 10:04:47,1364.0,588711
2021-05-10 10:04:48,1363.95,589914
2021-05-10 10:04:49,1364.0,590114
2021-05-10 10:04:50,1364.0,590114
2021-05-10 10:04:52,1364.0,590139
2021-05-10 10:04:53,1363.95,590955
2021-05-10 10:04:54,1363.95,590955
2021-05-10 10:04:55,1364.0,591205
2021-05-10 10:04:56,1363.45,591230
2021-05-10 10:04:57,1364.0,591258
2021-05-10 10:04:58,1364.0,591270
2021-05-10 10:04:59,1363.95,591271
2021-05-10 10:05:00,1364.0,591471
2021-05-10 10:05:02,1363.95,592022
2021-05-10 10:05:03,1364.0,592137
2021-05-10 10:05:03,1364.0,592137
2021-05-10 10:05:04,1363.95,592162
2021-05-10 10:05:05,1363.45,592212
2021-05-10 10:05:06,1363.45,592212
2021-05-10 10:05:07,1363.45,592233
2021-05-10 10:05:09,1363.45,592233
2021-05-10 10:05:10,1363.85,592283
2021-05-10 10:05:10,1363.85,592283
2021-05-10 10:05:11,1363.45,592333
2021-05-10 10:05:12,1363.45,592333
2021-05-10 10:05:14,1363.85,592359
2021-05-10 10:05:16,1363.85,592359
2021-05-10 10:05:17,1363.85,592359
2021-05-10 10:05:18,1363.8,592369
2021-05-10 10:05:18,1363.8,592369
2021-05-10 10:05:19,1363.55,592419
2021-05-10 10:05:20,1363.8,592449
2021-05-10 10:05:21,1363.85,592963
2021-05-10 10:05:22,1363.85,592972
2021-05-10 10:05:24,1363.5,593324
2021-05-10 10:05:25,1363.5,595324
2021-05-10 10:05:26,1363.5,595324
2021-05-10 10:05:27,1362.55,595879
2021-05-10 10:05:28,1362.8,595905
2021-05-10 10:05:29,1362.8,595905
2021-05-10 10:05:29,1362.8,595905
2021-05-10 10:05:30,1362.8,595905
2021-05-10 10:05:31,1362.8,595910
2021-05-10 10:05:32,1362.4,596110
2021-05-10 10:05:33,1362.45,596137
2021-05-10 10:05:34,1363.25,596379
2021-05-10 10:05:35,1362.75,596400
2021-05-10 10:05:36,1362.8,596660
2021-05-10 10:05:37,1363.45,596710
2021-05-10 10:05:39,1362.85,596733
2021-05-10 10:05:40,1362.85,596754
2021-05-10 10:05:41,1362.85,596754
2021-05-10 10:05:42,1363.45,596804
2021-05-10 10:05:43,1363.45,596804
2021-05-10 10:05:44,1363.45,596914
2021-05-10 10:05:44,1363.45,596914
2021-05-10 10:05:45,1363.45,596914
2021-05-10 10:05:46,1363.1,596919
2021-05-10 10:05:47,1363.1,596919
2021-05-10 10:05:48,1363.1,596919
2021-05-10 10:05:49,1363.1,596919
2021-05-10 10:05:50,1363.1,596919
2021-05-10 10:05:51,1363.45,596929
2021-05-10 10:05:52,1363.45,597144
2021-05-10 10:05:54,1363.5,597146
2021-05-10 10:05:55,1363.5,597155
2021-05-10 10:05:56,1364.0,605595
2021-05-10 10:05:57,1364.0,605606
2021-05-10 10:05:57,1363.9,605609
2021-05-10 10:05:59,1363.75,606317
2021-05-10 10:06:00,1363.75,606580
2021-05-10 10:06:01,1363.75,607124
2021-05-10 10:06:02,1363.95,607256
2021-05-10 10:06:03,1363.45,607282
2021-05-10 10:06:03,1363.75,607283
2021-05-10 10:06:04,1363.75,607283
2021-05-10 10:06:05,1364.0,624628
2021-05-10 10:06:06,1363.2,627198
2021-05-10 10:06:07,1364.0,627723
2021-05-10 10:06:09,1364.0,627723
2021-05-10 10:06:10,1363.95,627823
2021-05-10 10:06:11,1363.4,627824
2021-05-10 10:06:12,1363.4,627824
2021-05-10 10:06:13,1363.4,627825
2021-05-10 10:06:14,1364.5,629378
2021-05-10 10:06:15,1364.5,629378
2021-05-10 10:06:16,1365.0,630767
2021-05-10 10:06:17,1365.0,631047
2021-05-10 10:06:18,1365.0,631047
2021-05-10 10:06:19,1365.0,631047
2021-05-10 10:06:20,1365.0,631097
2021-05-10 10:06:21,1364.3,631447
2021-05-10 10:06:22,1364.3,631447
2021-05-10 10:06:23,1364.9,631449
2021-05-10 10:06:24,1365.0,631489
2021-05-10 10:06:25,1364.35,631765
2021-05-10 10:06:26,1365.3,632277
2021-05-10 10:06:26,1365.3,632277
2021-05-10 10:06:27,1365.55,632468
2021-05-10 10:06:28,1365.6,632569
2021-05-10 10:06:29,1365.6,632569
2021-05-10 10:06:31,1365.2,632679
2021-05-10 10:06:32,1365.2,632679
2021-05-10 10:06:33,1365.2,632739
2021-05-10 10:06:34,1365.75,633398
2021-05-10 10:06:35,1365.75,633398
2021-05-10 10:06:35,1365.75,633398
2021-05-10 10:06:36,1365.25,633504
2021-05-10 10:06:37,1365.85,633519
2021-05-10 10:06:38,1365.95,633792
2021-05-10 10:06:39,1365.95,633792
2021-05-10 10:06:41,1365.25,634007
2021-05-10 10:06:42,1365.3,634297
2021-05-10 10:06:43,1365.3,634357
2021-05-10 10:06:44,1366.0,634459
2021-05-10 10:06:45,1366.0,634460
2021-05-10 10:06:46,1366.15,635119
2021-05-10 10:06:47,1366.15,635136
2021-05-10 10:06:49,1366.15,635156
2021-05-10 10:06:50,1366.15,635206
2021-05-10 10:06:51,1365.5,636206
2021-05-10 10:06:51,1366.3,636465
2021-05-10 10:06:52,1365.95,636468
2021-05-10 10:06:54,1365.95,636470
2021-05-10 10:06:55,1365.95,636532
2021-05-10 10:06:56,1365.4,636621
2021-05-10 10:06:57,1366.0,636631
2021-05-10 10:06:58,1366.15,636676
2021-05-10 10:06:58,1366.15,636676
2021-05-10 10:06:59,1365.55,636678
2021-05-10 10:07:01,1365.85,636756
2021-05-10 10:07:02,1366.0,636838
2021-05-10 10:07:03,1366.25,636959
2021-05-10 10:07:04,1366.15,637009
2021-05-10 10:07:05,1366.15,637010
2021-05-10 10:07:06,1366.15,637220
2021-05-10 10:07:06,1366.15,637220
2021-05-10 10:07:07,1366.15,637220
2021-05-10 10:07:08,1366.0,637326
2021-05-10 10:07:09,1366.0,637386
2021-05-10 10:07:12,1365.95,637394
2021-05-10 10:07:13,1365.95,637394
2021-05-10 10:07:14,1365.5,638168
2021-05-10 10:07:15,1365.5,638168
2021-05-10 10:07:16,1365.75,638687
2021-05-10 10:07:16,1365.75,638687
2021-05-10 10:07:17,1365.5,638734
2021-05-10 10:07:18,1365.5,638774
2021-05-10 10:07:19,1365.0,638886
2021-05-10 10:07:20,1365.0,638886
2021-05-10 10:07:22,1365.4,639487
2021-05-10 10:07:23,1365.4,639487
2021-05-10 10:07:24,1365.4,639536
2021-05-10 10:07:25,1365.5,639568
2021-05-10 10:07:26,1366.0,639599
2021-05-10 10:07:27,1366.0,639702
2021-05-10 10:07:27,1366.0,639702
2021-05-10 10:07:29,1365.4,639752
2021-05-10 10:07:30,1366.35,640752
2021-05-10 10:07:31,1366.35,640752
2021-05-10 10:07:32,1366.25,641023
2021-05-10 10:07:33,1366.25,641023
2021-05-10 10:07:33,1366.25,641023
2021-05-10 10:07:34,1366.0,641024
2021-05-10 10:07:35,1366.0,641042
2021-05-10 10:07:38,1366.05,641068
2021-05-10 10:07:39,1366.05,641068
2021-05-10 10:07:40,1366.0,641073
2021-05-10 10:07:41,1366.15,641098
2021-05-10 10:07:42,1366.15,641213
2021-05-10 10:07:43,1366.15,641213
2021-05-10 10:07:44,1366.15,641213
2021-05-10 10:07:45,1366.15,641213
2021-05-10 10:07:46,1366.15,641213
2021-05-10 10:07:46,1366.15,641213
2021-05-10 10:07:47,1366.0,641217
2021-05-10 10:07:48,1366.15,641218
2021-05-10 10:07:49,1366.0,641325
2021-05-10 10:07:50,1366.0,641436
2021-05-10 10:07:52,1366.0,641453
2021-05-10 10:07:53,1365.45,641485
2021-05-10 10:07:55,1365.45,641593
2021-05-10 10:07:56,1365.45,641593
2021-05-10 10:07:56,1365.45,641593
2021-05-10 10:07:57,1365.45,641593
2021-05-10 10:07:58,1365.5,641595
2021-05-10 10:07:59,1365.5,641595
2021-05-10 10:08:01,1366.0,641795
2021-05-10 10:08:02,1366.0,641795
2021-05-10 10:08:03,1366.0,642089
2021-05-10 10:08:04,1365.55,642248
2021-05-10 10:08:04,1365.55,642248
2021-05-10 10:08:05,1365.5,642348
2021-05-10 10:08:06,1366.0,642358
2021-05-10 10:08:08,1365.5,642360
2021-05-10 10:08:09,1365.5,642480
2021-05-10 10:08:10,1365.5,642480
2021-05-10 10:08:11,1366.0,642528
2021-05-10 10:08:11,1366.0,642528
2021-05-10 10:08:12,1366.0,642528
2021-05-10 10:08:13,1365.75,642548
2021-05-10 10:08:14,1365.75,642548
2021-05-10 10:08:15,1365.75,642548
2021-05-10 10:08:16,1365.75,642548
2021-05-10 10:08:17,1365.95,642598
2021-05-10 10:08:18,1365.95,642598
2021-05-10 10:08:19,1365.95,642738
2021-05-10 10:08:20,1365.95,642738
2021-05-10 10:08:21,1365.75,642764
2021-05-10 10:08:22,1365.95,642785
2021-05-10 10:08:23,1365.55,642886
2021-05-10 10:08:24,1365.75,642946
2021-05-10 10:08:26,1365.75,642946
2021-05-10 10:08:27,1365.75,642946
2021-05-10 10:08:28,1365.75,642946
2021-05-10 10:08:30,1365.5,643073
2021-05-10 10:08:31,1365.5,643093
2021-05-10 10:08:31,1365.5,643093
2021-05-10 10:08:32,1366.0,643243
2021-05-10 10:08:34,1365.55,643398
2021-05-10 10:08:34,1365.55,643398
2021-05-10 10:08:35,1365.5,643698
2021-05-10 10:08:37,1365.5,643698
2021-05-10 10:08:37,1365.5,643698
2021-05-10 10:08:38,1365.95,643898
2021-05-10 10:08:40,1366.0,644038
2021-05-10 10:08:41,1366.0,644068
2021-05-10 10:08:42,1366.0,644071
2021-05-10 10:08:43,1366.0,644071
2021-05-10 10:08:44,1366.0,644171
2021-05-10 10:08:45,1365.6,644181
2021-05-10 10:08:46,1366.0,644242
2021-05-10 10:08:47,1366.4,644351
2021-05-10 10:08:48,1366.0,644390
2021-05-10 10:08:49,1366.0,644426
2021-05-10 10:08:50,1366.0,644426
2021-05-10 10:08:51,1366.0,644426
2021-05-10 10:08:52,1366.0,644426
2021-05-10 10:08:53,1366.0,644456
2021-05-10 10:08:54,1366.0,644491
2021-05-10 10:08:54,1366.0,644491
2021-05-10 10:08:55,1366.0,644511
2021-05-10 10:08:56,1366.0,644511
2021-05-10 10:08:58,1365.5,644696
2021-05-10 10:08:59,1366.0,644706
2021-05-10 10:09:01,1365.5,644724
2021-05-10 10:09:02,1365.5,644724
2021-05-10 10:09:02,1365.5,644724
2021-05-10 10:09:03,1366.05,644733
2021-05-10 10:09:05,1366.05,644743
2021-05-10 10:09:07,1366.1,644754
2021-05-10 10:09:09,1365.5,644759
2021-05-10 10:09:10,1366.1,644784
2021-05-10 10:09:11,1366.1,644784
2021-05-10 10:09:12,1366.05,644809
2021-05-10 10:09:13,1365.4,644959
2021-05-10 10:09:13,1365.4,644959
2021-05-10 10:09:14,1365.4,644959
2021-05-10 10:09:16,1365.85,644961
2021-05-10 10:09:17,1365.85,644961
2021-05-10 10:09:18,1365.85,644986
2021-05-10 10:09:19,1365.85,644986
2021-05-10 10:09:20,1365.95,644996
2021-05-10 10:09:21,1365.4,645021
2021-05-10 10:09:22,1365.35,645121
2021-05-10 10:09:23,1365.65,645122
2021-05-10 10:09:24,1365.65,645122
2021-05-10 10:09:25,1365.65,645122
2021-05-10 10:09:26,1365.65,645122
2021-05-10 10:09:27,1365.65,645140
2021-05-10 10:09:28,1365.65,645140
2021-05-10 10:09:29,1365.65,645140
2021-05-10 10:09:30,1365.7,645280
2021-05-10 10:09:31,1365.7,645280
2021-05-10 10:09:32,1365.7,645280
2021-05-10 10:09:33,1365.7,645280
2021-05-10 10:09:34,1366.0,645330
2021-05-10 10:09:35,1365.65,645331
2021-05-10 10:09:36,1365.65,645331
2021-05-10 10:09:37,1365.65,645379
2021-05-10 10:09:38,1365.7,645382
2021-05-10 10:09:39,1365.7,645385
2021-05-10 10:09:40,1366.0,645516
2021-05-10 10:09:41,1366.0,645546
2021-05-10 10:09:42,1365.65,645646
2021-05-10 10:09:43,1365.65,645678
2021-05-10 10:09:44,1365.65,645678
2021-05-10 10:09:45,1365.65,645678
2021-05-10 10:09:46,1366.1,645778
2021-05-10 10:09:47,1366.1,645778
2021-05-10 10:09:49,1366.1,645778
2021-05-10 10:09:50,1365.65,646178
2021-05-10 10:09:51,1365.8,646183
2021-05-10 10:09:52,1365.75,646197
2021-05-10 10:09:52,1365.75,646197
2021-05-10 10:09:53,1365.75,646197
2021-05-10 10:09:54,1365.75,646197
2021-05-10 10:09:55,1365.75,646197
2021-05-10 10:09:57,1365.75,646197
2021-05-10 10:09:58,1365.75,646247
2021-05-10 10:09:59,1365.8,646248
2021-05-10 10:10:00,1366.0,646258
2021-05-10 10:10:01,1365.9,646376
2021-05-10 10:10:02,1365.9,646376
2021-05-10 10:10:03,1365.9,646376
2021-05-10 10:10:03,1365.9,646376
2021-05-10 10:10:04,1366.0,646386
2021-05-10 10:10:05,1366.0,646386
2021-05-10 10:10:06,1365.8,646441
2021-05-10 10:10:08,1365.8,646441
2021-05-10 10:10:09,1365.8,646441
2021-05-10 10:10:10,1366.0,646453
2021-05-10 10:10:10,1366.0,646453
2021-05-10 10:10:11,1366.25,646753
2021-05-10 10:10:12,1365.8,647052
2021-05-10 10:10:13,1365.8,647095
2021-05-10 10:10:15,1366.0,647245
2021-05-10 10:10:16,1366.0,647301
2021-05-10 10:10:17,1366.6,647606
2021-05-10 10:10:18,1366.55,647614
2021-05-10 10:10:19,1366.5,647647
2021-05-10 10:10:20,1365.9,647648
2021-05-10 10:10:21,1366.7,647911
2021-05-10 10:10:22,1366.6,647961
2021-05-10 10:10:23,1366.6,648002
2021-05-10 10:10:24,1367.0,648522
2021-05-10 10:10:25,1366.35,649037
2021-05-10 10:10:26,1366.35,649037
2021-05-10 10:10:27,1366.95,649122
2021-05-10 10:10:28,1367.0,649124
2021-05-10 10:10:29,1366.95,649126
2021-05-10 10:10:30,1366.9,651477
2021-05-10 10:10:30,1366.9,651477
2021-05-10 10:10:31,1367.1,652035
2021-05-10 10:10:33,1367.1,652035
2021-05-10 10:10:34,1366.9,652435
2021-05-10 10:10:35,1366.9,652635
2021-05-10 10:10:37,1367.1,652815
2021-05-10 10:10:38,1367.1,652815
2021-05-10 10:10:39,1366.95,652825
2021-05-10 10:10:41,1366.95,652842
2021-05-10 10:10:42,1367.0,652852
2021-05-10 10:10:43,1367.0,652852
2021-05-10 10:10:44,1367.8,653607
2021-05-10 10:10:45,1367.7,654017
2021-05-10 10:10:47,1367.0,654140
2021-05-10 10:10:46,1367.7,654090
2021-05-10 10:10:48,1367.65,654145
2021-05-10 10:10:49,1367.65,654155
2021-05-10 10:10:50,1367.65,654263
2021-05-10 10:10:51,1367.65,654363
2021-05-10 10:10:52,1367.1,654888
2021-05-10 10:10:53,1367.1,654888
2021-05-10 10:10:54,1367.85,655449
2021-05-10 10:10:55,1367.85,655811
2021-05-10 10:10:56,1367.9,656025
2021-05-10 10:10:57,1367.65,656076
2021-05-10 10:10:58,1367.65,656087
2021-05-10 10:10:59,1367.85,656268
2021-05-10 10:11:00,1367.65,656288
2021-05-10 10:11:01,1367.9,656325
2021-05-10 10:11:02,1367.65,656346
2021-05-10 10:11:03,1367.65,656346
2021-05-10 10:11:04,1367.8,656350
2021-05-10 10:11:05,1367.8,656350
2021-05-10 10:11:06,1367.8,656350
2021-05-10 10:11:07,1367.8,656350
2021-05-10 10:11:08,1367.55,656440
2021-05-10 10:11:09,1367.85,656580
2021-05-10 10:11:10,1367.9,656806
2021-05-10 10:11:11,1368.0,668165
2021-05-10 10:11:12,1367.7,668959
2021-05-10 10:11:13,1367.7,669452
2021-05-10 10:11:14,1368.0,669663
2021-05-10 10:11:15,1367.65,669763
2021-05-10 10:11:16,1368.0,669771
2021-05-10 10:11:17,1368.0,669816
2021-05-10 10:11:18,1368.0,669816
2021-05-10 10:11:19,1368.0,669936
2021-05-10 10:11:20,1367.8,669957
2021-05-10 10:11:21,1368.0,670223
2021-05-10 10:11:22,1367.9,670286
2021-05-10 10:11:23,1368.5,673420
2021-05-10 10:11:24,1368.5,673422
2021-05-10 10:11:26,1369.0,674093
2021-05-10 10:11:27,1369.0,674129
2021-05-10 10:11:28,1368.5,674310
2021-05-10 10:11:29,1369.1,677500
2021-05-10 10:11:30,1369.0,678221
2021-05-10 10:11:31,1369.25,679261
2021-05-10 10:11:32,1369.4,679471
2021-05-10 10:11:34,1368.55,679560
2021-05-10 10:11:33,1368.55,679560
2021-05-10 10:11:35,1368.85,679608
2021-05-10 10:11:36,1368.95,679658
2021-05-10 10:11:37,1368.5,679670
2021-05-10 10:11:38,1368.5,679670
2021-05-10 10:11:39,1368.95,679970
2021-05-10 10:11:40,1369.0,680248
2021-05-10 10:11:41,1369.0,680248
2021-05-10 10:11:42,1368.9,680449
2021-05-10 10:11:43,1369.0,680459
2021-05-10 10:11:44,1369.0,680474
2021-05-10 10:11:45,1369.0,680476
2021-05-10 10:11:46,1368.5,680648
2021-05-10 10:11:47,1368.9,680913
2021-05-10 10:11:48,1368.5,680929
2021-05-10 10:11:49,1368.5,680929
2021-05-10 10:11:50,1368.5,680929
2021-05-10 10:11:51,1368.9,680951
2021-05-10 10:11:52,1367.85,681798
2021-05-10 10:11:53,1367.8,681920
2021-05-10 10:11:54,1367.8,681920
2021-05-10 10:11:55,1368.35,681921
2021-05-10 10:11:56,1368.35,681921
2021-05-10 10:11:57,1367.8,681931
2021-05-10 10:11:58,1367.8,682053
2021-05-10 10:11:59,1367.8,682083
2021-05-10 10:12:00,1368.3,682114
2021-05-10 10:12:01,1368.6,682164
2021-05-10 10:12:02,1367.8,682269
2021-05-10 10:12:06,1368.45,682453
2021-05-10 10:12:07,1368.5,682568
2021-05-10 10:12:08,1368.5,682593
2021-05-10 10:12:09,1367.8,682683
2021-05-10 10:12:10,1367.8,682683
2021-05-10 10:12:11,1367.8,682683
2021-05-10 10:12:12,1367.7,683358
2021-05-10 10:12:13,1367.85,683366
2021-05-10 10:12:14,1367.85,683404
2021-05-10 10:12:15,1367.65,683607
2021-05-10 10:12:16,1367.85,683617
2021-05-10 10:12:17,1367.85,683617
2021-05-10 10:12:18,1367.85,683637
2021-05-10 10:12:19,1368.0,683697
2021-05-10 10:12:20,1368.0,683697
2021-05-10 10:12:21,1368.25,683747
2021-05-10 10:12:23,1367.65,684220
2021-05-10 10:12:22,1368.15,683820
2021-05-10 10:12:24,1367.65,684220
2021-05-10 10:12:25,1368.1,684325
2021-05-10 10:12:26,1368.1,684325
2021-05-10 10:12:27,1368.0,684356
2021-05-10 10:12:28,1368.1,684357
2021-05-10 10:12:29,1368.1,684357
2021-05-10 10:12:30,1368.1,684423
2021-05-10 10:12:31,1368.1,684485
2021-05-10 10:12:32,1368.0,684498
2021-05-10 10:12:33,1368.0,684520
2021-05-10 10:12:34,1367.9,684524
2021-05-10 10:12:35,1367.65,684583
2021-05-10 10:12:36,1367.7,684593
2021-05-10 10:12:38,1367.65,684735
2021-05-10 10:12:39,1367.65,684735
2021-05-10 10:12:40,1367.7,684785
2021-05-10 10:12:41,1367.85,684875
2021-05-10 10:12:42,1367.8,684978
2021-05-10 10:12:44,1367.8,685043
2021-05-10 10:12:43,1367.65,685033
2021-05-10 10:12:45,1367.8,685053
2021-05-10 10:12:46,1367.8,685053
2021-05-10 10:12:47,1367.8,685063
2021-05-10 10:12:48,1367.8,685087
2021-05-10 10:12:50,1367.65,685729
2021-05-10 10:12:52,1367.7,685913
2021-05-10 10:12:52,1367.7,685913
2021-05-10 10:12:53,1367.65,686121
2021-05-10 10:12:54,1367.85,686122
2021-05-10 10:12:55,1367.8,686143
2021-05-10 10:12:56,1367.8,686143
2021-05-10 10:12:57,1367.8,686152
2021-05-10 10:12:58,1367.65,686162
2021-05-10 10:12:59,1367.7,686179
2021-05-10 10:13:01,1367.8,686234
2021-05-10 10:13:01,1367.65,686355
2021-05-10 10:13:02,1367.65,686547
2021-05-10 10:13:03,1367.65,686655
2021-05-10 10:13:04,1367.8,686681
2021-05-10 10:13:05,1367.8,686682
2021-05-10 10:13:06,1367.8,686682
2021-05-10 10:13:07,1367.8,686728
2021-05-10 10:13:08,1367.8,686783
2021-05-10 10:13:09,1367.75,686813
2021-05-10 10:13:10,1367.5,686869
2021-05-10 10:13:11,1367.5,686869
2021-05-10 10:13:12,1367.5,686869
2021-05-10 10:13:13,1367.5,686870
2021-05-10 10:13:15,1367.75,686896
2021-05-10 10:13:16,1367.75,686896
2021-05-10 10:13:16,1367.4,686917
2021-05-10 10:13:17,1367.55,686922
2021-05-10 10:13:18,1367.55,686975
2021-05-10 10:13:19,1367.75,687025
2021-05-10 10:13:21,1367.35,687072
2021-05-10 10:13:21,1367.35,687072
2021-05-10 10:13:22,1367.85,687392
2021-05-10 10:13:24,1367.9,687442
2021-05-10 10:13:24,1367.9,687442
2021-05-10 10:13:25,1367.75,687542
2021-05-10 10:13:26,1367.75,687542
2021-05-10 10:13:27,1367.75,687542
2021-05-10 10:13:28,1367.75,687546
2021-05-10 10:13:30,1367.75,687611
2021-05-10 10:13:31,1367.75,687611
2021-05-10 10:13:32,1367.75,687611
2021-05-10 10:13:33,1367.4,687631
2021-05-10 10:13:34,1367.75,687636
2021-05-10 10:13:35,1367.6,687734
2021-05-10 10:13:37,1367.3,687735
2021-05-10 10:13:37,1367.6,687739
2021-05-10 10:13:38,1367.35,687745
2021-05-10 10:13:39,1367.45,687775
2021-05-10 10:13:40,1367.45,687780
2021-05-10 10:13:41,1367.35,687835
2021-05-10 10:13:42,1367.0,688845
2021-05-10 10:13:43,1366.9,689646
2021-05-10 10:13:44,1366.9,689646
2021-05-10 10:13:45,1366.9,689646
2021-05-10 10:13:46,1366.9,689657
2021-05-10 10:13:47,1366.9,689657
2021-05-10 10:13:48,1366.7,689893
2021-05-10 10:13:49,1366.7,691061
2021-05-10 10:13:50,1367.65,691736
2021-05-10 10:13:51,1367.65,691736
2021-05-10 10:13:52,1367.2,691737
2021-05-10 10:13:54,1367.2,691747
2021-05-10 10:13:55,1367.2,691782
2021-05-10 10:13:55,1367.2,691803
2021-05-10 10:13:56,1367.2,691803
2021-05-10 10:13:57,1367.2,691818
2021-05-10 10:13:58,1367.45,691832
2021-05-10 10:13:59,1367.45,691832
2021-05-10 10:14:00,1367.2,691842
2021-05-10 10:14:01,1367.2,691842
2021-05-10 10:14:02,1367.2,691842
2021-05-10 10:14:03,1367.75,691882
2021-05-10 10:14:04,1367.2,691956
2021-05-10 10:14:05,1367.2,691956
2021-05-10 10:14:06,1367.5,692072
2021-05-10 10:14:07,1367.3,692094
2021-05-10 10:14:08,1367.3,692094
2021-05-10 10:14:09,1367.3,692094
2021-05-10 10:14:10,1367.5,692120
2021-05-10 10:14:11,1367.5,692120
2021-05-10 10:14:12,1367.5,692124
2021-05-10 10:14:13,1367.45,692128
2021-05-10 10:14:14,1367.2,692284
2021-05-10 10:14:15,1367.2,692314
2021-05-10 10:14:16,1367.5,692427
2021-05-10 10:14:17,1367.2,692442
2021-05-10 10:14:19,1366.9,692718
2021-05-10 10:14:19,1366.9,692718
2021-05-10 10:14:20,1367.2,692722
2021-05-10 10:14:21,1367.2,692722
2021-05-10 10:14:22,1366.8,692730
2021-05-10 10:14:23,1366.85,692811
2021-05-10 10:14:24,1366.95,692816
2021-05-10 10:14:25,1366.95,692828
2021-05-10 10:14:26,1366.85,692928
2021-05-10 10:14:27,1366.85,692928
2021-05-10 10:14:28,1367.0,692998
2021-05-10 10:14:29,1367.0,692998
2021-05-10 10:14:30,1367.0,692998
2021-05-10 10:14:31,1367.0,693018
2021-05-10 10:14:32,1367.0,693018
2021-05-10 10:14:33,1367.0,693018
2021-05-10 10:14:34,1367.0,693018
2021-05-10 10:14:35,1367.0,693018
2021-05-10 10:14:36,1367.0,693048
2021-05-10 10:14:37,1367.0,693048
2021-05-10 10:14:38,1367.0,693048
2021-05-10 10:14:39,1367.0,693048
2021-05-10 10:14:40,1366.85,693098
2021-05-10 10:14:41,1366.85,693542
2021-05-10 10:14:42,1367.0,693760
2021-05-10 10:14:43,1366.85,693789
2021-05-10 10:14:44,1366.85,693789
2021-05-10 10:14:46,1366.85,693793
2021-05-10 10:14:48,1366.85,693893
2021-05-10 10:14:49,1366.95,693894
2021-05-10 10:14:50,1366.85,693904
2021-05-10 10:14:52,1366.85,693904
2021-05-10 10:14:53,1366.9,693921
2021-05-10 10:14:53,1366.9,693921
2021-05-10 10:14:55,1366.9,693921
2021-05-10 10:14:56,1366.9,694049
2021-05-10 10:14:56,1366.9,693969
2021-05-10 10:14:57,1366.85,694149
2021-05-10 10:14:58,1366.85,694174
2021-05-10 10:14:59,1366.85,694174
2021-05-10 10:15:00,1367.0,694247
2021-05-10 10:15:01,1367.0,694247
2021-05-10 10:15:02,1366.95,694267
2021-05-10 10:15:03,1366.9,694272
2021-05-10 10:15:04,1366.9,694284
2021-05-10 10:15:06,1366.95,694378
2021-05-10 10:15:06,1366.9,694293
2021-05-10 10:15:07,1367.0,694403
2021-05-10 10:15:08,1367.0,694408
2021-05-10 10:15:09,1367.0,694505
2021-05-10 10:15:10,1366.95,694525
2021-05-10 10:15:11,1367.0,694527
2021-05-10 10:15:12,1367.0,694527
2021-05-10 10:15:14,1367.0,694527
2021-05-10 10:15:15,1366.95,694543
2021-05-10 10:15:16,1366.95,694593
2021-05-10 10:15:16,1366.95,694593
2021-05-10 10:15:17,1366.95,694593
2021-05-10 10:15:18,1366.95,694593
2021-05-10 10:15:19,1366.95,694593
2021-05-10 10:15:20,1367.0,694852
2021-05-10 10:15:21,1367.0,694852
2021-05-10 10:15:22,1366.95,694980
2021-05-10 10:15:23,1366.95,695095
2021-05-10 10:15:24,1366.95,695095
2021-05-10 10:15:25,1366.95,695095
2021-05-10 10:15:26,1366.95,695100
2021-05-10 10:15:29,1367.3,696906
2021-05-10 10:15:30,1367.45,696916
2021-05-10 10:15:30,1367.45,696916
2021-05-10 10:15:32,1367.15,697371
2021-05-10 10:15:33,1367.5,697397
2021-05-10 10:15:33,1367.2,697418
2021-05-10 10:15:34,1367.5,697440
2021-05-10 10:15:35,1367.5,697440
2021-05-10 10:15:36,1367.2,697443
2021-05-10 10:15:38,1367.1,697543
2021-05-10 10:15:38,1367.1,697543
2021-05-10 10:15:40,1367.75,697648
2021-05-10 10:15:41,1367.45,697657
2021-05-10 10:15:41,1367.45,697657
2021-05-10 10:15:42,1367.45,697658
2021-05-10 10:15:43,1367.4,697664
2021-05-10 10:15:44,1367.4,697737
2021-05-10 10:15:45,1367.4,697737
2021-05-10 10:15:46,1367.4,697737
2021-05-10 10:15:48,1367.4,697747
2021-05-10 10:15:49,1367.3,697768
2021-05-10 10:15:50,1367.3,697814
2021-05-10 10:15:51,1367.2,698113
2021-05-10 10:15:52,1367.2,698275
2021-05-10 10:15:53,1367.2,698275
2021-05-10 10:15:53,1367.2,698275
2021-05-10 10:15:54,1367.4,698320
2021-05-10 10:15:56,1367.2,698374
2021-05-10 10:15:57,1367.2,698374
2021-05-10 10:15:58,1367.2,698374
2021-05-10 10:15:59,1367.4,698404
2021-05-10 10:15:59,1367.4,698404
2021-05-10 10:16:00,1367.4,698404
2021-05-10 10:16:01,1367.4,698418
2021-05-10 10:16:02,1367.25,698420
2021-05-10 10:16:03,1367.4,698459
2021-05-10 10:16:04,1367.4,698459
2021-05-10 10:16:05,1367.25,698549
2021-05-10 10:16:06,1367.4,698569
2021-05-10 10:16:07,1367.4,698569
2021-05-10 10:16:08,1367.4,698569
2021-05-10 10:16:09,1367.4,698569
2021-05-10 10:16:10,1367.25,698674
2021-05-10 10:16:11,1367.4,698755
2021-05-10 10:16:12,1367.4,698755
2021-05-10 10:16:13,1367.4,698915
2021-05-10 10:16:14,1367.4,698915
2021-05-10 10:16:16,1367.9,699015
2021-05-10 10:16:17,1367.4,699030
2021-05-10 10:16:18,1367.4,699030
2021-05-10 10:16:18,1367.4,699030
2021-05-10 10:16:19,1367.4,699061
2021-05-10 10:16:20,1367.4,699061
2021-05-10 10:16:22,1367.4,699061
2021-05-10 10:16:23,1367.4,699161
2021-05-10 10:16:23,1367.4,699161
2021-05-10 10:16:24,1367.4,699161
2021-05-10 10:16:25,1367.45,699171
2021-05-10 10:16:26,1367.4,699271
2021-05-10 10:16:27,1367.9,699307
2021-05-10 10:16:28,1367.9,699503
2021-05-10 10:16:29,1367.9,699503
2021-05-10 10:16:30,1367.9,699503
2021-05-10 10:16:31,1367.9,699503
2021-05-10 10:16:33,1367.9,699503
2021-05-10 10:16:34,1367.9,699503
2021-05-10 10:16:35,1367.5,699504
2021-05-10 10:16:36,1367.5,699605
2021-05-10 10:16:37,1367.5,699605
2021-05-10 10:16:38,1367.5,699681
2021-05-10 10:16:40,1367.9,699785
2021-05-10 10:16:41,1367.9,699795
2021-05-10 10:16:43,1368.0,700467
2021-05-10 10:16:44,1367.9,700498
2021-05-10 10:16:44,1367.9,700498
2021-05-10 10:16:45,1367.95,700510
2021-05-10 10:16:46,1367.95,700510
2021-05-10 10:16:48,1367.9,700618
2021-05-10 10:16:49,1368.0,700828
2021-05-10 10:16:50,1368.0,700828
2021-05-10 10:16:51,1368.0,701056
2021-05-10 10:16:52,1368.0,701056
2021-05-10 10:16:53,1368.0,701056
2021-05-10 10:16:54,1368.0,701056
2021-05-10 10:16:55,1367.9,701075
2021-05-10 10:16:56,1367.95,701110
2021-05-10 10:16:58,1367.9,701224
2021-05-10 10:16:58,1367.9,701224
2021-05-10 10:16:59,1367.95,701269
2021-05-10 10:17:00,1368.0,701377
2021-05-10 10:17:01,1368.0,701412
2021-05-10 10:17:02,1367.9,701413
2021-05-10 10:17:03,1367.9,701423
2021-05-10 10:17:04,1367.9,701423
2021-05-10 10:17:05,1368.0,701755
2021-05-10 10:17:06,1367.9,701765
2021-05-10 10:17:08,1368.1,701800
2021-05-10 10:17:09,1368.1,701807
2021-05-10 10:17:10,1367.65,702686
2021-05-10 10:17:11,1368.2,702797
2021-05-10 10:17:12,1368.2,702797
2021-05-10 10:17:13,1368.2,702797
2021-05-10 10:17:14,1368.2,702890
2021-05-10 10:17:15,1368.0,702897
2021-05-10 10:17:16,1368.0,702900
2021-05-10 10:17:16,1368.0,702900
2021-05-10 10:17:17,1368.1,702910
2021-05-10 10:17:18,1368.0,702911
2021-05-10 10:17:19,1368.0,702962
2021-05-10 10:17:21,1368.0,703363
2021-05-10 10:17:22,1368.0,703717
2021-05-10 10:17:23,1368.35,703720
2021-05-10 10:17:24,1368.4,703891
2021-05-10 10:17:24,1368.4,703891
2021-05-10 10:17:25,1368.0,703899
2021-05-10 10:17:26,1368.45,703917
2021-05-10 10:17:27,1368.2,703939
2021-05-10 10:17:28,1368.2,704026
2021-05-10 10:17:29,1368.2,704026
2021-05-10 10:17:30,1368.2,704126
2021-05-10 10:17:31,1368.5,704131
2021-05-10 10:17:33,1368.5,704131
2021-05-10 10:17:34,1368.5,704131
2021-05-10 10:17:35,1368.45,704141
2021-05-10 10:17:35,1368.45,704141
2021-05-10 10:17:36,1368.45,704146
2021-05-10 10:17:37,1368.6,704636
2021-05-10 10:17:39,1368.95,704811
2021-05-10 10:17:40,1369.0,705011
2021-05-10 10:17:41,1368.5,705161
2021-05-10 10:17:41,1369.0,705180
2021-05-10 10:17:43,1369.0,705596
2021-05-10 10:17:43,1369.0,705666
2021-05-10 10:17:44,1369.1,706305
2021-05-10 10:17:45,1369.4,706417
2021-05-10 10:17:46,1369.4,706921
2021-05-10 10:17:47,1369.4,706931
2021-05-10 10:17:49,1369.0,707060
2021-05-10 10:17:50,1369.5,707294
2021-05-10 10:17:52,1369.0,707611
2021-05-10 10:17:52,1369.4,707621
2021-05-10 10:17:53,1369.5,707786
2021-05-10 10:17:54,1369.0,707991
2021-05-10 10:17:55,1369.2,708106
2021-05-10 10:17:56,1369.2,708136
2021-05-10 10:17:58,1369.5,710848
2021-05-10 10:17:59,1369.5,711268
2021-05-10 10:18:00,1369.5,712852
2021-05-10 10:18:00,1369.5,711313
2021-05-10 10:18:02,1369.5,713632
2021-05-10 10:18:03,1369.7,713772
2021-05-10 10:18:04,1369.75,713811
2021-05-10 10:18:05,1370.25,729113
2021-05-10 10:18:06,1370.25,729264
2021-05-10 10:18:07,1370.05,729331
2021-05-10 10:18:08,1370.5,729996
2021-05-10 10:18:09,1370.4,731145
2021-05-10 10:18:10,1370.0,732598
2021-05-10 10:18:11,1370.05,733156
2021-05-10 10:18:12,1370.15,733261
2021-05-10 10:18:13,1370.1,733341
2021-05-10 10:18:14,1370.0,733410
2021-05-10 10:18:15,1370.45,734523
2021-05-10 10:18:15,1370.0,734383
2021-05-10 10:18:16,1370.5,734713
2021-05-10 10:18:17,1370.05,734813
2021-05-10 10:18:18,1370.05,734864
2021-05-10 10:18:20,1370.4,734871
2021-05-10 10:18:21,1370.15,734882
2021-05-10 10:18:22,1370.05,735088
2021-05-10 10:18:24,1370.5,735265
2021-05-10 10:18:25,1370.65,735375
2021-05-10 10:18:26,1370.65,735421
2021-05-10 10:18:27,1370.6,735422
2021-05-10 10:18:28,1370.65,735424
2021-05-10 10:18:29,1370.75,736000
2021-05-10 10:18:30,1370.9,736215
2021-05-10 10:18:31,1370.65,736300
2021-05-10 10:18:31,1370.65,736300
2021-05-10 10:18:32,1370.9,736646
2021-05-10 10:18:33,1370.5,737468
2021-05-10 10:18:34,1371.0,737983
2021-05-10 10:18:35,1371.25,738149
2021-05-10 10:18:36,1371.25,738194
2021-05-10 10:18:37,1371.2,739201
2021-05-10 10:18:38,1371.25,739351
2021-05-10 10:18:39,1371.0,739493
2021-05-10 10:18:40,1371.05,739504
2021-05-10 10:18:41,1371.0,739819
2021-05-10 10:18:42,1371.0,739880
2021-05-10 10:18:43,1371.0,739964
2021-05-10 10:18:44,1371.2,740022
2021-05-10 10:18:45,1371.2,740022
2021-05-10 10:18:46,1371.2,740042
2021-05-10 10:18:47,1371.2,740133
2021-05-10 10:18:48,1371.2,740193
2021-05-10 10:18:50,1371.2,740387
2021-05-10 10:18:51,1371.2,740647
2021-05-10 10:18:52,1371.1,743248
2021-05-10 10:18:53,1371.0,743606
2021-05-10 10:18:53,1371.35,743676
2021-05-10 10:18:55,1371.2,743758
2021-05-10 10:18:56,1371.2,743766
2021-05-10 10:18:57,1371.2,743977
2021-05-10 10:18:58,1370.7,743995
2021-05-10 10:18:59,1371.0,744092
2021-05-10 10:19:00,1371.0,744190
2021-05-10 10:19:01,1370.6,744259
2021-05-10 10:19:02,1371.0,744334
2021-05-10 10:19:02,1371.0,744334
2021-05-10 10:19:04,1370.55,744454
2021-05-10 10:19:05,1370.95,747006
2021-05-10 10:19:06,1370.5,747491
2021-05-10 10:19:07,1371.2,748081
2021-05-10 10:19:08,1371.0,748107
2021-05-10 10:19:09,1371.2,748402
2021-05-10 10:19:10,1371.4,749400
2021-05-10 10:19:11,1371.4,749540
2021-05-10 10:19:12,1371.45,749541
2021-05-10 10:19:13,1371.2,750397
2021-05-10 10:19:14,1371.85,751392
2021-05-10 10:19:15,1371.85,751857
2021-05-10 10:19:16,1371.15,751907
2021-05-10 10:19:17,1371.3,751980
2021-05-10 10:19:18,1371.3,752007
2021-05-10 10:19:19,1371.5,752053
2021-05-10 10:19:21,1371.45,752285
2021-05-10 10:19:22,1371.5,752336
2021-05-10 10:19:23,1371.95,752783
2021-05-10 10:19:24,1371.6,753075
2021-05-10 10:19:25,1372.0,753600
2021-05-10 10:19:26,1372.0,753600
2021-05-10 10:19:27,1372.0,754025
2021-05-10 10:19:27,1372.0,754025
2021-05-10 10:19:28,1372.0,754130
2021-05-10 10:19:29,1371.85,754215
2021-05-10 10:19:30,1371.85,754406
2021-05-10 10:19:31,1371.0,755371
2021-05-10 10:19:32,1371.85,755583
2021-05-10 10:19:33,1372.0,755915
2021-05-10 10:19:35,1372.0,755991
2021-05-10 10:19:35,1372.0,756112
2021-05-10 10:19:36,1372.0,756132
2021-05-10 10:19:37,1372.0,756161
2021-05-10 10:19:38,1372.0,756497
2021-05-10 10:19:39,1372.0,756802
2021-05-10 10:19:40,1372.6,758052
2021-05-10 10:19:42,1371.85,759555
2021-05-10 10:19:43,1372.55,759845
2021-05-10 10:19:43,1372.6,759846
2021-05-10 10:19:45,1372.2,760160
2021-05-10 10:19:46,1372.8,760430
2021-05-10 10:19:46,1372.8,760430
2021-05-10 10:19:48,1373.0,760886
2021-05-10 10:19:48,1372.35,760902
2021-05-10 10:19:49,1373.0,761080
2021-05-10 10:19:51,1372.4,761082
2021-05-10 10:19:52,1372.8,761107
2021-05-10 10:19:53,1372.8,761137
2021-05-10 10:19:54,1372.0,762298
2021-05-10 10:19:55,1372.4,762744
2021-05-10 10:19:56,1372.4,762948
2021-05-10 10:19:57,1372.4,762958
2021-05-10 10:19:58,1372.4,762970
2021-05-10 10:19:59,1372.55,763000
2021-05-10 10:20:00,1372.75,763327
2021-05-10 10:20:01,1372.8,763529
2021-05-10 10:20:02,1372.85,763899
2021-05-10 10:20:03,1372.65,764097
2021-05-10 10:20:04,1372.6,764175
2021-05-10 10:20:04,1372.0,764360
2021-05-10 10:20:06,1372.1,764449
2021-05-10 10:20:06,1372.1,764449
2021-05-10 10:20:07,1371.5,764856
2021-05-10 10:20:09,1371.5,765336
2021-05-10 10:20:10,1370.9,765419
2021-05-10 10:20:11,1371.35,765729
2021-05-10 10:20:12,1371.35,765749
2021-05-10 10:20:13,1371.2,765751
2021-05-10 10:20:14,1371.0,765772
2021-05-10 10:20:15,1371.05,765777
2021-05-10 10:20:16,1371.2,765832
2021-05-10 10:20:17,1371.2,765832
2021-05-10 10:20:18,1371.55,765958
2021-05-10 10:20:19,1371.55,765969
2021-05-10 10:20:20,1371.45,766138
2021-05-10 10:20:20,1371.45,766139
2021-05-10 10:20:23,1371.0,766189
2021-05-10 10:20:23,1371.0,766189
2021-05-10 10:20:25,1371.0,766426
2021-05-10 10:20:27,1371.0,766443
2021-05-10 10:20:28,1371.0,766443
2021-05-10 10:20:29,1370.9,766850
2021-05-10 10:20:31,1371.0,766898
2021-05-10 10:20:33,1370.7,767985
2021-05-10 10:20:34,1370.85,768039
2021-05-10 10:20:36,1370.25,768520
2021-05-10 10:20:37,1370.25,768520
2021-05-10 10:20:38,1370.85,768525
2021-05-10 10:20:39,1370.85,768525
2021-05-10 10:20:40,1370.35,768544
2021-05-10 10:20:41,1370.0,769385
2021-05-10 10:20:41,1370.35,770159
2021-05-10 10:20:42,1370.35,770159
2021-05-10 10:20:43,1369.75,770232
2021-05-10 10:20:44,1369.75,770268
2021-05-10 10:20:45,1370.1,770403
2021-05-10 10:20:47,1369.9,770987
2021-05-10 10:20:48,1369.7,771248
2021-05-10 10:20:50,1369.7,771474
2021-05-10 10:20:51,1370.25,771531
2021-05-10 10:20:52,1369.75,771981
2021-05-10 10:20:53,1370.45,771988
2021-05-10 10:20:54,1370.65,772629
2021-05-10 10:20:55,1369.7,772729
2021-05-10 10:20:56,1369.9,772832
2021-05-10 10:20:57,1369.4,773508
2021-05-10 10:20:58,1369.35,773524
2021-05-10 10:20:59,1370.6,774537
2021-05-10 10:21:01,1371.0,774787
2021-05-10 10:21:02,1370.05,775062
2021-05-10 10:21:03,1370.75,775064
2021-05-10 10:21:04,1369.75,775599
2021-05-10 10:21:05,1370.65,775611
2021-05-10 10:21:06,1370.55,775623
2021-05-10 10:21:07,1370.0,775924
2021-05-10 10:21:08,1370.5,776016
2021-05-10 10:21:09,1370.5,776040
2021-05-10 10:21:09,1370.5,776046
2021-05-10 10:21:10,1370.0,776196
2021-05-10 10:21:12,1370.0,776197
2021-05-10 10:21:13,1370.0,776301
2021-05-10 10:21:14,1370.45,776600
2021-05-10 10:21:15,1369.5,777201
2021-05-10 10:21:16,1370.0,777206
2021-05-10 10:21:17,1370.45,777516
2021-05-10 10:21:18,1370.45,777631
2021-05-10 10:21:20,1370.45,778177
2021-05-10 10:21:21,1370.7,779059
2021-05-10 10:21:22,1370.85,779304
2021-05-10 10:21:23,1370.2,779425
2021-05-10 10:21:24,1371.0,781228
2021-05-10 10:21:25,1371.4,781303
2021-05-10 10:21:26,1371.45,781304
2021-05-10 10:21:27,1371.55,781606
2021-05-10 10:21:28,1371.85,781611
2021-05-10 10:21:29,1371.85,782136
2021-05-10 10:21:30,1371.15,782166
2021-05-10 10:21:31,1371.15,782166
2021-05-10 10:21:32,1371.95,782178
2021-05-10 10:21:33,1371.85,782318
2021-05-10 10:21:34,1371.2,782319
2021-05-10 10:21:35,1371.2,782329
2021-05-10 10:21:36,1371.5,782359
2021-05-10 10:21:37,1370.85,782441
