timestamp,ltp,volume
2021-05-10 09:31:05,106.15,2815237
2021-05-10 09:31:09,106.2,2822483
2021-05-10 09:31:15,106.15,2822541
2021-05-10 09:31:19,106.2,2845900
2021-05-10 09:31:29,106.2,2861014
2021-05-10 09:31:34,106.2,2861872
2021-05-10 09:31:39,106.2,2878622
2021-05-10 09:31:44,106.2,2883889
2021-05-10 09:31:49,106.25,2905213
2021-05-10 09:31:54,106.2,2918877
2021-05-10 09:31:59,106.15,2921054
2021-05-10 09:32:04,106.2,2927555
2021-05-10 09:32:09,106.1,3021105
2021-05-10 09:32:13,106.05,3029128
2021-05-10 09:32:18,106.05,3043791
2021-05-10 09:32:22,106.05,3044445
2021-05-10 09:32:27,106.05,3050512
2021-05-10 09:32:32,106.0,3050893
2021-05-10 09:32:36,106.05,3060587
2021-05-10 09:32:40,106.05,3068840
2021-05-10 09:32:49,106.0,3075395
2021-05-10 09:32:54,106.0,3132589
2021-05-10 09:32:58,105.9,3138117
2021-05-10 09:33:03,105.9,3149999
2021-05-10 09:33:07,105.85,3152180
2021-05-10 09:33:11,105.8,3189464
2021-05-10 09:33:20,105.85,3200240
2021-05-10 09:33:25,105.8,3201550
2021-05-10 09:33:30,105.8,3207594
2021-05-10 09:33:34,105.85,3212820
2021-05-10 09:33:39,105.8,3222979
2021-05-10 09:33:43,105.8,3231126
2021-05-10 09:33:48,105.8,3235387
2021-05-10 09:33:52,105.85,3237511
2021-05-10 09:33:57,105.85,3244097
2021-05-10 09:34:02,105.8,3247108
2021-05-10 09:34:06,105.8,3253008
2021-05-10 09:34:10,105.85,3253935
2021-05-10 09:34:15,105.85,3256247
2021-05-10 09:34:19,105.85,3257519
2021-05-10 09:34:23,105.9,3271936
2021-05-10 09:34:28,105.9,3274187
2021-05-10 09:34:32,105.95,3275034
2021-05-10 09:34:37,106.0,3276738
2021-05-10 09:34:41,105.9,3277388
2021-05-10 09:34:45,106.0,3280363
2021-05-10 09:34:50,106.0,3291224
2021-05-10 09:34:54,105.95,3301299
2021-05-10 09:34:58,106.0,3305356
2021-05-10 09:35:03,106.0,3314648
2021-05-10 09:35:07,105.95,3343785
2021-05-10 09:35:12,105.9,3353726
2021-05-10 09:35:17,105.9,3354236
2021-05-10 09:35:21,105.95,3356206
2021-05-10 09:35:26,105.9,3357752
2021-05-10 09:35:30,105.95,3363542
2021-05-10 09:35:39,105.95,3372514
2021-05-10 09:35:43,106.0,3378070
2021-05-10 09:35:48,106.05,3378966
2021-05-10 09:35:52,106.0,3379592
2021-05-10 09:35:56,106.05,3379704
2021-05-10 09:36:01,106.0,3380785
2021-05-10 09:36:06,106.05,3381137
2021-05-10 09:36:10,106.0,3385922
2021-05-10 09:36:15,106.05,3388032
2021-05-10 09:36:19,106.0,3388200
2021-05-10 09:36:23,106.1,3409881
2021-05-10 09:36:27,106.1,3411175
2021-05-10 09:36:32,106.15,3417166
2021-05-10 09:36:36,106.15,3423706
2021-05-10 09:36:41,106.15,3426953
2021-05-10 09:36:45,106.1,3434354
2021-05-10 09:36:49,106.05,3435713
2021-05-10 09:36:53,106.1,3447124
2021-05-10 09:36:57,106.05,3455901
2021-05-10 09:37:02,106.1,3458737
2021-05-10 09:37:10,106.05,3463581
2021-05-10 09:37:15,106.2,3470588
2021-05-10 09:37:19,106.2,3477503
2021-05-10 09:37:23,106.3,3499775
2021-05-10 09:37:28,106.2,3517476
2021-05-10 09:37:33,106.25,3518781
2021-05-10 09:37:37,106.25,3522309
2021-05-10 09:37:41,106.25,3523953
2021-05-10 09:37:46,106.3,3524298
2021-05-10 09:37:50,106.35,3528922
2021-05-10 09:37:55,106.35,3531117
2021-05-10 09:37:59,106.3,3531845
2021-05-10 09:38:03,106.35,3533597
2021-05-10 09:38:07,106.35,3534769
2021-05-10 09:38:11,106.35,3535277
2021-05-10 09:38:16,106.25,3554214
2021-05-10 09:38:21,106.2,3557085
2021-05-10 09:38:25,106.3,3557412
2021-05-10 09:38:29,106.25,3578586
2021-05-10 09:38:34,106.2,3581378
2021-05-10 09:38:38,106.25,3581437
2021-05-10 09:38:42,106.25,3582093
2021-05-10 09:38:47,106.25,3583496
2021-05-10 09:38:51,106.25,3588701
2021-05-10 09:38:55,106.2,3597332
2021-05-10 09:38:59,106.25,3597808
2021-05-10 09:39:08,106.25,3609584
2021-05-10 09:39:16,106.25,3610094
2021-05-10 09:39:21,106.25,3610206
2021-05-10 09:39:25,106.3,3611863
2021-05-10 09:39:29,106.25,3612444
2021-05-10 09:39:33,106.3,3613044
2021-05-10 09:39:37,106.25,3633701
2021-05-10 09:39:42,106.25,3633900
2021-05-10 09:39:46,106.35,3665492
2021-05-10 09:39:50,106.35,3667912
2021-05-10 09:39:54,106.35,3669643
2021-05-10 09:39:59,106.3,3669843
2021-05-10 09:40:03,106.3,3669844
2021-05-10 09:40:07,106.25,3669846
2021-05-10 09:40:10,106.35,3674446
2021-05-10 09:40:15,106.35,3676551
2021-05-10 09:40:19,106.35,3683154
2021-05-10 09:40:23,106.25,3689334
2021-05-10 09:40:27,106.25,3699108
2021-05-10 09:40:30,106.25,3704132
2021-05-10 09:40:34,106.25,3714285
2021-05-10 09:40:38,106.25,3721687
2021-05-10 09:40:42,106.2,3723707
2021-05-10 09:40:46,106.3,3735247
2021-05-10 09:40:50,106.25,3735946
2021-05-10 09:40:54,106.25,3761711
2021-05-10 09:40:59,106.2,3762419
2021-05-10 09:41:03,106.2,3771209
2021-05-10 09:41:08,106.15,3772177
2021-05-10 09:41:12,106.25,3773277
2021-05-10 09:41:17,106.2,3774177
2021-05-10 09:41:21,106.2,3774209
2021-05-10 09:41:26,106.25,3774835
2021-05-10 09:41:30,106.3,3778712
2021-05-10 09:41:34,106.25,3778828
2021-05-10 09:41:38,106.3,3781460
2021-05-10 09:41:42,106.3,3783312
2021-05-10 09:41:46,106.25,3783313
2021-05-10 09:41:49,106.25,3784383
2021-05-10 09:41:53,106.3,3784989
2021-05-10 09:41:58,106.3,3792195
2021-05-10 09:42:02,106.35,3792310
2021-05-10 09:42:06,106.35,3825381
2021-05-10 09:42:10,106.4,3826713
2021-05-10 09:42:14,106.4,3845954
2021-05-10 09:42:18,106.45,3874614
2021-05-10 09:42:22,106.5,3876343
2021-05-10 09:42:26,106.5,3887940
2021-05-10 09:42:30,106.4,3893367
2021-05-10 09:42:34,106.45,3938590
2021-05-10 09:42:39,106.4,3938936
2021-05-10 09:42:47,106.45,3949978
2021-05-10 09:42:51,106.45,3951092
2021-05-10 09:42:55,106.35,3956043
2021-05-10 09:42:58,106.45,3957270
2021-05-10 09:43:03,106.45,3957450
2021-05-10 09:43:07,106.45,3957477
2021-05-10 09:43:11,106.4,3963967
2021-05-10 09:43:15,106.4,3965368
2021-05-10 09:43:19,106.4,3966790
2021-05-10 09:43:23,106.5,3967975
2021-05-10 09:43:28,106.55,3984133
2021-05-10 09:43:32,106.5,3985157
2021-05-10 09:43:36,106.55,3990375
2021-05-10 09:43:40,106.5,3992340
2021-05-10 09:43:44,106.55,3995810
2021-05-10 09:43:48,106.55,4002665
2021-05-10 09:43:52,106.5,4004555
2021-05-10 09:43:56,106.55,4006011
2021-05-10 09:44:00,106.55,4011425
2021-05-10 09:44:04,106.5,4014288
2021-05-10 09:44:08,106.45,4015398
2021-05-10 09:44:12,106.5,4022816
2021-05-10 09:44:16,106.5,4042140
2021-05-10 09:44:21,106.45,4044107
2021-05-10 09:44:25,106.45,4052209
2021-05-10 09:44:29,106.5,4053540
2021-05-10 09:44:33,106.65,4095208
2021-05-10 09:44:37,106.75,4154305
2021-05-10 09:44:41,106.7,4244685
2021-05-10 09:44:44,106.75,4251422
2021-05-10 09:44:48,106.75,4262052
2021-05-10 09:44:52,106.75,4268641
2021-05-10 09:44:56,106.75,4273466
2021-05-10 09:45:00,106.7,4294427
2021-05-10 09:45:04,106.8,4317983
2021-05-10 09:45:09,106.8,4347936
2021-05-10 09:45:13,106.85,4373678
2021-05-10 09:45:18,106.9,4406309
2021-05-10 09:45:27,106.7,4492765
2021-05-10 09:45:31,106.75,4504057
2021-05-10 09:45:35,106.7,4521402
2021-05-10 09:45:40,106.7,4533925
2021-05-10 09:45:44,106.65,4543551
2021-05-10 09:45:48,106.7,4550222
2021-05-10 09:45:52,106.65,4564982
2021-05-10 09:45:56,106.7,4569302
2021-05-10 09:46:04,106.65,4580787
2021-05-10 09:46:08,106.7,4584263
2021-05-10 09:46:12,106.7,4587505
2021-05-10 09:46:16,106.75,4592726
2021-05-10 09:46:20,106.7,4609953
2021-05-10 09:46:24,106.75,4615192
2021-05-10 09:46:28,106.8,4622983
2021-05-10 09:46:33,106.75,4627742
2021-05-10 09:46:37,106.7,4651872
2021-05-10 09:46:40,106.75,4655332
2021-05-10 09:46:44,106.65,4673385
2021-05-10 09:46:49,106.55,4752218
2021-05-10 09:46:53,106.55,4758748
2021-05-10 09:46:57,106.5,4768054
2021-05-10 09:47:02,106.5,4776834
2021-05-10 09:47:06,106.4,4789868
2021-05-10 09:47:10,106.4,4793457
2021-05-10 09:47:14,106.4,4816941
2021-05-10 09:47:19,106.4,4820075
2021-05-10 09:47:24,106.4,4823843
2021-05-10 09:47:29,106.4,4831199
2021-05-10 09:47:33,106.45,4848766
2021-05-10 09:47:36,106.4,4849502
2021-05-10 09:47:40,106.45,4858075
2021-05-10 09:47:44,106.45,4859476
2021-05-10 09:47:49,106.45,4860706
2021-05-10 09:47:53,106.5,4867170
2021-05-10 09:47:57,106.45,4868124
2021-05-10 09:48:02,106.45,4870912
2021-05-10 09:48:06,106.5,4874661
2021-05-10 09:48:10,106.5,4897015
2021-05-10 09:48:14,106.5,4903668
2021-05-10 09:48:15,106.55,4903971
2021-05-10 09:48:15,106.5,4904171
2021-05-10 09:48:16,106.55,4905789
2021-05-10 09:48:17,106.5,4905811
2021-05-10 09:48:19,106.5,4906990
2021-05-10 09:48:20,106.5,4907220
2021-05-10 09:48:21,106.5,4907430
2021-05-10 09:48:22,106.55,4907638
2021-05-10 09:48:22,106.45,4908648
2021-05-10 09:48:23,106.55,4908658
2021-05-10 09:48:25,106.5,4908754
2021-05-10 09:48:27,106.5,4909255
2021-05-10 09:48:28,106.55,4909305
2021-05-10 09:48:29,106.55,4909505
2021-05-10 09:48:30,106.5,4913058
2021-05-10 09:48:31,106.5,4913058
2021-05-10 09:48:32,106.6,4913108
2021-05-10 09:48:33,106.6,4913258
2021-05-10 09:48:34,106.6,4915670
2021-05-10 09:48:34,106.6,4915671
2021-05-10 09:48:35,106.6,4915672
2021-05-10 09:48:37,106.6,4917083
2021-05-10 09:48:38,106.6,4917085
2021-05-10 09:48:38,106.6,4917272
2021-05-10 09:48:39,106.6,4917273
2021-05-10 09:48:40,106.55,4918609
2021-05-10 09:48:42,106.6,4919881
2021-05-10 09:48:43,106.6,4925172
2021-05-10 09:48:44,106.6,4925697
2021-05-10 09:48:44,106.6,4925697
2021-05-10 09:48:45,106.6,4925717
2021-05-10 09:48:46,106.6,4926442
2021-05-10 09:48:47,106.55,4926466
2021-05-10 09:48:48,106.6,4927031
2021-05-10 09:48:49,106.6,4927435
2021-05-10 09:48:50,106.55,4927940
2021-05-10 09:48:51,106.55,4927940
2021-05-10 09:48:53,106.6,4928091
2021-05-10 09:48:55,106.6,4948551
2021-05-10 09:48:56,106.55,4949951
2021-05-10 09:48:57,106.55,4950009
2021-05-10 09:48:58,106.6,4950014
2021-05-10 09:48:59,106.6,4950014
2021-05-10 09:49:00,106.6,4950014
2021-05-10 09:49:00,106.6,4950014
2021-05-10 09:49:02,106.6,4950139
2021-05-10 09:49:02,106.6,4950540
2021-05-10 09:49:03,106.6,4950540
2021-05-10 09:49:04,106.55,4952023
2021-05-10 09:49:05,106.6,4952725
2021-05-10 09:49:07,106.6,4953760
2021-05-10 09:49:08,106.65,4953761
2021-05-10 09:49:09,106.65,4953872
2021-05-10 09:49:10,106.6,4953885
2021-05-10 09:49:11,106.6,4954185
2021-05-10 09:49:13,106.65,4954485
2021-05-10 09:49:14,106.65,4955586
2021-05-10 09:49:15,106.6,4964448
2021-05-10 09:49:15,106.65,4955736
2021-05-10 09:49:16,106.6,4964466
2021-05-10 09:49:18,106.6,4965167
2021-05-10 09:49:19,106.65,4965477
2021-05-10 09:49:20,106.65,4965727
2021-05-10 09:49:21,106.65,4966127
2021-05-10 09:49:22,106.65,4974018
2021-05-10 09:49:23,106.55,4974818
2021-05-10 09:49:24,106.6,4974920
2021-05-10 09:49:24,106.6,4974918
2021-05-10 09:49:25,106.6,4975101
2021-05-10 09:49:27,106.6,4975101
2021-05-10 09:49:28,106.6,4975978
2021-05-10 09:49:29,106.6,4976032
2021-05-10 09:49:30,106.6,4977888
2021-05-10 09:49:31,106.6,4977892
2021-05-10 09:49:32,106.55,4978242
2021-05-10 09:49:33,106.55,4978242
2021-05-10 09:49:34,106.6,4979986
2021-05-10 09:49:35,106.6,4980061
2021-05-10 09:49:36,106.55,4980117
2021-05-10 09:49:37,106.55,4982894
2021-05-10 09:49:38,106.55,4982894
2021-05-10 09:49:39,106.55,4982895
2021-05-10 09:49:40,106.55,4983405
2021-05-10 09:49:41,106.55,4984159
2021-05-10 09:49:42,106.55,4984183
2021-05-10 09:49:43,106.6,4984483
2021-05-10 09:49:44,106.6,4984633
2021-05-10 09:49:45,106.55,4989654
2021-05-10 09:49:46,106.6,4992506
2021-05-10 09:49:47,106.6,4992906
2021-05-10 09:49:48,106.65,4995910
2021-05-10 09:49:49,106.65,4996810
2021-05-10 09:49:52,106.65,4996810
2021-05-10 09:49:51,106.65,4996810
2021-05-10 09:49:53,106.6,4997010
2021-05-10 09:49:54,106.6,4997035
2021-05-10 09:49:55,106.6,4997035
2021-05-10 09:49:56,106.65,4998035
2021-05-10 09:49:57,106.65,4998637
2021-05-10 09:49:58,106.5,5007145
2021-05-10 09:49:59,106.5,5007166
2021-05-10 09:50:00,106.55,5007317
2021-05-10 09:50:01,106.55,5007517
2021-05-10 09:50:02,106.55,5007537
2021-05-10 09:50:03,106.55,5007537
2021-05-10 09:50:04,106.55,5007537
2021-05-10 09:50:05,106.6,5008379
2021-05-10 09:50:06,106.6,5008379
2021-05-10 09:50:07,106.6,5008379
2021-05-10 09:50:08,106.5,5008559
2021-05-10 09:50:09,106.5,5008559
2021-05-10 09:50:10,106.6,5008569
2021-05-10 09:50:11,106.5,5008669
2021-05-10 09:50:12,106.5,5008670
2021-05-10 09:50:13,106.6,5008785
2021-05-10 09:50:14,106.55,5010590
2021-05-10 09:50:15,106.5,5010958
2021-05-10 09:50:16,106.5,5010958
2021-05-10 09:50:17,106.5,5010958
2021-05-10 09:50:18,106.5,5011258
2021-05-10 09:50:19,106.5,5011359
2021-05-10 09:50:20,106.55,5015941
2021-05-10 09:50:21,106.55,5015941
2021-05-10 09:50:22,106.6,5017055
2021-05-10 09:50:23,106.55,5017061
2021-05-10 09:50:24,106.5,5017311
2021-05-10 09:50:25,106.6,5018021
2021-05-10 09:50:26,106.6,5018021
2021-05-10 09:50:27,106.6,5018021
2021-05-10 09:50:29,106.6,5018226
2021-05-10 09:50:30,106.5,5018245
2021-05-10 09:50:31,106.5,5018245
2021-05-10 09:50:32,106.6,5018995
2021-05-10 09:50:33,106.6,5018995
2021-05-10 09:50:34,106.5,5023280
2021-05-10 09:50:35,106.6,5023285
2021-05-10 09:50:36,106.6,5023600
2021-05-10 09:50:37,106.6,5023640
2021-05-10 09:50:38,106.6,5023865
2021-05-10 09:50:39,106.6,5023925
2021-05-10 09:50:40,106.55,5034114
2021-05-10 09:50:41,106.55,5034614
2021-05-10 09:50:42,106.55,5034714
2021-05-10 09:50:43,106.55,5034714
2021-05-10 09:50:44,106.55,5034714
2021-05-10 09:50:45,106.5,5035714
2021-05-10 09:50:46,106.5,5038359
2021-05-10 09:50:47,106.5,5046940
2021-05-10 09:50:48,106.5,5049061
2021-05-10 09:50:49,106.5,5050061
2021-05-10 09:50:50,106.5,5052611
2021-05-10 09:50:51,106.5,5052617
2021-05-10 09:50:52,106.5,5052617
2021-05-10 09:50:53,106.5,5052867
2021-05-10 09:50:54,106.5,5052973
2021-05-10 09:50:55,106.5,5052973
2021-05-10 09:50:56,106.5,5052973
2021-05-10 09:50:57,106.5,5053078
2021-05-10 09:50:58,106.5,5053178
2021-05-10 09:50:59,106.45,5053182
2021-05-10 09:51:00,106.45,5053344
2021-05-10 09:51:01,106.4,5056266
2021-05-10 09:51:02,106.45,5056276
2021-05-10 09:51:03,106.45,5056776
2021-05-10 09:51:04,106.45,5056781
2021-05-10 09:51:05,106.45,5057781
2021-05-10 09:51:06,106.45,5057881
2021-05-10 09:51:07,106.4,5057882
2021-05-10 09:51:08,106.4,5057982
2021-05-10 09:51:09,106.45,5058380
2021-05-10 09:51:10,106.45,5058401
2021-05-10 09:51:11,106.45,5059101
2021-05-10 09:51:12,106.45,5059423
2021-05-10 09:51:13,106.4,5060723
2021-05-10 09:51:14,106.4,5063923
2021-05-10 09:51:15,106.45,5063926
2021-05-10 09:51:16,106.4,5064229
2021-05-10 09:51:17,106.4,5069291
2021-05-10 09:51:18,106.4,5069591
2021-05-10 09:51:20,106.4,5069591
2021-05-10 09:51:19,106.4,5069591
2021-05-10 09:51:21,106.4,5069711
2021-05-10 09:51:22,106.35,5071083
2021-05-10 09:51:24,106.4,5071412
2021-05-10 09:51:26,106.4,5071492
2021-05-10 09:51:27,106.35,5074552
2021-05-10 09:51:28,106.4,5077742
2021-05-10 09:51:29,106.4,5083442
2021-05-10 09:51:30,106.35,5086632
2021-05-10 09:51:31,106.35,5086759
2021-05-10 09:51:32,106.35,5090135
2021-05-10 09:51:33,106.35,5090225
2021-05-10 09:51:34,106.35,5093674
2021-05-10 09:51:35,106.35,5093674
2021-05-10 09:51:37,106.35,5101910
2021-05-10 09:51:37,106.35,5101910
2021-05-10 09:51:38,106.35,5102099
2021-05-10 09:51:39,106.4,5102244
2021-05-10 09:51:40,106.4,5102376
2021-05-10 09:51:41,106.4,5102377
2021-05-10 09:51:42,106.4,5102377
2021-05-10 09:51:43,106.35,5104297
2021-05-10 09:51:44,106.35,5104298
2021-05-10 09:51:45,106.4,5109908
2021-05-10 09:51:46,106.35,5109928
2021-05-10 09:51:47,106.35,5109928
2021-05-10 09:51:48,106.35,5109928
2021-05-10 09:51:49,106.35,5109928
2021-05-10 09:51:50,106.4,5110328
2021-05-10 09:51:51,106.4,5112928
2021-05-10 09:51:53,106.4,5112928
2021-05-10 09:51:53,106.4,5112928
2021-05-10 09:51:54,106.5,5121669
2021-05-10 09:51:55,106.5,5121669
2021-05-10 09:51:56,106.4,5121767
2021-05-10 09:51:57,106.5,5121927
2021-05-10 09:51:59,106.4,5125427
2021-05-10 09:51:59,106.4,5125427
2021-05-10 09:52:00,106.4,5126927
2021-05-10 09:52:01,106.4,5126927
2021-05-10 09:52:02,106.45,5126932
2021-05-10 09:52:03,106.45,5127083
2021-05-10 09:52:04,106.45,5127083
2021-05-10 09:52:05,106.4,5127303
2021-05-10 09:52:06,106.4,5127303
2021-05-10 09:52:07,106.4,5127303
2021-05-10 09:52:08,106.4,5127303
2021-05-10 09:52:09,106.4,5128233
2021-05-10 09:52:10,106.5,5129243
2021-05-10 09:52:11,106.45,5129343
2021-05-10 09:52:12,106.45,5129343
2021-05-10 09:52:13,106.45,5129370
2021-05-10 09:52:15,106.45,5129370
2021-05-10 09:52:15,106.45,5129370
2021-05-10 09:52:16,106.5,5129375
2021-05-10 09:52:17,106.5,5129391
2021-05-10 09:52:18,106.5,5129391
2021-05-10 09:52:19,106.45,5129451
2021-05-10 09:52:20,106.45,5129451
2021-05-10 09:52:22,106.4,5131551
2021-05-10 09:52:23,106.5,5131981
2021-05-10 09:52:24,106.5,5132131
2021-05-10 09:52:26,106.5,5132211
2021-05-10 09:52:27,106.4,5132214
2021-05-10 09:52:27,106.4,5132214
2021-05-10 09:52:28,106.4,5132214
2021-05-10 09:52:29,106.4,5132214
2021-05-10 09:52:30,106.45,5132316
2021-05-10 09:52:31,106.45,5132316
2021-05-10 09:52:32,106.45,5132316
2021-05-10 09:52:33,106.5,5133716
2021-05-10 09:52:34,106.45,5134218
2021-05-10 09:52:35,106.5,5139484
2021-05-10 09:52:36,106.5,5139484
2021-05-10 09:52:37,106.5,5139586
2021-05-10 09:52:38,106.5,5139586
2021-05-10 09:52:39,106.5,5140186
2021-05-10 09:52:40,106.5,5140444
2021-05-10 09:52:41,106.5,5140464
2021-05-10 09:52:44,106.5,5140548
2021-05-10 09:52:44,106.55,5140549
2021-05-10 09:52:45,106.55,5140700
2021-05-10 09:52:46,106.5,5141200
2021-05-10 09:52:47,106.55,5141450
2021-05-10 09:52:48,106.55,5141450
2021-05-10 09:52:49,106.55,5141642
2021-05-10 09:52:50,106.55,5141985
2021-05-10 09:52:51,106.55,5144127
2021-05-10 09:52:52,106.55,5144227
2021-05-10 09:52:53,106.55,5144227
2021-05-10 09:52:54,106.55,5144227
2021-05-10 09:52:55,106.55,5144427
2021-05-10 09:52:56,106.55,5144427
2021-05-10 09:52:57,106.5,5144527
2021-05-10 09:52:58,106.55,5144727
2021-05-10 09:52:59,106.55,5144727
2021-05-10 09:53:00,106.5,5145027
2021-05-10 09:53:01,106.5,5145092
2021-05-10 09:53:02,106.5,5145151
2021-05-10 09:53:03,106.55,5145166
2021-05-10 09:53:04,106.55,5145186
2021-05-10 09:53:05,106.55,5145186
2021-05-10 09:53:06,106.55,5145186
2021-05-10 09:53:07,106.55,5145286
2021-05-10 09:53:08,106.55,5145287
2021-05-10 09:53:09,106.55,5147076
2021-05-10 09:53:10,106.55,5147091
2021-05-10 09:53:11,106.5,5147351
2021-05-10 09:53:13,106.55,5151915
2021-05-10 09:53:14,106.55,5151915
2021-05-10 09:53:15,106.5,5153915
2021-05-10 09:53:19,106.5,5159205
2021-05-10 09:53:24,106.5,5159935
2021-05-10 09:53:29,106.55,5172062
2021-05-10 09:53:33,106.5,5173341
2021-05-10 09:53:37,106.4,5371980
2021-05-10 09:53:41,106.45,5373543
2021-05-10 09:53:45,106.45,5374251
2021-05-10 09:53:49,106.45,5380138
2021-05-10 09:53:53,106.35,5380342
2021-05-10 09:53:56,106.4,5380912
2021-05-10 09:54:00,106.45,5381272
2021-05-10 09:54:04,106.45,5386057
2021-05-10 09:54:07,106.45,5387308
2021-05-10 09:54:11,106.4,5390818
2021-05-10 09:54:15,106.35,5396924
2021-05-10 09:54:19,106.4,5397515
2021-05-10 09:54:23,106.35,5397566
2021-05-10 09:54:27,106.4,5402046
2021-05-10 09:54:32,106.3,5402903
2021-05-10 09:54:36,106.25,5409430
2021-05-10 09:54:40,106.25,5411772
2021-05-10 09:54:44,106.3,5417652
2021-05-10 09:54:48,106.25,5424529
2021-05-10 09:54:52,106.3,5424640
2021-05-10 09:54:56,106.3,5425266
2021-05-10 09:55:00,106.25,5430621
2021-05-10 09:55:04,106.25,5430622
2021-05-10 09:55:08,106.25,5431684
2021-05-10 09:55:12,106.2,5451218
2021-05-10 09:55:21,106.2,5461800
2021-05-10 09:55:25,106.25,5463609
2021-05-10 09:55:29,106.25,5464310
2021-05-10 09:55:33,106.2,5468696
2021-05-10 09:55:37,106.2,5469037
2021-05-10 09:55:41,106.15,5479393
2021-05-10 09:55:44,106.2,5485548
2021-05-10 09:55:48,106.2,5489914
2021-05-10 09:55:52,106.25,5495332
2021-05-10 09:55:56,106.25,5495347
2021-05-10 09:56:00,106.25,5496408
2021-05-10 09:56:04,106.2,5496803
2021-05-10 09:56:07,106.2,5509936
2021-05-10 09:56:11,106.2,5514969
2021-05-10 09:56:16,106.2,5516144
2021-05-10 09:56:20,106.15,5517444
2021-05-10 09:56:24,106.2,5519064
2021-05-10 09:56:27,106.15,5525212
2021-05-10 09:56:31,106.15,5525943
2021-05-10 09:56:35,106.2,5525964
2021-05-10 09:56:39,106.25,5538144
2021-05-10 09:56:44,106.2,5541358
2021-05-10 09:56:52,106.25,5547177
2021-05-10 09:56:56,106.2,5547377
2021-05-10 09:57:00,106.3,5550799
2021-05-10 09:57:05,106.2,5551300
2021-05-10 09:57:08,106.3,5553680
2021-05-10 09:57:12,106.3,5553681
2021-05-10 09:57:16,106.25,5554001
2021-05-10 09:57:19,106.3,5566291
2021-05-10 09:57:23,106.3,5566541
2021-05-10 09:57:26,106.35,5570887
2021-05-10 09:57:30,106.35,5571388
2021-05-10 09:57:34,106.35,5572739
2021-05-10 09:57:38,106.35,5573079
2021-05-10 09:57:42,106.4,5573959
2021-05-10 09:57:46,106.4,5576049
2021-05-10 09:57:50,106.45,5576686
2021-05-10 09:57:54,106.45,5577165
2021-05-10 09:57:58,106.45,5578265
2021-05-10 09:58:02,106.4,5579675
2021-05-10 09:58:05,106.45,5579775
2021-05-10 09:58:09,106.45,5580246
2021-05-10 09:58:13,106.4,5580495
2021-05-10 09:58:17,106.45,5581151
2021-05-10 09:58:20,106.4,5581154
2021-05-10 09:58:24,106.4,5581750
2021-05-10 09:58:28,106.45,5583200
2021-05-10 09:58:31,106.45,5585153
2021-05-10 09:58:35,106.45,5589879
2021-05-10 09:58:38,106.45,5590390
2021-05-10 09:58:41,106.45,5590808
2021-05-10 09:58:45,106.4,5598116
2021-05-10 09:58:48,106.4,5598174
2021-05-10 09:58:51,106.35,5602561
2021-05-10 09:58:54,106.3,5603319
2021-05-10 09:58:58,106.35,5603442
2021-05-10 09:59:01,106.3,5609716
2021-05-10 09:59:05,106.3,5614954
2021-05-10 09:59:09,106.2,5722878
2021-05-10 09:59:14,106.25,5726679
2021-05-10 09:59:17,106.25,5732181
2021-05-10 09:59:21,106.15,5733231
2021-05-10 09:59:25,106.15,5738619
2021-05-10 09:59:29,106.2,5740780
2021-05-10 09:59:32,106.15,5741211
2021-05-10 09:59:36,106.15,5746157
2021-05-10 09:59:40,106.2,5748749
2021-05-10 09:59:44,106.15,5749183
2021-05-10 09:59:48,106.15,5755294
2021-05-10 09:59:52,106.15,5757813
2021-05-10 09:59:55,106.15,5760013
2021-05-10 09:59:59,106.15,5765515
2021-05-10 10:00:03,106.1,5768322
2021-05-10 10:00:07,106.1,5771277
2021-05-10 10:00:11,106.15,5771577
2021-05-10 10:00:15,106.15,5771996
2021-05-10 10:00:19,106.2,5796518
2021-05-10 10:00:23,106.15,5796954
2021-05-10 10:00:27,106.15,5797174
2021-05-10 10:00:31,106.2,5799585
2021-05-10 10:00:35,106.25,5800665
2021-05-10 10:00:39,106.25,5802019
2021-05-10 10:00:42,106.25,5802700
2021-05-10 10:00:46,106.2,5802790
2021-05-10 10:00:49,106.25,5802916
2021-05-10 10:00:53,106.2,5804410
2021-05-10 10:00:56,106.25,5806636
2021-05-10 10:01:00,106.25,5806859
2021-05-10 10:01:03,106.25,5810109
2021-05-10 10:01:07,106.25,5810256
2021-05-10 10:01:12,106.2,5810656
2021-05-10 10:01:16,106.2,5814968
2021-05-10 10:01:20,106.25,5815001
2021-05-10 10:01:23,106.25,5815266
2021-05-10 10:01:27,106.2,5815563
2021-05-10 10:01:30,106.25,5815873
2021-05-10 10:01:34,106.25,5816310
2021-05-10 10:01:38,106.2,5817581
2021-05-10 10:01:41,106.25,5818884
2021-05-10 10:01:44,106.2,5819315
2021-05-10 10:01:48,106.25,5820123
2021-05-10 10:01:51,106.25,5820449
2021-05-10 10:01:55,106.25,5820821
2021-05-10 10:01:58,106.2,5821521
2021-05-10 10:02:02,106.2,5821521
2021-05-10 10:02:06,106.25,5821632
2021-05-10 10:02:09,106.3,5846458
2021-05-10 10:02:13,106.25,5846670
2021-05-10 10:02:16,106.25,5846870
2021-05-10 10:02:20,106.3,5852067
2021-05-10 10:02:23,106.3,5857166
2021-05-10 10:02:27,106.25,5874184
2021-05-10 10:02:31,106.25,5878537
2021-05-10 10:02:34,106.25,5883072
2021-05-10 10:02:38,106.25,5883244
2021-05-10 10:02:45,106.25,5895393
2021-05-10 10:02:49,106.2,5896661
2021-05-10 10:02:52,106.25,5899092
2021-05-10 10:02:56,106.2,5899218
2021-05-10 10:02:59,106.25,5899381
2021-05-10 10:03:02,106.25,5900116
2021-05-10 10:03:05,106.25,5900143
2021-05-10 10:03:09,106.15,5906091
2021-05-10 10:03:12,106.15,5906626
2021-05-10 10:03:16,106.25,5911412
2021-05-10 10:03:19,106.2,5915784
2021-05-10 10:03:23,106.2,5926749
2021-05-10 10:03:26,106.25,5932385
2021-05-10 10:03:30,106.25,5932537
2021-05-10 10:03:33,106.25,5932550
2021-05-10 10:03:37,106.2,5934223
2021-05-10 10:03:40,106.25,5934334
2021-05-10 10:03:44,106.2,5934920
2021-05-10 10:03:48,106.25,5935256
2021-05-10 10:03:52,106.25,5936674
2021-05-10 10:03:56,106.2,5941028
2021-05-10 10:04:00,106.2,5945372
2021-05-10 10:04:03,106.25,5946091
2021-05-10 10:04:07,106.25,5946751
2021-05-10 10:04:11,106.25,5946808
2021-05-10 10:04:14,106.25,5946810
2021-05-10 10:04:19,106.2,5948890
2021-05-10 10:04:23,106.25,5951602
2021-05-10 10:04:26,106.25,5951626
2021-05-10 10:04:30,106.3,5953626
2021-05-10 10:04:34,106.25,5954682
2021-05-10 10:04:38,106.3,5956930
2021-05-10 10:04:41,106.3,5957546
2021-05-10 10:04:45,106.25,5957675
2021-05-10 10:04:48,106.3,5959833
2021-05-10 10:04:52,106.3,5960426
2021-05-10 10:04:57,106.3,5973797
2021-05-10 10:05:04,106.35,5974505
2021-05-10 10:05:08,106.35,6006623
2021-05-10 10:05:12,106.45,6030572
2021-05-10 10:05:16,106.5,6031094
2021-05-10 10:05:19,106.5,6035992
2021-05-10 10:05:23,106.5,6043356
2021-05-10 10:05:28,106.55,6050495
2021-05-10 10:05:32,106.55,6052547
2021-05-10 10:05:36,106.5,6054156
2021-05-10 10:05:40,106.5,6066337
2021-05-10 10:05:44,106.5,6072146
2021-05-10 10:05:48,106.45,6073857
2021-05-10 10:05:52,106.4,6075598
2021-05-10 10:05:55,106.4,6075996
2021-05-10 10:06:00,106.45,6078750
2021-05-10 10:06:04,106.45,6079533
2021-05-10 10:06:08,106.5,6082493
2021-05-10 10:06:12,106.5,6083391
2021-05-10 10:06:16,106.55,6085581
2021-05-10 10:06:24,106.5,6087617
2021-05-10 10:06:28,106.55,6089776
2021-05-10 10:06:32,106.55,6095266
2021-05-10 10:06:36,106.55,6098493
2021-05-10 10:06:40,106.6,6100150
2021-05-10 10:06:44,106.55,6101197
2021-05-10 10:06:48,106.55,6101850
2021-05-10 10:06:52,106.6,6104249
2021-05-10 10:06:56,106.6,6111014
2021-05-10 10:07:00,106.55,6116879
2021-05-10 10:07:04,106.55,6117926
2021-05-10 10:07:08,106.6,6118601
2021-05-10 10:07:11,106.55,6120864
2021-05-10 10:07:15,106.6,6121097
2021-05-10 10:07:19,106.6,6121407
2021-05-10 10:07:23,106.6,6121560
2021-05-10 10:07:31,106.55,6122195
2021-05-10 10:07:34,106.55,6123017
2021-05-10 10:07:38,106.55,6123815
2021-05-10 10:07:41,106.55,6127417
2021-05-10 10:07:45,106.6,6128293
2021-05-10 10:07:48,106.6,6130175
2021-05-10 10:07:51,106.6,6130427
2021-05-10 10:07:55,106.55,6134551
2021-05-10 10:07:59,106.6,6140404
2021-05-10 10:08:03,106.5,6151570
2021-05-10 10:08:07,106.5,6153134
2021-05-10 10:08:10,106.5,6155493
2021-05-10 10:08:14,106.5,6155574
2021-05-10 10:08:18,106.55,6155627
2021-05-10 10:08:22,106.55,6156176
2021-05-10 10:08:26,106.5,6158449
2021-05-10 10:08:34,106.55,6159945
2021-05-10 10:08:37,106.5,6160605
2021-05-10 10:08:41,106.5,6160784
2021-05-10 10:08:44,106.5,6161347
2021-05-10 10:08:47,106.5,6161367
2021-05-10 10:08:51,106.5,6167417
2021-05-10 10:08:55,106.55,6167515
2021-05-10 10:08:59,106.55,6167821
2021-05-10 10:09:03,106.55,6169912
2021-05-10 10:09:07,106.55,6170149
2021-05-10 10:09:11,106.5,6178831
2021-05-10 10:09:14,106.5,6178970
2021-05-10 10:09:17,106.55,6179162
2021-05-10 10:09:21,106.5,6187885
2021-05-10 10:09:25,106.5,6188304
2021-05-10 10:09:28,106.5,6188304
2021-05-10 10:09:32,106.5,6188416
2021-05-10 10:09:36,106.6,6189889
2021-05-10 10:09:39,106.6,6189889
2021-05-10 10:09:43,106.5,6192433
2021-05-10 10:09:46,106.6,6196975
2021-05-10 10:09:50,106.6,6205618
2021-05-10 10:09:53,106.6,6205619
2021-05-10 10:09:56,106.55,6208361
2021-05-10 10:09:59,106.55,6208405
2021-05-10 10:10:03,106.55,6214531
2021-05-10 10:10:06,106.6,6214878
2021-05-10 10:10:09,106.6,6215976
2021-05-10 10:10:13,106.55,6216901
2021-05-10 10:10:17,106.6,6217117
2021-05-10 10:10:21,106.55,6226192
2021-05-10 10:10:25,106.6,6227260
2021-05-10 10:10:28,106.6,6228192
2021-05-10 10:10:32,106.6,6228258
2021-05-10 10:10:40,106.6,6245625
2021-05-10 10:10:44,106.6,6245951
2021-05-10 10:10:48,106.65,6246634
2021-05-10 10:10:51,106.7,6262018
2021-05-10 10:10:55,106.6,6264456
2021-05-10 10:10:59,106.6,6268839
2021-05-10 10:11:03,106.55,6278068
2021-05-10 10:11:08,106.6,6278544
2021-05-10 10:11:12,106.55,6279063
2021-05-10 10:11:16,106.55,6279092
2021-05-10 10:11:19,106.65,6289856
2021-05-10 10:11:23,106.6,6298735
2021-05-10 10:11:27,106.7,6299388
2021-05-10 10:11:31,106.65,6302000
2021-05-10 10:11:35,106.6,6302244
2021-05-10 10:11:39,106.6,6302348
2021-05-10 10:11:42,106.65,6304898
2021-05-10 10:11:46,106.6,6305569
2021-05-10 10:11:50,106.65,6306800
2021-05-10 10:11:54,106.6,6325869
2021-05-10 10:11:57,106.6,6329167
2021-05-10 10:12:01,106.55,6330349
2021-05-10 10:12:05,106.55,6330633
2021-05-10 10:12:09,106.55,6330666
2021-05-10 10:12:13,106.55,6331871
2021-05-10 10:12:18,106.55,6332733
2021-05-10 10:12:22,106.6,6342728
2021-05-10 10:12:25,106.55,6343378
2021-05-10 10:12:29,106.55,6349391
2021-05-10 10:12:34,106.55,6350588
2021-05-10 10:12:38,106.6,6350720
2021-05-10 10:12:41,106.55,6351130
2021-05-10 10:12:45,106.6,6351990
2021-05-10 10:12:49,106.55,6355139
2021-05-10 10:12:53,106.65,6364014
2021-05-10 10:12:57,106.6,6364097
2021-05-10 10:13:01,106.6,6364098
2021-05-10 10:13:04,106.6,6365502
2021-05-10 10:13:08,106.6,6368078
2021-05-10 10:13:12,106.6,6368125
2021-05-10 10:13:16,106.6,6368154
2021-05-10 10:13:20,106.6,6379657
2021-05-10 10:13:24,106.6,6388122
2021-05-10 10:13:28,106.6,6388352
2021-05-10 10:13:32,106.6,6388610
2021-05-10 10:13:35,106.5,6420857
2021-05-10 10:13:39,106.5,6432590
2021-05-10 10:13:44,106.5,6434541
2021-05-10 10:13:48,106.45,6434862
2021-05-10 10:13:51,106.5,6444432
2021-05-10 10:13:54,106.55,6446069
2021-05-10 10:13:58,106.55,6446310
2021-05-10 10:14:06,106.5,6447876
2021-05-10 10:14:09,106.5,6448576
2021-05-10 10:14:13,106.5,6448582
2021-05-10 10:14:17,106.45,6451769
2021-05-10 10:14:21,106.5,6451831
2021-05-10 10:14:25,106.45,6452034
2021-05-10 10:14:28,106.45,6453715
2021-05-10 10:14:32,106.45,6453954
2021-05-10 10:14:35,106.5,6454465
2021-05-10 10:14:39,106.4,6457160
2021-05-10 10:14:42,106.4,6459236
2021-05-10 10:14:46,106.45,6459688
2021-05-10 10:14:50,106.4,6459938
2021-05-10 10:14:54,106.45,6460838
2021-05-10 10:14:58,106.45,6461132
2021-05-10 10:15:02,106.4,6461157
2021-05-10 10:15:06,106.4,6461167
2021-05-10 10:15:10,106.45,6462745
2021-05-10 10:15:14,106.55,6480426
2021-05-10 10:15:17,106.6,6480627
2021-05-10 10:15:21,106.55,6480637
2021-05-10 10:15:25,106.65,6481702
2021-05-10 10:15:28,106.6,6481735
2021-05-10 10:15:32,106.6,6487367
2021-05-10 10:15:35,106.5,6492645
2021-05-10 10:15:39,106.55,6492695
2021-05-10 10:15:43,106.5,6493046
2021-05-10 10:15:46,106.45,6503687
2021-05-10 10:15:50,106.5,6503912
2021-05-10 10:15:54,106.5,6504078
2021-05-10 10:16:01,106.5,6504696
2021-05-10 10:16:05,106.5,6504814
2021-05-10 10:16:09,106.55,6505227
2021-05-10 10:16:12,106.5,6506710
2021-05-10 10:16:16,106.5,6510319
2021-05-10 10:16:20,106.55,6510845
2021-05-10 10:16:23,106.5,6510860
2021-05-10 10:16:27,106.55,6511018
2021-05-10 10:16:31,106.5,6511152
2021-05-10 10:16:34,106.55,6511320
2021-05-10 10:16:37,106.5,6511332
2021-05-10 10:16:41,106.5,6512332
2021-05-10 10:16:44,106.55,6512514
2021-05-10 10:16:50,106.55,6512894
2021-05-10 10:16:53,106.55,6512894
2021-05-10 10:16:56,106.5,6513194
2021-05-10 10:17:00,106.5,6513319
2021-05-10 10:17:03,106.5,6514233
2021-05-10 10:17:07,106.55,6514253
2021-05-10 10:17:10,106.5,6521671
2021-05-10 10:17:15,106.55,6522917
2021-05-10 10:17:19,106.55,6524565
2021-05-10 10:17:22,106.6,6525292
2021-05-10 10:17:26,106.55,6526042
2021-05-10 10:17:30,106.6,6529311
2021-05-10 10:17:33,106.6,6529408
2021-05-10 10:17:37,106.6,6529803
2021-05-10 10:17:41,106.55,6531555
2021-05-10 10:17:45,106.55,6532655
2021-05-10 10:17:48,106.65,6533975
2021-05-10 10:17:52,106.6,6534855
2021-05-10 10:17:55,106.6,6534915
2021-05-10 10:17:58,106.6,6534919
2021-05-10 10:18:01,106.6,6535950
2021-05-10 10:18:05,106.55,6560260
2021-05-10 10:18:08,106.6,6561725
2021-05-10 10:18:11,106.6,6561835
2021-05-10 10:18:14,106.55,6561856
2021-05-10 10:18:18,106.55,6562780
2021-05-10 10:18:22,106.5,6563650
2021-05-10 10:18:26,106.5,6563650
2021-05-10 10:18:29,106.55,6563801
2021-05-10 10:18:32,106.55,6563906
2021-05-10 10:18:36,106.55,6575644
2021-05-10 10:18:39,106.55,6575647
2021-05-10 10:18:43,106.5,6579647
2021-05-10 10:18:46,106.5,6579647
2021-05-10 10:18:50,106.5,6579723
2021-05-10 10:18:54,106.5,6580303
2021-05-10 10:18:57,106.5,6580603
2021-05-10 10:19:01,106.55,6581069
2021-05-10 10:19:04,106.5,6581797
2021-05-10 10:19:07,106.5,6582004
2021-05-10 10:19:10,106.5,6582298
2021-05-10 10:19:12,106.55,6582301
2021-05-10 10:19:18,106.5,6582656
2021-05-10 10:19:22,106.55,6582956
2021-05-10 10:19:25,106.5,6583457
2021-05-10 10:19:29,106.5,6583602
2021-05-10 10:19:32,106.55,6583715
2021-05-10 10:19:35,106.5,6585730
2021-05-10 10:19:38,106.55,6585981
2021-05-10 10:19:41,106.5,6588581
2021-05-10 10:19:44,106.5,6588851
2021-05-10 10:19:48,106.5,6588851
2021-05-10 10:19:51,106.55,6588862
2021-05-10 10:19:54,106.6,6596497
2021-05-10 10:19:56,106.55,6596666
2021-05-10 10:19:59,106.55,6596927
2021-05-10 10:20:05,106.55,6599241
2021-05-10 10:20:09,106.5,6599726
2021-05-10 10:20:13,106.4,6617559
2021-05-10 10:20:16,106.5,6617840
2021-05-10 10:20:20,106.5,6617840
2021-05-10 10:20:23,106.45,6633467
2021-05-10 10:20:26,106.45,6633467
2021-05-10 10:20:29,106.45,6633479
2021-05-10 10:20:32,106.45,6635496
2021-05-10 10:20:36,106.4,6641030
2021-05-10 10:20:40,106.4,6641280
2021-05-10 10:20:44,106.4,6642576
2021-05-10 10:20:48,106.4,6655608
2021-05-10 10:20:51,106.4,6660608
2021-05-10 10:20:57,106.4,6662267
2021-05-10 10:21:01,106.45,6663268
2021-05-10 10:21:04,106.45,6663768
2021-05-10 10:21:07,106.45,6663769
2021-05-10 10:21:10,106.45,6663772
2021-05-10 10:21:14,106.4,6663802
2021-05-10 10:21:17,106.45,6664014
2021-05-10 10:21:20,106.45,6664244
2021-05-10 10:21:23,106.45,6665055
2021-05-10 10:21:26,106.5,6670531
2021-05-10 10:21:29,106.5,6670802
2021-05-10 10:21:32,106.5,6670802
2021-05-10 10:21:36,106.4,6675289
2021-05-10 10:21:39,106.4,6675289
2021-05-10 10:21:46,106.45,6679864
2021-05-10 10:21:49,106.4,6681673
2021-05-10 10:21:52,106.4,6682013
2021-05-10 10:21:55,106.4,6682439
2021-05-10 10:22:01,106.4,6684616
2021-05-10 10:22:05,106.35,6686426
2021-05-10 10:22:08,106.35,6686501
2021-05-10 10:22:11,106.4,6687551
2021-05-10 10:22:17,106.35,6693354
2021-05-10 10:22:20,106.35,6694523
2021-05-10 10:22:28,106.35,6697029
2021-05-10 10:22:31,106.35,6697033
2021-05-10 10:22:33,106.3,6699298
2021-05-10 10:22:40,106.35,6700561
2021-05-10 10:22:43,106.3,6700943
2021-05-10 10:22:47,106.35,6702865
2021-05-10 10:22:50,106.35,6702865
2021-05-10 10:22:52,106.35,6704066
2021-05-10 10:22:55,106.3,6704272
2021-05-10 10:22:58,106.35,6704814
2021-05-10 10:23:01,106.35,6705033
2021-05-10 10:23:05,106.3,6705115
2021-05-10 10:23:08,106.3,6706601
2021-05-10 10:23:11,106.3,6707005
2021-05-10 10:23:14,106.3,6709520
2021-05-10 10:23:17,106.3,6710334
2021-05-10 10:23:21,106.35,6710410
2021-05-10 10:23:24,106.35,6710600
2021-05-10 10:23:27,106.35,6710700
2021-05-10 10:23:30,106.3,6710818
2021-05-10 10:23:33,106.35,6712818
2021-05-10 10:23:37,106.35,6713360
2021-05-10 10:23:40,106.35,6714429
2021-05-10 10:23:43,106.35,6714429
2021-05-10 10:23:46,106.3,6715029
2021-05-10 10:23:49,106.3,6715111
2021-05-10 10:23:52,106.3,6715730
2021-05-10 10:23:59,106.3,6715768
2021-05-10 10:24:02,106.3,6716348
2021-05-10 10:24:05,106.3,6716355
2021-05-10 10:24:08,106.35,6717759
2021-05-10 10:24:10,106.3,6719410
2021-05-10 10:24:14,106.3,6719410
2021-05-10 10:24:17,106.35,6719439
2021-05-10 10:24:20,106.35,6719508
2021-05-10 10:24:24,106.3,6721730
2021-05-10 10:24:28,106.35,6724749
2021-05-10 10:24:31,106.35,6724764
2021-05-10 10:24:34,106.3,6725219
2021-05-10 10:24:38,106.35,6726029
2021-05-10 10:24:41,106.3,6726176
2021-05-10 10:24:48,106.3,6727467
2021-05-10 10:24:51,106.35,6727485
2021-05-10 10:24:54,106.35,6727557
2021-05-10 10:24:59,106.35,6727985
2021-05-10 10:25:03,106.35,6728149
2021-05-10 10:25:06,106.35,6728407
2021-05-10 10:25:09,106.35,6728407
2021-05-10 10:25:12,106.35,6728427
2021-05-10 10:25:15,106.35,6728633
2021-05-10 10:25:18,106.3,6728834
2021-05-10 10:25:21,106.35,6729403
2021-05-10 10:25:24,106.3,6729503
2021-05-10 10:25:27,106.35,6729817
2021-05-10 10:25:31,106.35,6731151
2021-05-10 10:25:34,106.3,6746495
2021-05-10 10:25:37,106.3,6746597
2021-05-10 10:25:40,106.35,6746798
2021-05-10 10:25:43,106.35,6747950
2021-05-10 10:25:46,106.35,6747986
2021-05-10 10:25:49,106.3,6748036
2021-05-10 10:25:52,106.35,6748091
2021-05-10 10:25:55,106.4,6749699
2021-05-10 10:25:58,106.3,6750699
2021-05-10 10:26:01,106.35,6750768
2021-05-10 10:26:05,106.35,6751718
2021-05-10 10:26:08,106.35,6751733
2021-05-10 10:26:11,106.35,6752166
2021-05-10 10:26:15,106.4,6752954
2021-05-10 10:26:18,106.35,6753106
2021-05-10 10:26:21,106.35,6754292
2021-05-10 10:26:25,106.4,6760222
2021-05-10 10:26:27,106.35,6760323
2021-05-10 10:26:30,106.35,6760378
2021-05-10 10:26:34,106.35,6760603
2021-05-10 10:26:37,106.35,6760604
2021-05-10 10:26:39,106.4,6760681
2021-05-10 10:26:42,106.4,6760731
2021-05-10 10:26:45,106.4,6760743
2021-05-10 10:26:48,106.4,6760745
2021-05-10 10:26:52,106.35,6763563
2021-05-10 10:26:54,106.35,6763664
2021-05-10 10:26:58,106.35,6763664
2021-05-10 10:27:01,106.35,6763795
2021-05-10 10:27:04,106.4,6763945
2021-05-10 10:27:08,106.35,6763994
2021-05-10 10:27:11,106.35,6764735
2021-05-10 10:27:14,106.4,6767776
2021-05-10 10:27:18,106.6,6787165
2021-05-10 10:27:21,106.5,6787628
2021-05-10 10:27:25,106.5,6788360
2021-05-10 10:27:28,106.5,6789283
2021-05-10 10:27:31,106.5,6790293
2021-05-10 10:27:34,106.55,6790443
2021-05-10 10:27:37,106.55,6790443
2021-05-10 10:27:40,106.55,6790812
2021-05-10 10:27:44,106.5,6790813
2021-05-10 10:27:47,106.5,6790896
2021-05-10 10:27:50,106.55,6790946
2021-05-10 10:27:53,106.55,6790964
2021-05-10 10:27:56,106.5,6791240
2021-05-10 10:28:00,106.55,6792011
2021-05-10 10:28:03,106.55,6792011
2021-05-10 10:28:06,106.5,6792093
2021-05-10 10:28:10,106.55,6792203
2021-05-10 10:28:13,106.55,6792264
2021-05-10 10:28:16,106.5,6792270
2021-05-10 10:28:20,106.55,6792943
2021-05-10 10:28:23,106.55,6793343
2021-05-10 10:28:26,106.55,6793403
2021-05-10 10:28:30,106.55,6793403
2021-05-10 10:28:33,106.5,6793885
2021-05-10 10:28:36,106.55,6795104
2021-05-10 10:28:39,106.55,6795193
2021-05-10 10:28:42,106.55,6795463
2021-05-10 10:28:45,106.5,6795673
2021-05-10 10:28:48,106.5,6797278
2021-05-10 10:28:51,106.5,6797463
2021-05-10 10:28:54,106.5,6797597
2021-05-10 10:28:57,106.55,6799073
2021-05-10 10:29:01,106.55,6799799
2021-05-10 10:29:04,106.55,6800161
2021-05-10 10:29:07,106.55,6800167
2021-05-10 10:29:10,106.55,6802284
2021-05-10 10:29:13,106.55,6802784
2021-05-10 10:29:19,106.6,6803790
2021-05-10 10:29:22,106.6,6803795
2021-05-10 10:29:25,106.55,6803817
2021-05-10 10:29:28,106.55,6804117
2021-05-10 10:29:31,106.55,6804117
2021-05-10 10:29:33,106.55,6804229
2021-05-10 10:29:36,106.55,6809225
2021-05-10 10:29:40,106.55,6809395
2021-05-10 10:29:43,106.55,6809446
2021-05-10 10:29:46,106.5,6810446
2021-05-10 10:29:49,106.55,6810450
2021-05-10 10:29:52,106.5,6810474
2021-05-10 10:29:55,106.5,6810494
2021-05-10 10:29:58,106.55,6814788
2021-05-10 10:30:01,106.55,6815019
2021-05-10 10:30:04,106.55,6820055
2021-05-10 10:30:07,106.5,6821556
2021-05-10 10:30:10,106.55,6821766
2021-05-10 10:30:13,106.55,6821982
2021-05-10 10:30:16,106.5,6823094
2021-05-10 10:30:19,106.55,6823424
2021-05-10 10:30:23,106.55,6824158
2021-05-10 10:30:26,106.5,6829813
2021-05-10 10:30:30,106.5,6829814
2021-05-10 10:30:33,106.5,6829947
2021-05-10 10:30:36,106.5,6832900
2021-05-10 10:30:39,106.55,6833400
2021-05-10 10:30:42,106.55,6834098
2021-05-10 10:30:48,106.55,6839740
2021-05-10 10:30:51,106.55,6840266
2021-05-10 10:30:54,106.5,6841066
2021-05-10 10:30:58,106.5,6841092
2021-05-10 10:31:02,106.7,7054523
2021-05-10 10:31:06,106.75,7068921
2021-05-10 10:31:09,106.8,7082144
2021-05-10 10:31:13,106.75,7082854
2021-05-10 10:31:16,106.7,7093986
2021-05-10 10:31:19,106.8,7094332
2021-05-10 10:31:22,106.75,7095335
2021-05-10 10:31:25,106.6,7105065
2021-05-10 10:31:27,106.7,7106265
2021-05-10 10:31:30,106.7,7111555
2021-05-10 10:31:33,106.6,7112005
2021-05-10 10:31:35,106.55,7115134
2021-05-10 10:31:38,106.6,7115264
2021-05-10 10:31:41,106.6,7116934
2021-05-10 10:31:44,106.55,7116944
2021-05-10 10:31:46,106.55,7116981
2021-05-10 10:31:49,106.55,7116982
2021-05-10 10:31:52,106.6,7116983
2021-05-10 10:31:54,106.6,7116983
2021-05-10 10:31:57,106.6,7117378
2021-05-10 10:32:00,106.6,7125888
2021-05-10 10:32:03,106.6,7125939
2021-05-10 10:32:06,106.6,7126206
2021-05-10 10:32:09,106.55,7129158
2021-05-10 10:32:12,106.55,7129160
2021-05-10 10:32:15,106.6,7129235
2021-05-10 10:32:18,106.6,7129235
2021-05-10 10:32:20,106.6,7129312
2021-05-10 10:32:23,106.55,7129788
2021-05-10 10:32:26,106.55,7129822
2021-05-10 10:32:28,106.6,7129943
2021-05-10 10:32:34,106.55,7130822
2021-05-10 10:32:37,106.6,7131749
2021-05-10 10:32:40,106.6,7131819
2021-05-10 10:32:43,106.6,7132320
2021-05-10 10:32:45,106.6,7132441
2021-05-10 10:32:48,106.55,7133244
2021-05-10 10:32:51,106.6,7134250
2021-05-10 10:32:53,106.55,7134253
2021-05-10 10:32:55,106.6,7134881
2021-05-10 10:32:59,106.55,7136091
2021-05-10 10:33:02,106.55,7137219
2021-05-10 10:33:05,106.6,7137539
2021-05-10 10:33:08,106.6,7138139
2021-05-10 10:33:11,106.6,7139240
2021-05-10 10:33:14,106.55,7144567
2021-05-10 10:33:17,106.55,7144567
2021-05-10 10:33:20,106.6,7144857
2021-05-10 10:33:23,106.55,7145007
2021-05-10 10:33:26,106.55,7145100
2021-05-10 10:33:28,106.55,7145185
2021-05-10 10:33:31,106.55,7145185
2021-05-10 10:33:34,106.7,7164201
2021-05-10 10:33:36,106.7,7165202
2021-05-10 10:33:39,106.65,7165225
2021-05-10 10:33:41,106.7,7165428
2021-05-10 10:33:44,106.65,7166103
2021-05-10 10:33:48,106.65,7166609
2021-05-10 10:33:51,106.7,7167769
2021-05-10 10:33:54,106.7,7170859
2021-05-10 10:33:57,106.7,7170859
2021-05-10 10:34:01,106.7,7171064
2021-05-10 10:34:04,106.65,7172339
2021-05-10 10:34:08,106.7,7175727
2021-05-10 10:34:11,106.7,7177074
2021-05-10 10:34:18,106.65,7185526
2021-05-10 10:34:21,106.65,7185930
2021-05-10 10:34:24,106.6,7188797
2021-05-10 10:34:27,106.6,7189042
2021-05-10 10:34:30,106.6,7189042
2021-05-10 10:34:33,106.6,7189042
2021-05-10 10:34:35,106.6,7189996
2021-05-10 10:34:38,106.6,7190728
2021-05-10 10:34:42,106.7,7191110
2021-05-10 10:34:45,106.65,7191486
2021-05-10 10:34:47,106.6,7191973
2021-05-10 10:34:50,106.7,7192095
2021-05-10 10:34:53,106.6,7192995
2021-05-10 10:34:56,106.7,7193055
2021-05-10 10:34:59,106.7,7193075
2021-05-10 10:35:02,106.7,7193151
2021-05-10 10:35:05,106.7,7193152
2021-05-10 10:35:10,106.7,7194571
2021-05-10 10:35:13,106.7,7194950
2021-05-10 10:35:16,106.7,7195950
2021-05-10 10:35:19,106.6,7196055
2021-05-10 10:35:23,106.7,7203280
2021-05-10 10:35:26,106.65,7203326
2021-05-10 10:35:30,106.7,7211033
2021-05-10 10:35:33,106.7,7211769
2021-05-10 10:35:37,106.7,7213879
2021-05-10 10:35:39,106.7,7213887
2021-05-10 10:35:43,106.7,7214324
2021-05-10 10:35:46,106.7,7216853
2021-05-10 10:35:49,106.7,7217097
2021-05-10 10:35:53,106.7,7219278
2021-05-10 10:35:56,106.7,7220004
2021-05-10 10:35:59,106.7,7220004
2021-05-10 10:36:03,106.7,7225504
2021-05-10 10:36:06,106.7,7226199
2021-05-10 10:36:09,106.65,7226640
2021-05-10 10:36:12,106.65,7227953
2021-05-10 10:36:15,106.7,7228683
2021-05-10 10:36:18,106.65,7229149
2021-05-10 10:36:21,106.7,7230019
2021-05-10 10:36:24,106.7,7230019
2021-05-10 10:36:27,106.65,7230130
2021-05-10 10:36:30,106.7,7230782
2021-05-10 10:36:33,106.7,7231289
2021-05-10 10:36:36,106.7,7231561
2021-05-10 10:36:39,106.7,7231665
2021-05-10 10:36:42,106.7,7232571
2021-05-10 10:36:45,106.7,7232832
2021-05-10 10:36:48,106.7,7233438
2021-05-10 10:36:51,106.7,7234157
2021-05-10 10:36:54,106.7,7236089
2021-05-10 10:36:57,106.65,7236106
2021-05-10 10:37:00,106.7,7236117
2021-05-10 10:37:04,106.65,7236120
2021-05-10 10:37:07,106.65,7236332
2021-05-10 10:37:11,106.7,7237108
2021-05-10 10:37:14,106.7,7238223
2021-05-10 10:37:17,106.7,7239243
2021-05-10 10:37:20,106.7,7240253
2021-05-10 10:37:23,106.7,7240457
2021-05-10 10:37:26,106.7,7251241
2021-05-10 10:37:28,106.6,7251707
2021-05-10 10:37:31,106.6,7251707
2021-05-10 10:37:35,106.65,7251975
2021-05-10 10:37:38,106.65,7251975
2021-05-10 10:37:41,106.65,7252199
2021-05-10 10:37:44,106.7,7252223
2021-05-10 10:37:50,106.65,7255389
2021-05-10 10:37:53,106.6,7255829
2021-05-10 10:37:56,106.65,7255989
2021-05-10 10:37:59,106.65,7257503
2021-05-10 10:38:02,106.6,7261855
2021-05-10 10:38:04,106.6,7261859
2021-05-10 10:38:07,106.6,7261940
2021-05-10 10:38:10,106.65,7263209
2021-05-10 10:38:12,106.65,7267494
2021-05-10 10:38:15,106.65,7269193
2021-05-10 10:38:18,106.7,7269218
2021-05-10 10:38:21,106.65,7269439
2021-05-10 10:38:24,106.7,7269560
2021-05-10 10:38:27,106.65,7269571
2021-05-10 10:38:30,106.65,7275106
2021-05-10 10:38:32,106.65,7277107
2021-05-10 10:38:35,106.65,7277167
2021-05-10 10:38:38,106.65,7277167
2021-05-10 10:38:41,106.7,7277677
2021-05-10 10:38:43,106.7,7278161
2021-05-10 10:38:46,106.65,7283536
2021-05-10 10:38:49,106.65,7284959
2021-05-10 10:38:51,106.65,7285169
2021-05-10 10:38:54,106.65,7285184
2021-05-10 10:38:57,106.6,7289769
2021-05-10 10:39:00,106.7,7292379
2021-05-10 10:39:03,106.7,7292620
2021-05-10 10:39:05,106.6,7292685
2021-05-10 10:39:08,106.65,7293084
2021-05-10 10:39:11,106.6,7293319
2021-05-10 10:39:14,106.6,7297609
2021-05-10 10:39:17,106.6,7297660
2021-05-10 10:39:20,106.65,7297830
2021-05-10 10:39:22,106.65,7298732
2021-05-10 10:39:25,106.65,7298832
2021-05-10 10:39:27,106.65,7299882
2021-05-10 10:39:31,106.65,7301044
2021-05-10 10:39:34,106.65,7301276
2021-05-10 10:39:37,106.6,7301551
2021-05-10 10:39:40,106.65,7302054
2021-05-10 10:39:42,106.6,7302055
2021-05-10 10:39:45,106.6,7309337
2021-05-10 10:39:47,106.6,7309337
2021-05-10 10:39:49,106.55,7315029
2021-05-10 10:39:52,106.55,7315029
2021-05-10 10:39:55,106.6,7315177
2021-05-10 10:39:58,106.55,7315428
2021-05-10 10:40:00,106.65,7315621
2021-05-10 10:40:04,106.65,7320710
2021-05-10 10:40:06,106.6,7320910
2021-05-10 10:40:09,106.6,7321672
2021-05-10 10:40:11,106.6,7322822
2021-05-10 10:40:14,106.6,7323822
2021-05-10 10:40:16,106.6,7323822
2021-05-10 10:40:18,106.65,7325325
2021-05-10 10:40:22,106.6,7325365
2021-05-10 10:40:25,106.6,7325413
2021-05-10 10:40:29,106.6,7327564
2021-05-10 10:40:32,106.6,7327724
2021-05-10 10:40:35,106.65,7328824
2021-05-10 10:40:38,106.6,7328825
2021-05-10 10:40:41,106.6,7328825
2021-05-10 10:40:44,106.6,7328950
2021-05-10 10:40:47,106.65,7328980
2021-05-10 10:40:50,106.6,7329480
2021-05-10 10:40:53,106.65,7329518
2021-05-10 10:40:56,106.65,7332952
2021-05-10 10:40:59,106.65,7335252
2021-05-10 10:41:01,106.65,7335252
2021-05-10 10:41:04,106.6,7335752
2021-05-10 10:41:06,106.55,7336272
2021-05-10 10:41:08,106.65,7337303
2021-05-10 10:41:11,106.65,7337313
2021-05-10 10:41:13,106.65,7337520
2021-05-10 10:41:15,106.65,7337525
2021-05-10 10:41:18,106.65,7338025
2021-05-10 10:41:20,106.65,7338483
2021-05-10 10:41:23,106.65,7338766
2021-05-10 10:41:25,106.65,7339041
2021-05-10 10:41:28,106.65,7344492
2021-05-10 10:41:30,106.65,7344492
2021-05-10 10:41:33,106.65,7345047
2021-05-10 10:41:36,106.65,7346422
2021-05-10 10:41:38,106.65,7346794
2021-05-10 10:41:41,106.65,7348244
2021-05-10 10:41:43,106.65,7351710
2021-05-10 10:41:45,106.65,7352235
2021-05-10 10:41:47,106.7,7352295
2021-05-10 10:41:50,106.65,7352945
2021-05-10 10:41:53,106.65,7352945
2021-05-10 10:41:56,106.65,7354026
2021-05-10 10:41:58,106.65,7354567
2021-05-10 10:42:01,106.7,7354587
2021-05-10 10:42:03,106.7,7354990
2021-05-10 10:42:06,106.6,7354999
2021-05-10 10:42:09,106.7,7356618
2021-05-10 10:42:12,106.65,7356619
2021-05-10 10:42:15,106.65,7356619
2021-05-10 10:42:17,106.6,7357419
2021-05-10 10:42:20,106.6,7357419
2021-05-10 10:42:23,106.65,7357429
2021-05-10 10:42:26,106.65,7357429
2021-05-10 10:42:28,106.65,7357860
2021-05-10 10:42:31,106.65,7358788
2021-05-10 10:42:33,106.7,7359038
2021-05-10 10:42:36,106.7,7359084
2021-05-10 10:42:39,106.7,7359177
2021-05-10 10:42:42,106.7,7359182
2021-05-10 10:42:45,106.7,7359315
2021-05-10 10:42:47,106.7,7362040
2021-05-10 10:42:50,106.7,7362068
2021-05-10 10:42:53,106.7,7363808
2021-05-10 10:42:56,106.6,7363809
2021-05-10 10:42:59,106.6,7363809
2021-05-10 10:43:01,106.7,7364919
2021-05-10 10:43:05,106.65,7365563
2021-05-10 10:43:08,106.65,7365763
2021-05-10 10:43:11,106.65,7365764
2021-05-10 10:43:13,106.65,7365764
2021-05-10 10:43:16,106.65,7365778
2021-05-10 10:43:18,106.65,7366078
2021-05-10 10:43:21,106.65,7366179
2021-05-10 10:43:24,106.6,7366679
2021-05-10 10:43:26,106.6,7370926
2021-05-10 10:43:29,106.7,7371319
2021-05-10 10:43:35,106.7,7372370
2021-05-10 10:43:37,106.65,7373470
2021-05-10 10:43:40,106.7,7374047
2021-05-10 10:43:43,106.65,7374147
2021-05-10 10:43:45,106.65,7374147
2021-05-10 10:43:48,106.7,7374148
2021-05-10 10:43:50,106.7,7374458
2021-05-10 10:43:53,106.65,7374509
2021-05-10 10:43:56,106.65,7377514
2021-05-10 10:43:59,106.7,7379036
2021-05-10 10:44:01,106.65,7379147
2021-05-10 10:44:04,106.65,7379587
2021-05-10 10:44:07,106.7,7379746
2021-05-10 10:44:10,106.85,7457864
2021-05-10 10:44:15,106.75,7459630
2021-05-10 10:44:17,106.75,7460925
2021-05-10 10:44:20,106.8,7461266
2021-05-10 10:44:22,106.8,7463069
2021-05-10 10:44:24,106.8,7463126
2021-05-10 10:44:27,106.8,7463277
2021-05-10 10:44:29,106.75,7464407
2021-05-10 10:44:32,106.8,7470457
2021-05-10 10:44:35,106.8,7470492
2021-05-10 10:44:37,106.75,7470542
2021-05-10 10:44:40,106.75,7470543
2021-05-10 10:44:43,106.8,7471053
2021-05-10 10:44:45,106.8,7472084
2021-05-10 10:44:48,106.8,7473885
2021-05-10 10:44:51,106.8,7474649
2021-05-10 10:44:54,106.75,7474870
2021-05-10 10:44:57,106.8,7477883
2021-05-10 10:45:00,106.8,7479633
2021-05-10 10:45:03,106.75,7479694
2021-05-10 10:45:06,106.8,7479894
2021-05-10 10:45:09,106.8,7479894
2021-05-10 10:45:11,106.75,7482664
2021-05-10 10:45:15,106.8,7483074
2021-05-10 10:45:18,106.75,7484425
2021-05-10 10:45:21,106.75,7484623
2021-05-10 10:45:24,106.8,7485130
2021-05-10 10:45:26,106.8,7485647
2021-05-10 10:45:29,106.8,7485778
2021-05-10 10:45:32,106.75,7485978
2021-05-10 10:45:35,106.8,7486778
2021-05-10 10:45:38,106.8,7509496
2021-05-10 10:45:41,106.8,7510106
2021-05-10 10:45:43,106.8,7511556
2021-05-10 10:45:46,106.8,7511556
2021-05-10 10:45:49,106.8,7520945
2021-05-10 10:45:52,106.8,7521896
2021-05-10 10:45:55,106.75,7522057
2021-05-10 10:45:58,106.75,7522733
2021-05-10 10:46:01,106.8,7525880
2021-05-10 10:46:04,106.8,7526742
2021-05-10 10:46:07,106.85,7528073
2021-05-10 10:46:10,106.85,7528084
2021-05-10 10:46:12,106.85,7528767
2021-05-10 10:46:15,106.85,7532682
2021-05-10 10:46:17,106.85,7532788
2021-05-10 10:46:20,106.85,7532828
2021-05-10 10:46:22,106.8,7533123
2021-05-10 10:46:25,106.85,7535143
2021-05-10 10:46:28,106.85,7536143
2021-05-10 10:46:31,106.85,7536943
2021-05-10 10:46:34,106.85,7536944
2021-05-10 10:46:36,106.8,7541360
2021-05-10 10:46:39,106.8,7541836
2021-05-10 10:46:41,106.8,7543871
2021-05-10 10:46:44,106.8,7544556
2021-05-10 10:46:47,106.85,7544595
2021-05-10 10:46:50,106.85,7544595
2021-05-10 10:46:52,106.8,7546245
2021-05-10 10:46:55,106.85,7548109
2021-05-10 10:46:58,106.85,7549139
2021-05-10 10:47:01,106.85,7549449
2021-05-10 10:47:04,106.85,7549617
2021-05-10 10:47:07,106.85,7550411
2021-05-10 10:47:10,106.85,7552004
2021-05-10 10:47:13,106.8,7553509
2021-05-10 10:47:16,106.85,7553966
2021-05-10 10:47:19,106.85,7562852
2021-05-10 10:47:22,106.75,7563305
2021-05-10 10:47:25,106.8,7564005
2021-05-10 10:47:28,106.85,7564513
2021-05-10 10:47:31,106.85,7564523
2021-05-10 10:47:34,106.8,7564556
2021-05-10 10:47:37,106.85,7564807
2021-05-10 10:47:40,106.85,7565176
2021-05-10 10:47:43,106.8,7565461
2021-05-10 10:47:46,106.75,7577240
2021-05-10 10:47:49,106.8,7577332
2021-05-10 10:47:52,106.75,7578060
2021-05-10 10:47:56,106.8,7578360
2021-05-10 10:48:01,106.8,7580516
2021-05-10 10:48:04,106.8,7580616
2021-05-10 10:48:07,106.75,7582420
2021-05-10 10:48:09,106.8,7584421
2021-05-10 10:48:12,106.8,7586046
2021-05-10 10:48:14,106.8,7587967
2021-05-10 10:48:16,106.8,7589367
2021-05-10 10:48:22,106.8,7590285
2021-05-10 10:48:25,106.8,7590290
2021-05-10 10:48:28,106.75,7590300
2021-05-10 10:48:31,106.8,7590917
2021-05-10 10:48:33,106.8,7591653
2021-05-10 10:48:36,106.8,7591869
2021-05-10 10:48:39,106.75,7592238
2021-05-10 10:48:42,106.75,7598239
2021-05-10 10:48:44,106.75,7598251
2021-05-10 10:48:47,106.75,7598706
2021-05-10 10:48:50,106.75,7599516
2021-05-10 10:48:53,106.8,7599617
2021-05-10 10:48:56,106.75,7601069
2021-05-10 10:48:59,106.8,7601106
2021-05-10 10:49:02,106.75,7601266
2021-05-10 10:49:04,106.8,7601284
2021-05-10 10:49:07,106.75,7602578
2021-05-10 10:49:10,106.75,7602712
2021-05-10 10:49:13,106.7,7615747
2021-05-10 10:49:16,106.7,7621052
2021-05-10 10:49:19,106.7,7627467
2021-05-10 10:49:22,106.7,7628317
2021-05-10 10:49:28,106.7,7629777
2021-05-10 10:49:30,106.7,7630277
2021-05-10 10:49:33,106.7,7631303
2021-05-10 10:49:35,106.7,7631303
2021-05-10 10:49:39,106.65,7631505
2021-05-10 10:49:41,106.65,7631505
2021-05-10 10:49:44,106.7,7632125
2021-05-10 10:49:47,106.7,7632755
2021-05-10 10:49:52,106.75,7637469
2021-05-10 10:49:55,106.75,7645588
2021-05-10 10:49:57,106.75,7646168
2021-05-10 10:50:00,106.75,7649470
2021-05-10 10:50:03,106.75,7649530
2021-05-10 10:50:06,106.7,7649616
2021-05-10 10:50:09,106.7,7649766
2021-05-10 10:50:12,106.75,7649789
2021-05-10 10:50:15,106.7,7649879
2021-05-10 10:50:17,106.7,7650169
2021-05-10 10:50:20,106.7,7651190
2021-05-10 10:50:23,106.7,7651241
2021-05-10 10:50:25,106.7,7651241
2021-05-10 10:50:28,106.75,7651341
2021-05-10 10:50:31,106.7,7651492
2021-05-10 10:50:34,106.7,7651892
2021-05-10 10:50:37,106.75,7654343
2021-05-10 10:50:40,106.75,7654343
2021-05-10 10:50:43,106.7,7654349
2021-05-10 10:50:46,106.7,7654703
2021-05-10 10:50:49,106.7,7655203
2021-05-10 10:50:52,106.7,7655244
2021-05-10 10:50:55,106.7,7655244
2021-05-10 10:50:58,106.75,7655451
2021-05-10 10:51:00,106.75,7656174
2021-05-10 10:51:03,106.75,7662153
2021-05-10 10:51:06,106.75,7662154
2021-05-10 10:51:08,106.75,7662255
2021-05-10 10:51:11,106.75,7662470
2021-05-10 10:51:14,106.7,7665167
2021-05-10 10:51:17,106.7,7665667
2021-05-10 10:51:20,106.75,7666276
2021-05-10 10:51:22,106.8,7666781
2021-05-10 10:51:25,106.7,7667831
2021-05-10 10:51:28,106.75,7668331
2021-05-10 10:51:30,106.75,7668331
2021-05-10 10:51:33,106.75,7668432
2021-05-10 10:51:36,106.75,7668888
2021-05-10 10:51:38,106.75,7669189
2021-05-10 10:51:41,106.7,7673758
2021-05-10 10:51:43,106.7,7673908
2021-05-10 10:51:46,106.65,7674377
2021-05-10 10:51:48,106.7,7674827
2021-05-10 10:51:51,106.7,7674863
2021-05-10 10:51:53,106.7,7674913
2021-05-10 10:51:56,106.7,7675063
2021-05-10 10:51:58,106.7,7675068
2021-05-10 10:52:01,106.7,7675072
2021-05-10 10:52:03,106.7,7675081
2021-05-10 10:52:07,106.7,7676241
2021-05-10 10:52:10,106.7,7676250
2021-05-10 10:52:13,106.7,7676315
2021-05-10 10:52:15,106.7,7676815
2021-05-10 10:52:18,106.7,7677024
2021-05-10 10:52:22,106.7,7677234
2021-05-10 10:52:24,106.65,7677236
2021-05-10 10:52:27,106.7,7677936
2021-05-10 10:52:29,106.65,7678080
2021-05-10 10:52:31,106.65,7678120
2021-05-10 10:52:34,106.7,7678126
2021-05-10 10:52:36,106.7,7678128
2021-05-10 10:52:39,106.7,7679754
2021-05-10 10:52:42,106.7,7680754
2021-05-10 10:52:44,106.7,7681016
2021-05-10 10:52:47,106.65,7681516
2021-05-10 10:52:50,106.7,7681606
2021-05-10 10:52:52,106.7,7681976
2021-05-10 10:52:55,106.7,7681996
2021-05-10 10:52:58,106.65,7683136
2021-05-10 10:53:01,106.7,7683519
2021-05-10 10:53:03,106.7,7683583
2021-05-10 10:53:05,106.7,7683783
2021-05-10 10:53:08,106.7,7683783
2021-05-10 10:53:10,106.65,7683788
2021-05-10 10:53:13,106.7,7683824
2021-05-10 10:53:15,106.65,7684274
2021-05-10 10:53:18,106.7,7701922
2021-05-10 10:53:21,106.7,7701922
2021-05-10 10:53:23,106.75,7703395
2021-05-10 10:53:26,106.7,7704545
2021-05-10 10:53:29,106.75,7705651
2021-05-10 10:53:31,106.75,7705962
2021-05-10 10:53:34,106.7,7710247
2021-05-10 10:53:37,106.75,7710722
2021-05-10 10:53:39,106.7,7711222
2021-05-10 10:53:42,106.7,7711711
2021-05-10 10:53:45,106.7,7713350
2021-05-10 10:53:47,106.7,7714350
2021-05-10 10:53:50,106.7,7714350
2021-05-10 10:53:52,106.65,7714776
2021-05-10 10:53:55,106.7,7714987
2021-05-10 10:53:57,106.7,7715037
2021-05-10 10:54:00,106.7,7715348
2021-05-10 10:54:03,106.7,7715448
2021-05-10 10:54:05,106.7,7715448
2021-05-10 10:54:07,106.65,7715498
2021-05-10 10:54:10,106.65,7715498
2021-05-10 10:54:12,106.65,7715505
2021-05-10 10:54:15,106.65,7715955
2021-05-10 10:54:17,106.65,7716155
2021-05-10 10:54:19,106.65,7716755
2021-05-10 10:54:22,106.65,7717460
2021-05-10 10:54:24,106.7,7717545
2021-05-10 10:54:26,106.7,7717545
2021-05-10 10:54:28,106.7,7717545
2021-05-10 10:54:31,106.7,7717645
2021-05-10 10:54:33,106.7,7717677
2021-05-10 10:54:35,106.65,7717727
2021-05-10 10:54:37,106.65,7717777
2021-05-10 10:54:40,106.65,7717777
2021-05-10 10:54:43,106.7,7718815
2021-05-10 10:54:45,106.7,7719495
2021-05-10 10:54:47,106.65,7719595
2021-05-10 10:54:50,106.65,7719596
2021-05-10 10:54:52,106.65,7719596
2021-05-10 10:54:55,106.7,7719706
2021-05-10 10:54:58,106.7,7720533
2021-05-10 10:55:01,106.7,7720533
2021-05-10 10:55:04,106.65,7721796
2021-05-10 10:55:07,106.65,7721797
2021-05-10 10:55:10,106.65,7721797
2021-05-10 10:55:12,106.65,7724305
2021-05-10 10:55:15,106.65,7724305
2021-05-10 10:55:18,106.7,7724505
2021-05-10 10:55:21,106.65,7729705
2021-05-10 10:55:24,106.7,7731005
2021-05-10 10:55:27,106.65,7735757
2021-05-10 10:55:30,106.65,7739588
2021-05-10 10:55:33,106.65,7740194
2021-05-10 10:55:36,106.65,7743194
2021-05-10 10:55:38,106.6,7748959
2021-05-10 10:55:41,106.65,7749464
2021-05-10 10:55:44,106.65,7751464
2021-05-10 10:55:47,106.6,7751853
2021-05-10 10:55:49,106.65,7755561
2021-05-10 10:55:55,106.65,7766563
2021-05-10 10:55:58,106.55,7770798
2021-05-10 10:56:00,106.6,7774738
2021-05-10 10:56:03,106.55,7775348
2021-05-10 10:56:05,106.55,7775848
2021-05-10 10:56:11,106.55,7781104
2021-05-10 10:56:13,106.55,7783354
2021-05-10 10:56:16,106.55,7783449
2021-05-10 10:56:21,106.55,7784531
2021-05-10 10:56:23,106.55,7784553
2021-05-10 10:56:26,106.5,7793873
2021-05-10 10:56:29,106.5,7793988
2021-05-10 10:56:32,106.5,7794209
2021-05-10 10:56:35,106.6,7795434
2021-05-10 10:56:37,106.5,7799719
2021-05-10 10:56:40,106.5,7799719
2021-05-10 10:56:42,106.6,7800120
2021-05-10 10:56:45,106.5,7804510
2021-05-10 10:56:47,106.55,7807274
2021-05-10 10:56:50,106.55,7807374
2021-05-10 10:56:52,106.5,7807874
2021-05-10 10:56:55,106.55,7809996
2021-05-10 10:56:57,106.55,7810126
2021-05-10 10:56:59,106.55,7811412
2021-05-10 10:57:02,106.55,7813015
2021-05-10 10:57:04,106.6,7813885
2021-05-10 10:57:07,106.6,7814085
2021-05-10 10:57:09,106.55,7814235
2021-05-10 10:57:12,106.55,7814885
2021-05-10 10:57:15,106.6,7815547
2021-05-10 10:57:17,106.6,7815547
2021-05-10 10:57:20,106.55,7815910
2021-05-10 10:57:22,106.6,7816079
2021-05-10 10:57:24,106.6,7817596
2021-05-10 10:57:27,106.55,7818112
2021-05-10 10:57:29,106.6,7818187
2021-05-10 10:57:32,106.6,7820728
2021-05-10 10:57:35,106.6,7826075
2021-05-10 10:57:38,106.55,7827825
2021-05-10 10:57:40,106.55,7827875
2021-05-10 10:57:42,106.6,7827945
2021-05-10 10:57:45,106.55,7827947
2021-05-10 10:57:47,106.6,7828447
2021-05-10 10:57:50,106.6,7828447
2021-05-10 10:57:52,106.55,7828997
2021-05-10 10:57:55,106.55,7830085
2021-05-10 10:57:58,106.6,7830164
2021-05-10 10:58:00,106.6,7830169
2021-05-10 10:58:03,106.55,7830219
2021-05-10 10:58:06,106.5,7837503
2021-05-10 10:58:08,106.5,7837503
2021-05-10 10:58:11,106.5,7837503
2021-05-10 10:58:14,106.55,7837559
2021-05-10 10:58:17,106.5,7839860
2021-05-10 10:58:20,106.55,7839873
2021-05-10 10:58:23,106.55,7841205
2021-05-10 10:58:26,106.5,7841406
2021-05-10 10:58:29,106.55,7847329
2021-05-10 10:58:32,106.55,7849269
2021-05-10 10:58:35,106.55,7849269
2021-05-10 10:58:37,106.5,7850269
2021-05-10 10:58:40,106.55,7850274
2021-05-10 10:58:42,106.5,7850929
2021-05-10 10:58:45,106.5,7850929
2021-05-10 10:58:51,106.5,7851095
2021-05-10 10:58:54,106.5,7851104
2021-05-10 10:58:57,106.5,7851104
2021-05-10 10:59:00,106.5,7851104
2021-05-10 10:59:03,106.55,7851170
2021-05-10 10:59:05,106.5,7851171
2021-05-10 10:59:08,106.55,7851254
2021-05-10 10:59:11,106.55,7851323
2021-05-10 10:59:14,106.5,7851426
2021-05-10 10:59:16,106.55,7851478
2021-05-10 10:59:19,106.5,7853486
2021-05-10 10:59:22,106.55,7854387
2021-05-10 10:59:24,106.55,7854587
2021-05-10 10:59:28,106.5,7854712
2021-05-10 10:59:31,106.5,7855449
2021-05-10 10:59:34,106.55,7856653
2021-05-10 10:59:37,106.5,7856945
2021-05-10 10:59:40,106.55,7858945
2021-05-10 10:59:42,106.55,7858945
2021-05-10 10:59:45,106.55,7858945
2021-05-10 10:59:47,106.6,7879775
2021-05-10 10:59:49,106.55,7879975
2021-05-10 10:59:52,106.55,7882125
2021-05-10 10:59:54,106.55,7882245
2021-05-10 10:59:56,106.6,7884505
2021-05-10 10:59:59,106.6,7885955
2021-05-10 11:00:02,106.6,7886124
2021-05-10 11:00:05,106.6,7886306
2021-05-10 11:00:08,106.6,7921538
2021-05-10 11:00:10,106.65,7922038
2021-05-10 11:00:13,106.65,7922383
2021-05-10 11:00:16,106.65,7922388
2021-05-10 11:00:19,106.6,7924388
2021-05-10 11:00:22,106.65,7924554
2021-05-10 11:00:25,106.65,7927411
2021-05-10 11:00:28,106.6,7927912
2021-05-10 11:00:32,106.65,7930415
2021-05-10 11:00:35,106.65,7930415
2021-05-10 11:00:38,106.65,7931679
2021-05-10 11:00:41,106.65,7932881
2021-05-10 11:00:44,106.65,7933399
2021-05-10 11:00:47,106.65,7933459
2021-05-10 11:00:49,106.65,7933570
2021-05-10 11:00:52,106.6,7934544
2021-05-10 11:00:55,106.65,7939544
2021-05-10 11:00:58,106.65,7939544
2021-05-10 11:01:00,106.65,7939952
2021-05-10 11:01:03,106.65,7939967
2021-05-10 11:01:06,106.6,7939993
2021-05-10 11:01:09,106.6,7939993
2021-05-10 11:01:11,106.65,7940473
2021-05-10 11:01:14,106.6,7940563
2021-05-10 11:01:17,106.65,7941291
2021-05-10 11:01:19,106.6,7941811
2021-05-10 11:01:22,106.65,7942812
2021-05-10 11:01:24,106.65,7942817
2021-05-10 11:01:27,106.65,7942817
2021-05-10 11:01:32,106.65,7942817
2021-05-10 11:01:34,106.6,7942827
2021-05-10 11:01:37,106.65,7948637
2021-05-10 11:01:39,106.6,7948651
2021-05-10 11:01:42,106.65,7948680
2021-05-10 11:01:44,106.65,7948743
2021-05-10 11:01:47,106.65,7949815
2021-05-10 11:01:50,106.65,7950524
2021-05-10 11:01:53,106.65,7950624
2021-05-10 11:01:55,106.65,7950824
2021-05-10 11:01:58,106.65,7950824
2021-05-10 11:02:00,106.65,7951074
2021-05-10 11:02:03,106.65,7951326
2021-05-10 11:02:06,106.65,7951845
2021-05-10 11:02:08,106.65,7953279
2021-05-10 11:02:10,106.6,7953779
2021-05-10 11:02:13,106.65,7953790
2021-05-10 11:02:15,106.65,7954029
2021-05-10 11:02:18,106.6,7954238
2021-05-10 11:02:20,106.6,7954510
2021-05-10 11:02:25,106.6,7955836
2021-05-10 11:02:28,106.65,7955846
2021-05-10 11:02:30,106.6,7956446
2021-05-10 11:02:33,106.65,7956570
2021-05-10 11:02:35,106.6,7958374
2021-05-10 11:02:38,106.65,7958424
2021-05-10 11:02:41,106.6,7960526
2021-05-10 11:02:44,106.65,7960761
2021-05-10 11:02:47,106.65,7960763
2021-05-10 11:02:50,106.6,7970763
2021-05-10 11:02:53,106.6,7970773
2021-05-10 11:02:56,106.65,7976624
2021-05-10 11:02:59,106.6,7976778
2021-05-10 11:03:02,106.6,7976778
2021-05-10 11:03:05,106.65,7976779
2021-05-10 11:03:08,106.65,7976779
2021-05-10 11:03:11,106.6,7983003
2021-05-10 11:03:14,106.6,7983003
2021-05-10 11:03:16,106.65,7983104
2021-05-10 11:03:18,106.65,7983108
2021-05-10 11:03:21,106.6,7983363
2021-05-10 11:03:23,106.65,7983413
2021-05-10 11:03:25,106.65,7984464
2021-05-10 11:03:28,106.65,7984464
2021-05-10 11:03:30,106.65,7988364
2021-05-10 11:03:32,106.6,7988388
2021-05-10 11:03:34,106.55,7991890
2021-05-10 11:03:37,106.55,7991993
2021-05-10 11:03:39,106.55,7992093
2021-05-10 11:03:42,106.6,7995207
2021-05-10 11:03:44,106.55,7995209
2021-05-10 11:03:47,106.55,8006954
2021-05-10 11:03:49,106.55,8006954
2021-05-10 11:03:51,106.55,8007004
2021-05-10 11:03:53,106.6,8009734
2021-05-10 11:03:55,106.6,8010237
2021-05-10 11:03:57,106.6,8010237
2021-05-10 11:04:02,106.5,8017039
2021-05-10 11:04:04,106.5,8017100
2021-05-10 11:04:07,106.6,8018304
2021-05-10 11:04:09,106.5,8018314
2021-05-10 11:04:11,106.6,8018536
2021-05-10 11:04:13,106.6,8018536
2021-05-10 11:04:16,106.5,8019166
2021-05-10 11:04:18,106.5,8019166
2021-05-10 11:04:20,106.6,8019211
2021-05-10 11:04:23,106.55,8020728
2021-05-10 11:04:25,106.5,8020729
2021-05-10 11:04:27,106.55,8020780
2021-05-10 11:04:30,106.55,8020780
2021-05-10 11:04:32,106.5,8020891
2021-05-10 11:04:35,106.55,8025906
2021-05-10 11:04:37,106.55,8025906
2021-05-10 11:04:40,106.5,8029128
2021-05-10 11:04:43,106.6,8029626
2021-05-10 11:04:45,106.6,8029741
2021-05-10 11:04:48,106.6,8029786
2021-05-10 11:04:51,106.6,8030086
2021-05-10 11:04:54,106.6,8030151
2021-05-10 11:04:56,106.55,8030253
2021-05-10 11:04:58,106.55,8031353
2021-05-10 11:05:00,106.55,8031353
2021-05-10 11:05:03,106.6,8031403
2021-05-10 11:05:05,106.6,8031403
2021-05-10 11:05:07,106.6,8031403
2021-05-10 11:05:09,106.6,8031403
2021-05-10 11:05:12,106.6,8031511
2021-05-10 11:05:15,106.6,8031511
2021-05-10 11:05:20,106.55,8031711
2021-05-10 11:05:23,106.55,8031712
2021-05-10 11:05:25,106.6,8032301
2021-05-10 11:05:28,106.55,8032401
2021-05-10 11:05:31,106.55,8032661
2021-05-10 11:05:34,106.6,8033164
2021-05-10 11:05:37,106.6,8034674
2021-05-10 11:05:39,106.55,8034684
2021-05-10 11:05:42,106.6,8035184
2021-05-10 11:05:45,106.6,8035184
2021-05-10 11:05:48,106.55,8059538
2021-05-10 11:05:50,106.6,8059988
2021-05-10 11:05:53,106.55,8061500
2021-05-10 11:05:57,106.6,8066520
2021-05-10 11:05:59,106.6,8066645
2021-05-10 11:06:02,106.55,8067140
2021-05-10 11:06:05,106.6,8067440
2021-05-10 11:06:08,106.6,8072122
2021-05-10 11:06:10,106.6,8072522
2021-05-10 11:06:14,106.65,8072997
2021-05-10 11:06:17,106.65,8073011
2021-05-10 11:06:19,106.6,8073241
2021-05-10 11:06:22,106.6,8073871
2021-05-10 11:06:25,106.65,8075092
2021-05-10 11:06:28,106.65,8075092
2021-05-10 11:06:31,106.65,8075101
2021-05-10 11:06:34,106.7,8077074
2021-05-10 11:06:36,106.65,8077324
2021-05-10 11:06:39,106.7,8077628
2021-05-10 11:06:41,106.7,8077786
2021-05-10 11:06:44,106.7,8077786
2021-05-10 11:06:46,106.7,8078049
2021-05-10 11:06:48,106.7,8078551
2021-05-10 11:06:51,106.7,8079101
2021-05-10 11:06:53,106.7,8079121
2021-05-10 11:06:56,106.7,8079454
2021-05-10 11:06:58,106.65,8092180
2021-05-10 11:07:00,106.6,8093180
2021-05-10 11:07:02,106.65,8094290
2021-05-10 11:07:04,106.6,8095490
2021-05-10 11:07:06,106.6,8095790
2021-05-10 11:07:09,106.65,8096919
2021-05-10 11:07:11,106.6,8097419
2021-05-10 11:07:13,106.65,8097446
2021-05-10 11:07:15,106.6,8097807
2021-05-10 11:07:18,106.6,8097980
2021-05-10 11:07:20,106.6,8097980
2021-05-10 11:07:22,106.55,8097981
2021-05-10 11:07:25,106.6,8098477
2021-05-10 11:07:27,106.6,8098477
2021-05-10 11:07:30,106.6,8098992
2021-05-10 11:07:32,106.6,8100092
2021-05-10 11:07:34,106.65,8100118
2021-05-10 11:07:37,106.65,8100418
2021-05-10 11:07:39,106.65,8102062
2021-05-10 11:07:42,106.65,8102119
2021-05-10 11:07:44,106.65,8102119
2021-05-10 11:07:46,106.6,8102319
2021-05-10 11:07:49,106.6,8102719
2021-05-10 11:07:51,106.65,8112474
2021-05-10 11:07:54,106.65,8113235
2021-05-10 11:07:56,106.7,8113344
2021-05-10 11:07:59,106.65,8122039
2021-05-10 11:08:01,106.65,8122042
2021-05-10 11:08:03,106.65,8122042
2021-05-10 11:08:06,106.7,8122843
2021-05-10 11:08:08,106.7,8122853
2021-05-10 11:08:11,106.65,8132162
2021-05-10 11:08:14,106.65,8132663
2021-05-10 11:08:16,106.65,8132663
2021-05-10 11:08:19,106.7,8134963
2021-05-10 11:08:22,106.7,8134963
2021-05-10 11:08:24,106.7,8135177
2021-05-10 11:08:27,106.65,8135345
2021-05-10 11:08:29,106.7,8136087
2021-05-10 11:08:31,106.7,8136178
2021-05-10 11:08:34,106.65,8136217
2021-05-10 11:08:37,106.7,8136734
2021-05-10 11:08:39,106.7,8136984
2021-05-10 11:08:41,106.7,8137034
2021-05-10 11:08:44,106.7,8137110
2021-05-10 11:08:46,106.7,8142112
2021-05-10 11:08:49,106.7,8142163
2021-05-10 11:08:51,106.7,8142163
2021-05-10 11:08:54,106.7,8142164
2021-05-10 11:08:56,106.65,8143225
2021-05-10 11:08:58,106.7,8144135
2021-05-10 11:09:00,106.7,8145041
2021-05-10 11:09:03,106.65,8145053
2021-05-10 11:09:05,106.65,8150914
2021-05-10 11:09:07,106.7,8151071
2021-05-10 11:09:10,106.65,8151072
2021-05-10 11:09:12,106.75,8159297
2021-05-10 11:09:15,106.7,8159368
2021-05-10 11:09:18,106.75,8163979
2021-05-10 11:09:20,106.8,8164154
2021-05-10 11:09:23,106.75,8164654
2021-05-10 11:09:25,106.75,8169754
2021-05-10 11:09:28,106.8,8170657
2021-05-10 11:09:30,106.8,8170662
2021-05-10 11:09:32,106.8,8170672
2021-05-10 11:09:35,106.75,8170972
2021-05-10 11:09:37,106.75,8173422
2021-05-10 11:09:40,106.75,8176677
2021-05-10 11:09:42,106.7,8178395
2021-05-10 11:09:44,106.7,8178395
2021-05-10 11:09:46,106.75,8178406
2021-05-10 11:09:48,106.75,8178706
2021-05-10 11:09:51,106.75,8178706
2021-05-10 11:09:53,106.75,8178707
2021-05-10 11:09:55,106.75,8178757
2021-05-10 11:09:58,106.75,8181405
2021-05-10 11:10:00,106.75,8182405
2021-05-10 11:10:03,106.75,8182405
2021-05-10 11:10:05,106.65,8188026
2021-05-10 11:10:07,106.75,8188031
2021-05-10 11:10:10,106.7,8188054
2021-05-10 11:10:13,106.7,8188784
2021-05-10 11:10:16,106.75,8188814
2021-05-10 11:10:18,106.75,8189839
2021-05-10 11:10:20,106.7,8189899
2021-05-10 11:10:22,106.7,8189899
2021-05-10 11:10:25,106.7,8193262
2021-05-10 11:10:27,106.7,8193262
2021-05-10 11:10:29,106.7,8193262
2021-05-10 11:10:32,106.65,8193471
2021-05-10 11:10:34,106.7,8193479
2021-05-10 11:10:37,106.7,8193479
2021-05-10 11:10:39,106.7,8194479
2021-05-10 11:10:41,106.65,8194583
2021-05-10 11:10:43,106.7,8194848
2021-05-10 11:10:46,106.7,8194966
2021-05-10 11:10:48,106.7,8194966
2021-05-10 11:10:51,106.7,8195106
2021-05-10 11:10:53,106.7,8195201
2021-05-10 11:10:55,106.7,8195951
2021-05-10 11:10:57,106.65,8196101
2021-05-10 11:11:00,106.7,8196104
2021-05-10 11:11:06,106.7,8197231
2021-05-10 11:11:08,106.65,8202242
2021-05-10 11:11:11,106.7,8202442
2021-05-10 11:11:13,106.65,8203024
2021-05-10 11:11:16,106.65,8203024
2021-05-10 11:11:18,106.65,8203104
2021-05-10 11:11:21,106.65,8203104
2021-05-10 11:11:23,106.7,8203109
2021-05-10 11:11:26,106.7,8203459
2021-05-10 11:11:28,106.7,8203560
2021-05-10 11:11:30,106.7,8203918
2021-05-10 11:11:33,106.7,8219869
2021-05-10 11:11:35,106.7,8219869
2021-05-10 11:11:37,106.7,8219948
2021-05-10 11:11:39,106.65,8220349
2021-05-10 11:11:41,106.7,8231071
2021-05-10 11:11:43,106.7,8231097
2021-05-10 11:11:45,106.7,8231097
2021-05-10 11:11:48,106.75,8231197
2021-05-10 11:11:49,106.7,8231297
2021-05-10 11:11:52,106.75,8231307
2021-05-10 11:11:54,106.75,8231837
2021-05-10 11:11:56,106.75,8232985
2021-05-10 11:11:58,106.75,8232985
2021-05-10 11:12:01,106.75,8233057
2021-05-10 11:12:03,106.75,8233057
2021-05-10 11:12:06,106.75,8233083
2021-05-10 11:12:08,106.75,8233095
2021-05-10 11:12:10,106.7,8233160
2021-05-10 11:12:13,106.7,8233205
2021-05-10 11:12:16,106.7,8233205
2021-05-10 11:12:18,106.75,8233321
2021-05-10 11:12:21,106.75,8233333
2021-05-10 11:12:23,106.75,8233636
2021-05-10 11:12:25,106.75,8233636
2021-05-10 11:12:28,106.75,8233986
2021-05-10 11:12:30,106.75,8234001
2021-05-10 11:12:33,106.7,8234303
2021-05-10 11:12:35,106.75,8234304
2021-05-10 11:12:37,106.75,8234305
2021-05-10 11:12:39,106.75,8235305
2021-05-10 11:12:42,106.75,8235305
2021-05-10 11:12:44,106.75,8236305
2021-05-10 11:12:47,106.7,8236355
2021-05-10 11:12:49,106.75,8237383
2021-05-10 11:12:52,106.65,8241671
2021-05-10 11:12:54,106.75,8241681
2021-05-10 11:12:56,106.65,8241832
2021-05-10 11:12:59,106.75,8242514
2021-05-10 11:13:01,106.7,8250319
2021-05-10 11:13:04,106.65,8251644
2021-05-10 11:13:06,106.7,8251844
2021-05-10 11:13:08,106.7,8251854
2021-05-10 11:13:10,106.65,8251984
2021-05-10 11:13:13,106.7,8252019
2021-05-10 11:13:15,106.7,8252148
2021-05-10 11:13:17,106.7,8252149
2021-05-10 11:13:20,106.65,8252159
2021-05-10 11:13:22,106.7,8252274
2021-05-10 11:13:25,106.65,8252334
2021-05-10 11:13:27,106.7,8253007
2021-05-10 11:13:29,106.7,8253007
2021-05-10 11:13:31,106.8,8397250
2021-05-10 11:13:34,106.8,8398102
2021-05-10 11:13:36,106.8,8398602
2021-05-10 11:13:39,106.8,8401544
2021-05-10 11:13:41,106.8,8401850
2021-05-10 11:13:43,106.8,8404353
2021-05-10 11:13:45,106.75,8404653
2021-05-10 11:13:48,106.75,8405653
2021-05-10 11:13:50,106.75,8408653
2021-05-10 11:13:52,106.75,8408779
2021-05-10 11:13:55,106.8,8409129
2021-05-10 11:13:57,106.7,8410563
2021-05-10 11:14:00,106.75,8410666
2021-05-10 11:14:02,106.8,8410966
2021-05-10 11:14:05,106.75,8411969
2021-05-10 11:14:08,106.75,8412120
2021-05-10 11:14:11,106.75,8412962
2021-05-10 11:14:13,106.75,8414499
2021-05-10 11:14:15,106.8,8414589
2021-05-10 11:14:18,106.8,8414589
2021-05-10 11:14:20,106.8,8414592
2021-05-10 11:14:23,106.8,8414593
2021-05-10 11:14:25,106.8,8415623
2021-05-10 11:14:28,106.8,8415762
2021-05-10 11:14:30,106.75,8415812
2021-05-10 11:14:33,106.75,8416417
2021-05-10 11:14:35,106.8,8416627
2021-05-10 11:14:37,106.8,8416707
2021-05-10 11:14:39,106.75,8417115
2021-05-10 11:14:42,106.75,8417215
2021-05-10 11:14:44,106.8,8417216
2021-05-10 11:14:46,106.8,8425898
2021-05-10 11:14:48,106.8,8426185
2021-05-10 11:14:51,106.85,8426386
2021-05-10 11:14:53,106.85,8428261
2021-05-10 11:14:56,106.85,8428662
2021-05-10 11:14:58,106.9,8454822
2021-05-10 11:15:01,106.85,8475113
2021-05-10 11:15:04,106.85,8476122
2021-05-10 11:15:06,106.8,8478095
2021-05-10 11:15:09,106.85,8483803
2021-05-10 11:15:12,106.85,8486550
2021-05-10 11:15:14,106.8,8490639
2021-05-10 11:15:17,106.85,8493097
2021-05-10 11:15:19,106.8,8494397
2021-05-10 11:15:23,106.85,8494493
2021-05-10 11:15:25,106.85,8494565
2021-05-10 11:15:28,106.85,8494636
2021-05-10 11:15:31,106.85,8494839
2021-05-10 11:15:34,106.8,8500642
2021-05-10 11:15:37,106.85,8500699
2021-05-10 11:15:39,106.8,8500710
2021-05-10 11:15:41,106.85,8502816
2021-05-10 11:15:44,106.9,8504300
2021-05-10 11:15:46,106.9,8523001
2021-05-10 11:15:48,106.9,8523701
2021-05-10 11:15:51,106.85,8524077
2021-05-10 11:15:53,106.9,8524815
2021-05-10 11:15:56,106.85,8525475
2021-05-10 11:15:59,106.9,8532928
2021-05-10 11:16:01,106.95,8534095
2021-05-10 11:16:04,106.95,8535508
2021-05-10 11:16:06,106.95,8538346
2021-05-10 11:16:08,106.95,8538937
2021-05-10 11:16:10,106.95,8566617
2021-05-10 11:16:13,106.95,8582297
2021-05-10 11:16:15,107.0,8583938
2021-05-10 11:16:17,107.0,8585111
2021-05-10 11:16:20,107.0,8586643
2021-05-10 11:16:22,106.95,8590098
2021-05-10 11:16:25,107.0,8595631
2021-05-10 11:16:27,107.0,8596756
2021-05-10 11:16:29,107.0,8600381
2021-05-10 11:16:31,106.95,8602626
2021-05-10 11:16:34,107.0,8603195
2021-05-10 11:16:36,107.0,8681745
2021-05-10 11:16:39,107.0,8704550
2021-05-10 11:16:42,106.95,8705143
2021-05-10 11:16:45,107.0,8706818
2021-05-10 11:16:47,106.85,8753590
2021-05-10 11:16:50,106.9,8756405
2021-05-10 11:16:53,106.9,8761615
2021-05-10 11:16:55,106.9,8762185
2021-05-10 11:16:57,106.85,8762752
2021-05-10 11:17:00,106.85,8763066
2021-05-10 11:17:02,106.85,8763686
2021-05-10 11:17:04,106.9,8763823
2021-05-10 11:17:06,106.85,8764758
2021-05-10 11:17:09,106.85,8779797
2021-05-10 11:17:14,106.9,8787395
2021-05-10 11:17:16,107.05,8882824
2021-05-10 11:17:18,107.0,8883325
2021-05-10 11:17:20,107.1,8919017
2021-05-10 11:17:23,107.05,8928757
2021-05-10 11:17:25,107.0,8930124
2021-05-10 11:17:27,107.0,8943092
2021-05-10 11:17:30,107.05,8948257
2021-05-10 11:17:32,107.1,8952782
2021-05-10 11:17:34,107.05,8956232
2021-05-10 11:17:36,107.1,8957749
2021-05-10 11:17:38,107.1,8958349
2021-05-10 11:17:40,107.05,8959752
2021-05-10 11:17:43,107.1,8960113
2021-05-10 11:17:44,107.15,8961700
2021-05-10 11:17:47,107.15,8966912
2021-05-10 11:17:50,107.1,8994882
2021-05-10 11:17:52,107.1,8996338
2021-05-10 11:17:54,107.2,8999075
2021-05-10 11:17:56,107.15,9000575
2021-05-10 11:17:58,107.1,9001029
2021-05-10 11:18:01,107.1,9003141
2021-05-10 11:18:03,107.1,9009353
2021-05-10 11:18:06,107.15,9009427
2021-05-10 11:18:10,107.2,9012086
2021-05-10 11:18:13,107.2,9015929
2021-05-10 11:18:14,107.15,9016807
2021-05-10 11:18:16,107.15,9016882
2021-05-10 11:18:16,107.15,9017954
2021-05-10 11:18:17,107.15,9018454
2021-05-10 11:18:18,107.15,9018454
2021-05-10 11:18:19,107.2,9018754
2021-05-10 11:18:20,107.1,9019904
2021-05-10 11:18:21,107.15,9020704
2021-05-10 11:18:22,107.1,9020753
2021-05-10 11:18:23,107.1,9020827
2021-05-10 11:18:24,107.15,9021394
2021-05-10 11:18:25,107.1,9047078
2021-05-10 11:18:26,107.1,9047179
2021-05-10 11:18:27,107.1,9047179
2021-05-10 11:18:28,107.1,9048932
2021-05-10 11:18:29,107.1,9048932
2021-05-10 11:18:30,107.1,9052403
2021-05-10 11:18:31,107.1,9052903
2021-05-10 11:18:32,107.1,9055623
2021-05-10 11:18:33,107.1,9056048
2021-05-10 11:18:34,107.05,9057310
2021-05-10 11:18:35,107.1,9058120
2021-05-10 11:18:36,107.15,9058322
2021-05-10 11:18:37,107.15,9058328
2021-05-10 11:18:38,107.15,9058329
2021-05-10 11:18:39,107.1,9058331
2021-05-10 11:18:41,107.15,9060631
2021-05-10 11:18:40,107.15,9060631
2021-05-10 11:18:42,107.1,9060931
2021-05-10 11:18:43,107.15,9062631
2021-05-10 11:18:44,107.1,9062874
2021-05-10 11:18:45,107.1,9062874
2021-05-10 11:18:46,107.1,9062874
2021-05-10 11:18:47,107.1,9062874
2021-05-10 11:18:48,107.1,9062874
2021-05-10 11:18:49,107.1,9062874
2021-05-10 11:18:50,107.1,9067677
2021-05-10 11:18:51,107.05,9069377
2021-05-10 11:18:53,107.05,9069428
2021-05-10 11:18:52,107.1,9069427
2021-05-10 11:18:54,107.1,9069755
2021-05-10 11:18:55,107.1,9070516
2021-05-10 11:18:56,107.05,9070521
2021-05-10 11:18:57,107.1,9071005
2021-05-10 11:18:58,107.1,9071045
2021-05-10 11:18:59,107.1,9071506
2021-05-10 11:19:00,107.1,9074849
2021-05-10 11:19:01,107.1,9074849
2021-05-10 11:19:02,107.1,9074849
2021-05-10 11:19:04,107.1,9075705
2021-05-10 11:19:05,107.15,9075915
2021-05-10 11:19:06,107.15,9075995
2021-05-10 11:19:07,107.15,9075995
2021-05-10 11:19:08,107.15,9076545
2021-05-10 11:19:09,107.15,9077305
2021-05-10 11:19:10,107.15,9077305
2021-05-10 11:19:11,107.15,9077405
2021-05-10 11:19:12,107.15,9077405
2021-05-10 11:19:13,107.15,9077515
2021-05-10 11:19:14,107.15,9077805
2021-05-10 11:19:16,107.1,9077831
2021-05-10 11:19:17,107.1,9077981
2021-05-10 11:19:17,107.1,9077981
2021-05-10 11:19:18,107.15,9078026
2021-05-10 11:19:19,107.1,9078526
2021-05-10 11:19:20,107.15,9078686
2021-05-10 11:19:21,107.1,9079286
2021-05-10 11:19:22,107.1,9079296
2021-05-10 11:19:23,107.15,9079346
2021-05-10 11:19:24,107.15,9079503
2021-05-10 11:19:25,107.1,9080205
2021-05-10 11:19:27,107.15,9080430
2021-05-10 11:19:27,107.1,9080480
2021-05-10 11:19:28,107.15,9080530
2021-05-10 11:19:29,107.15,9080830
2021-05-10 11:19:30,107.15,9081065
2021-05-10 11:19:31,107.15,9081169
2021-05-10 11:19:32,107.15,9081269
2021-05-10 11:19:34,107.15,9081369
2021-05-10 11:19:35,107.1,9081626
2021-05-10 11:19:36,107.1,9081727
2021-05-10 11:19:37,107.1,9082667
2021-05-10 11:19:37,107.1,9082667
2021-05-10 11:19:38,107.15,9084023
2021-05-10 11:19:39,107.15,9084823
2021-05-10 11:19:41,107.15,9087338
2021-05-10 11:19:42,107.15,9087838
2021-05-10 11:19:43,107.15,9087838
2021-05-10 11:19:44,107.15,9091798
2021-05-10 11:19:44,107.1,9091800
2021-05-10 11:19:46,107.15,9092053
2021-05-10 11:19:47,107.15,9092204
2021-05-10 11:19:48,107.15,9092204
2021-05-10 11:19:50,107.1,9092206
2021-05-10 11:19:51,107.1,9092206
2021-05-10 11:19:52,107.15,9092256
2021-05-10 11:19:54,107.15,9093673
2021-05-10 11:19:55,107.1,9093773
2021-05-10 11:19:55,107.1,9093773
2021-05-10 11:19:57,107.15,9094023
2021-05-10 11:19:57,107.15,9094223
2021-05-10 11:19:59,107.15,9094223
2021-05-10 11:20:00,107.15,9094223
2021-05-10 11:20:01,107.15,9094223
2021-05-10 11:20:02,107.15,9094233
2021-05-10 11:20:03,107.1,9096580
2021-05-10 11:20:04,107.15,9096664
2021-05-10 11:20:06,107.15,9097682
2021-05-10 11:20:07,107.15,9097688
2021-05-10 11:20:09,107.15,9097717
2021-05-10 11:20:10,107.1,9097743
2021-05-10 11:20:10,107.1,9097743
2021-05-10 11:20:11,107.15,9098053
2021-05-10 11:20:12,107.15,9098053
2021-05-10 11:20:13,107.1,9098503
2021-05-10 11:20:14,107.15,9098560
2021-05-10 11:20:15,107.1,9099160
2021-05-10 11:20:16,107.1,9099160
2021-05-10 11:20:17,107.1,9100533
2021-05-10 11:20:18,107.15,9101303
2021-05-10 11:20:19,107.15,9107113
2021-05-10 11:20:20,107.15,9107313
2021-05-10 11:20:22,107.1,9107518
2021-05-10 11:20:23,107.15,9107618
2021-05-10 11:20:24,107.15,9107775
2021-05-10 11:20:24,107.1,9109352
2021-05-10 11:20:25,107.1,9110377
2021-05-10 11:20:26,107.15,9110383
2021-05-10 11:20:27,107.15,9110883
2021-05-10 11:20:28,107.15,9110883
2021-05-10 11:20:29,107.1,9111183
2021-05-10 11:20:30,107.1,9111188
2021-05-10 11:20:31,107.1,9112188
2021-05-10 11:20:32,107.1,9112188
2021-05-10 11:20:33,107.15,9113241
2021-05-10 11:20:34,107.1,9113598
2021-05-10 11:20:35,107.1,9113599
2021-05-10 11:20:36,107.15,9114229
2021-05-10 11:20:37,107.15,9114329
2021-05-10 11:20:38,107.15,9114329
2021-05-10 11:20:39,107.15,9114329
2021-05-10 11:20:41,107.1,9114379
2021-05-10 11:20:42,107.15,9114504
2021-05-10 11:20:42,107.15,9115304
2021-05-10 11:20:43,107.15,9115306
2021-05-10 11:20:44,107.15,9115363
2021-05-10 11:20:45,107.15,9115363
2021-05-10 11:20:46,107.05,9122635
2021-05-10 11:20:47,107.05,9122640
2021-05-10 11:20:48,107.1,9122696
2021-05-10 11:20:49,107.1,9123906
2021-05-10 11:20:50,107.1,9123906
2021-05-10 11:20:51,107.05,9124921
2021-05-10 11:20:52,107.1,9124924
2021-05-10 11:20:54,107.1,9125031
2021-05-10 11:20:54,107.1,9125031
2021-05-10 11:20:55,107.1,9125111
2021-05-10 11:20:56,107.05,9125511
2021-05-10 11:20:57,107.05,9126611
2021-05-10 11:20:58,107.1,9127181
2021-05-10 11:20:59,107.1,9127201
2021-05-10 11:21:01,107.1,9127611
2021-05-10 11:21:01,107.1,9127683
2021-05-10 11:21:03,107.1,9127813
2021-05-10 11:21:03,107.05,9128133
2021-05-10 11:21:04,107.1,9128390
2021-05-10 11:21:05,107.05,9128460
2021-05-10 11:21:07,107.05,9128460
2021-05-10 11:21:07,107.05,9128460
2021-05-10 11:21:08,107.1,9128519
2021-05-10 11:21:10,107.1,9128519
2021-05-10 11:21:10,107.1,9128519
2021-05-10 11:21:11,107.1,9130149
2021-05-10 11:21:13,107.05,9130359
2021-05-10 11:21:13,107.05,9130359
2021-05-10 11:21:14,107.1,9130416
2021-05-10 11:21:16,107.1,9130747
2021-05-10 11:21:17,107.05,9131997
2021-05-10 11:21:18,107.1,9133597
2021-05-10 11:21:19,106.9,9227797
2021-05-10 11:21:20,106.9,9227947
2021-05-10 11:21:21,107.0,9227962
2021-05-10 11:21:23,107.0,9238547
2021-05-10 11:21:23,107.0,9238547
2021-05-10 11:21:24,107.0,9238619
2021-05-10 11:21:27,107.0,9239178
2021-05-10 11:21:28,107.0,9239644
2021-05-10 11:21:29,106.95,9253117
2021-05-10 11:21:30,107.0,9254422
2021-05-10 11:21:31,107.0,9258833
2021-05-10 11:21:32,107.0,9259733
2021-05-10 11:21:32,107.0,9259854
2021-05-10 11:21:33,107.1,9261863
2021-05-10 11:21:35,107.05,9264940
2021-05-10 11:21:36,107.1,9264945
2021-05-10 11:21:37,107.1,9282503
2021-05-10 11:21:38,107.15,9283997
2021-05-10 11:21:39,107.1,9284597
2021-05-10 11:21:40,107.1,9288873
2021-05-10 11:21:41,107.05,9288973
2021-05-10 11:21:42,107.1,9289023
2021-05-10 11:21:44,107.05,9289123
2021-05-10 11:21:44,107.1,9289180
2021-05-10 11:21:45,107.05,9289680
2021-05-10 11:21:47,107.1,9290945
2021-05-10 11:21:48,107.05,9291055
2021-05-10 11:21:50,107.05,9291814
2021-05-10 11:21:52,107.05,9292634
2021-05-10 11:21:54,107.1,9296792
2021-05-10 11:21:55,107.1,9297393
2021-05-10 11:21:56,107.0,9297408
2021-05-10 11:21:56,107.1,9298608
2021-05-10 11:21:58,107.05,9298664
2021-05-10 11:21:59,107.1,9298764
2021-05-10 11:22:00,107.1,9299322
2021-05-10 11:22:01,107.05,9299350
2021-05-10 11:22:02,107.05,9299350
2021-05-10 11:22:02,107.1,9300055
2021-05-10 11:22:03,107.1,9302096
2021-05-10 11:22:04,107.05,9302213
2021-05-10 11:22:05,107.05,9302216
2021-05-10 11:22:07,107.1,9302291
2021-05-10 11:22:08,107.05,9302293
2021-05-10 11:22:09,107.1,9302843
2021-05-10 11:22:10,107.1,9302843
2021-05-10 11:22:11,107.05,9303843
2021-05-10 11:22:12,107.05,9304593
2021-05-10 11:22:13,107.05,9305633
2021-05-10 11:22:13,107.1,9305993
2021-05-10 11:22:14,107.1,9306413
2021-05-10 11:22:16,107.05,9307438
2021-05-10 11:22:17,107.05,9307438
2021-05-10 11:22:18,107.05,9308088
2021-05-10 11:22:19,107.1,9308338
2021-05-10 11:22:20,107.1,9308349
2021-05-10 11:22:21,107.1,9308399
2021-05-10 11:22:21,107.1,9308399
2021-05-10 11:22:23,107.15,9337789
2021-05-10 11:22:24,107.1,9338212
2021-05-10 11:22:25,107.15,9338399
2021-05-10 11:22:26,107.15,9339146
2021-05-10 11:22:28,107.1,9339869
2021-05-10 11:22:29,107.15,9340477
2021-05-10 11:22:30,107.15,9340757
2021-05-10 11:22:31,107.1,9341647
2021-05-10 11:22:32,107.15,9364850
2021-05-10 11:22:33,107.2,9370796
2021-05-10 11:22:34,107.2,9375241
2021-05-10 11:22:34,107.2,9380956
2021-05-10 11:22:36,107.15,9386320
2021-05-10 11:22:37,107.15,9387320
2021-05-10 11:22:38,107.2,9391982
2021-05-10 11:22:39,107.2,9393192
2021-05-10 11:22:42,107.2,9398076
2021-05-10 11:22:43,107.1,9404364
2021-05-10 11:22:44,107.15,9404421
2021-05-10 11:22:45,107.15,9404421
2021-05-10 11:22:46,107.15,9404421
2021-05-10 11:22:46,107.15,9404421
2021-05-10 11:22:48,107.1,9405130
2021-05-10 11:22:49,107.15,9405215
2021-05-10 11:22:50,107.1,9405365
2021-05-10 11:22:51,107.15,9405865
2021-05-10 11:22:52,107.15,9407365
2021-05-10 11:22:52,107.1,9408365
2021-05-10 11:22:53,107.1,9408365
2021-05-10 11:22:54,107.15,9408502
2021-05-10 11:22:55,107.15,9408502
2021-05-10 11:22:56,107.15,9408685
2021-05-10 11:22:57,107.1,9408785
2021-05-10 11:22:58,107.1,9408785
2021-05-10 11:22:59,107.15,9408885
2021-05-10 11:23:00,107.15,9410636
2021-05-10 11:23:01,107.15,9411219
2021-05-10 11:23:03,107.15,9416582
2021-05-10 11:23:04,107.15,9417190
2021-05-10 11:23:05,107.1,9417895
2021-05-10 11:23:07,107.15,9417896
2021-05-10 11:23:07,107.15,9417989
2021-05-10 11:23:09,107.15,9418294
2021-05-10 11:23:10,107.15,9418436
2021-05-10 11:23:11,107.15,9418519
2021-05-10 11:23:11,107.15,9418519
2021-05-10 11:23:13,107.1,9440064
2021-05-10 11:23:12,107.1,9439142
2021-05-10 11:23:15,107.1,9442604
2021-05-10 11:23:15,107.1,9442257
2021-05-10 11:23:16,107.1,9442770
2021-05-10 11:23:17,107.15,9444771
2021-05-10 11:23:18,107.15,9444771
2021-05-10 11:23:19,107.05,9445174
2021-05-10 11:23:20,107.15,9445475
2021-05-10 11:23:21,107.1,9445480
2021-05-10 11:23:22,107.1,9445562
2021-05-10 11:23:24,107.1,9445985
2021-05-10 11:23:25,107.1,9446535
2021-05-10 11:23:25,107.05,9446537
2021-05-10 11:23:26,107.1,9446699
2021-05-10 11:23:27,107.1,9447096
2021-05-10 11:23:28,107.1,9447106
2021-05-10 11:23:29,107.1,9447406
2021-05-10 11:23:31,107.1,9447534
2021-05-10 11:23:31,107.05,9448534
2021-05-10 11:23:32,107.15,9449165
2021-05-10 11:23:34,107.15,9449372
2021-05-10 11:23:35,107.1,9449417
2021-05-10 11:23:36,107.15,9449477
2021-05-10 11:23:37,107.15,9449677
2021-05-10 11:23:38,107.1,9449707
2021-05-10 11:23:38,107.15,9449702
2021-05-10 11:23:39,107.1,9449707
2021-05-10 11:23:41,107.1,9449707
2021-05-10 11:23:42,107.1,9449707
2021-05-10 11:23:43,107.15,9450332
2021-05-10 11:23:44,107.15,9450514
2021-05-10 11:23:45,107.1,9451333
2021-05-10 11:23:46,107.1,9451863
2021-05-10 11:23:47,107.15,9452364
2021-05-10 11:23:48,107.1,9452470
2021-05-10 11:23:50,107.15,9453470
2021-05-10 11:23:49,107.15,9453370
2021-05-10 11:23:51,107.15,9453918
2021-05-10 11:23:52,107.15,9453918
2021-05-10 11:23:53,107.15,9454364
2021-05-10 11:23:54,107.15,9454364
2021-05-10 11:23:55,107.15,9454504
2021-05-10 11:23:56,107.15,9454964
2021-05-10 11:23:57,107.1,9455814
2021-05-10 11:23:58,107.1,9455814
2021-05-10 11:23:59,107.1,9455814
2021-05-10 11:24:00,107.15,9455896
2021-05-10 11:24:01,107.1,9457380
2021-05-10 11:24:02,107.1,9457452
2021-05-10 11:24:03,107.1,9457452
2021-05-10 11:24:04,107.15,9457509
2021-05-10 11:24:05,107.15,9458091
2021-05-10 11:24:06,107.1,9458194
2021-05-10 11:24:06,107.15,9458694
2021-05-10 11:24:07,107.1,9458729
2021-05-10 11:24:08,107.1,9458729
2021-05-10 11:24:10,107.15,9458829
2021-05-10 11:24:10,107.1,9459829
2021-05-10 11:24:12,107.15,9459911
2021-05-10 11:24:13,107.1,9459991
2021-05-10 11:24:14,107.15,9460130
2021-05-10 11:24:15,107.15,9460130
2021-05-10 11:24:16,107.1,9460320
2021-05-10 11:24:17,107.15,9460410
2021-05-10 11:24:18,107.1,9460945
2021-05-10 11:24:19,107.1,9461075
2021-05-10 11:24:20,107.1,9461076
2021-05-10 11:24:21,107.1,9461226
2021-05-10 11:24:22,107.1,9461226
2021-05-10 11:24:23,107.1,9461226
2021-05-10 11:24:24,107.15,9461283
2021-05-10 11:24:25,107.15,9461333
2021-05-10 11:24:26,107.1,9467431
2021-05-10 11:24:27,107.1,9467531
2021-05-10 11:24:28,107.15,9467881
2021-05-10 11:24:28,107.15,9467881
2021-05-10 11:24:29,107.15,9467981
2021-05-10 11:24:30,107.15,9467981
2021-05-10 11:24:32,107.15,9468081
2021-05-10 11:24:33,107.15,9468121
2021-05-10 11:24:34,107.15,9468178
2021-05-10 11:24:35,107.15,9468178
2021-05-10 11:24:36,107.15,9468630
2021-05-10 11:24:37,107.05,9473147
2021-05-10 11:24:38,107.15,9473247
2021-05-10 11:24:39,107.15,9473495
2021-05-10 11:24:40,107.1,9475195
2021-05-10 11:24:41,107.05,9475395
2021-05-10 11:24:42,107.05,9475395
2021-05-10 11:24:42,107.05,9475395
2021-05-10 11:24:43,107.1,9475765
2021-05-10 11:24:44,107.1,9475822
2021-05-10 11:24:45,107.1,9475822
2021-05-10 11:24:46,107.1,9475822
2021-05-10 11:24:47,107.05,9475857
2021-05-10 11:24:48,107.05,9475867
2021-05-10 11:24:50,107.1,9475968
2021-05-10 11:24:51,107.1,9475968
2021-05-10 11:24:52,107.1,9476428
2021-05-10 11:24:53,107.1,9476428
2021-05-10 11:24:54,107.1,9476575
2021-05-10 11:24:55,107.05,9476645
2021-05-10 11:24:56,107.1,9476665
2021-05-10 11:24:57,107.05,9477883
2021-05-10 11:24:58,107.1,9478976
2021-05-10 11:24:59,107.1,9478976
2021-05-10 11:25:00,107.1,9479940
2021-05-10 11:25:01,107.1,9479940
2021-05-10 11:25:01,107.1,9479940
2021-05-10 11:25:03,107.05,9480390
2021-05-10 11:25:04,107.1,9480447
2021-05-10 11:25:05,107.1,9483693
2021-05-10 11:25:06,107.1,9484726
2021-05-10 11:25:07,107.15,9490467
2021-05-10 11:25:08,107.05,9490714
2021-05-10 11:25:09,107.05,9491564
2021-05-10 11:25:10,107.1,9494589
2021-05-10 11:25:11,107.1,9494739
2021-05-10 11:25:12,107.05,9494854
2021-05-10 11:25:13,107.15,9499354
2021-05-10 11:25:15,107.05,9500642
2021-05-10 11:25:17,107.1,9503222
2021-05-10 11:25:18,107.1,9503222
2021-05-10 11:25:19,107.1,9503222
2021-05-10 11:25:20,107.15,9503722
2021-05-10 11:25:21,107.15,9503722
2021-05-10 11:25:21,107.1,9503747
2021-05-10 11:25:22,107.1,9503747
2021-05-10 11:25:23,107.05,9507510
2021-05-10 11:25:25,107.1,9507715
2021-05-10 11:25:26,107.05,9508015
2021-05-10 11:25:27,107.1,9508031
2021-05-10 11:25:28,107.1,9508513
2021-05-10 11:25:29,107.1,9508514
2021-05-10 11:25:30,107.1,9509514
2021-05-10 11:25:31,107.1,9510415
2021-05-10 11:25:32,107.05,9511715
2021-05-10 11:25:33,107.05,9511877
2021-05-10 11:25:34,107.1,9512034
2021-05-10 11:25:34,107.1,9512034
2021-05-10 11:25:35,107.05,9512054
2021-05-10 11:25:36,107.05,9512054
2021-05-10 11:25:38,107.1,9512154
2021-05-10 11:25:39,107.1,9512154
2021-05-10 11:25:40,107.1,9512154
2021-05-10 11:25:40,107.1,9512154
2021-05-10 11:25:41,107.1,9513254
2021-05-10 11:25:43,107.1,9513881
2021-05-10 11:25:44,107.1,9518968
2021-05-10 11:25:45,107.1,9518968
2021-05-10 11:25:46,107.05,9519218
2021-05-10 11:25:47,107.05,9519218
2021-05-10 11:25:48,107.1,9520468
2021-05-10 11:25:49,107.1,9520498
2021-05-10 11:25:50,107.15,9528048
2021-05-10 11:25:51,107.15,9528148
2021-05-10 11:25:52,107.15,9528148
2021-05-10 11:25:53,107.05,9529520
2021-05-10 11:25:54,107.1,9529677
2021-05-10 11:25:55,107.1,9529727
2021-05-10 11:25:56,107.1,9535153
2021-05-10 11:25:57,107.1,9535203
2021-05-10 11:25:58,107.1,9535203
2021-05-10 11:25:59,107.1,9535209
2021-05-10 11:26:00,107.1,9535209
2021-05-10 11:26:01,107.1,9535209
2021-05-10 11:26:02,107.1,9535209
2021-05-10 11:26:03,107.05,9535409
2021-05-10 11:26:04,107.1,9535466
2021-05-10 11:26:05,107.05,9535767
2021-05-10 11:26:06,107.05,9536031
2021-05-10 11:26:07,107.05,9543663
2021-05-10 11:26:08,107.05,9546323
2021-05-10 11:26:09,107.0,9548173
2021-05-10 11:26:10,107.05,9549683
2021-05-10 11:26:11,107.1,9551683
2021-05-10 11:26:12,107.05,9551883
2021-05-10 11:26:13,107.0,9552170
2021-05-10 11:26:14,107.05,9552227
2021-05-10 11:26:15,107.1,9554042
2021-05-10 11:26:16,107.0,9554142
2021-05-10 11:26:17,107.0,9554273
2021-05-10 11:26:18,107.05,9574435
2021-05-10 11:26:19,107.05,9574435
2021-05-10 11:26:20,107.05,9574835
2021-05-10 11:26:21,107.05,9577279
2021-05-10 11:26:22,107.05,9577279
2021-05-10 11:26:23,107.05,9577599
2021-05-10 11:26:24,107.1,9577656
2021-05-10 11:26:25,107.1,9577656
2021-05-10 11:26:26,107.1,9577656
2021-05-10 11:26:27,107.05,9577957
2021-05-10 11:26:28,107.1,9578072
2021-05-10 11:26:29,107.1,9580122
2021-05-10 11:26:30,107.1,9582757
2021-05-10 11:26:31,107.05,9582918
2021-05-10 11:26:32,107.0,9593918
2021-05-10 11:26:33,107.05,9594920
2021-05-10 11:26:34,107.05,9597327
2021-05-10 11:26:35,107.05,9597427
2021-05-10 11:26:36,107.05,9597427
2021-05-10 11:26:37,107.05,9597727
2021-05-10 11:26:38,107.1,9597737
2021-05-10 11:26:39,107.1,9597737
2021-05-10 11:26:40,107.1,9598737
2021-05-10 11:26:41,107.1,9598737
2021-05-10 11:26:42,107.1,9598737
2021-05-10 11:26:43,107.05,9598968
2021-05-10 11:26:44,107.1,9599228
2021-05-10 11:26:45,107.05,9599238
2021-05-10 11:26:46,107.05,9599258
2021-05-10 11:26:47,107.05,9599258
2021-05-10 11:26:48,107.05,9599465
2021-05-10 11:26:49,107.05,9599465
2021-05-10 11:26:50,107.05,9599465
2021-05-10 11:26:51,107.05,9599465
2021-05-10 11:26:52,107.05,9599476
2021-05-10 11:26:53,107.1,9599676
2021-05-10 11:26:54,107.1,9599733
2021-05-10 11:26:55,107.05,9600233
2021-05-10 11:26:56,107.05,9600242
2021-05-10 11:26:57,107.1,9600343
2021-05-10 11:26:58,107.1,9600361
2021-05-10 11:26:59,107.05,9600371
2021-05-10 11:27:00,107.05,9600372
2021-05-10 11:27:01,107.05,9600372
2021-05-10 11:27:02,107.05,9600423
2021-05-10 11:27:03,107.05,9600523
2021-05-10 11:27:04,107.1,9602580
2021-05-10 11:27:05,107.05,9602821
2021-05-10 11:27:06,107.05,9602821
2021-05-10 11:27:09,107.1,9603637
2021-05-10 11:27:10,107.1,9603637
2021-05-10 11:27:11,107.1,9603637
2021-05-10 11:27:12,107.1,9603637
2021-05-10 11:27:13,107.05,9603737
2021-05-10 11:27:14,107.05,9604794
2021-05-10 11:27:15,107.1,9604845
2021-05-10 11:27:16,107.1,9604845
2021-05-10 11:27:17,107.1,9605646
2021-05-10 11:27:18,107.05,9605672
2021-05-10 11:27:19,107.05,9605719
2021-05-10 11:27:20,107.1,9606989
2021-05-10 11:27:21,107.1,9607989
2021-05-10 11:27:22,107.05,9607990
2021-05-10 11:27:23,107.1,9608091
2021-05-10 11:27:24,107.05,9609249
2021-05-10 11:27:25,107.05,9609249
2021-05-10 11:27:26,107.05,9609349
2021-05-10 11:27:27,107.05,9609649
2021-05-10 11:27:28,107.05,9610150
2021-05-10 11:27:29,107.05,9610150
2021-05-10 11:27:30,107.1,9610301
2021-05-10 11:27:31,107.1,9610310
2021-05-10 11:27:32,107.05,9610385
2021-05-10 11:27:33,107.05,9610386
2021-05-10 11:27:34,107.1,9610544
2021-05-10 11:27:35,107.1,9610544
2021-05-10 11:27:36,107.05,9610694
2021-05-10 11:27:37,107.05,9610999
2021-05-10 11:27:38,107.1,9611269
2021-05-10 11:27:39,107.05,9611285
2021-05-10 11:27:40,107.1,9611363
2021-05-10 11:27:41,107.1,9611363
2021-05-10 11:27:42,107.05,9611952
2021-05-10 11:27:44,107.1,9612016
2021-05-10 11:27:46,107.1,9612120
2021-05-10 11:27:47,107.1,9612120
2021-05-10 11:27:48,107.05,9612170
2021-05-10 11:27:49,107.05,9612355
2021-05-10 11:27:50,107.1,9612376
2021-05-10 11:27:51,107.05,9612377
2021-05-10 11:27:52,107.1,9612402
2021-05-10 11:27:53,107.1,9612402
2021-05-10 11:27:54,107.05,9612959
2021-05-10 11:27:55,107.05,9612959
2021-05-10 11:27:56,107.05,9612959
2021-05-10 11:27:57,107.05,9613174
2021-05-10 11:27:58,107.1,9613199
2021-05-10 11:27:59,107.1,9613287
2021-05-10 11:28:00,107.1,9613387
2021-05-10 11:28:01,107.1,9640108
2021-05-10 11:28:02,107.1,9641255
2021-05-10 11:28:03,107.1,9641255
2021-05-10 11:28:04,107.15,9641312
2021-05-10 11:28:05,107.1,9642313
2021-05-10 11:28:06,107.1,9642313
2021-05-10 11:28:07,107.1,9642313
2021-05-10 11:28:08,107.1,9642613
2021-05-10 11:28:09,107.1,9642613
2021-05-10 11:28:10,107.15,9642664
2021-05-10 11:28:11,107.15,9642684
2021-05-10 11:28:13,107.15,9642684
2021-05-10 11:28:13,107.15,9642684
2021-05-10 11:28:14,107.15,9642841
2021-05-10 11:28:17,107.1,9644815
2021-05-10 11:28:20,107.05,9649465
2021-05-10 11:28:22,107.05,9649465
2021-05-10 11:28:24,107.1,9654351
2021-05-10 11:28:27,107.15,9654353
2021-05-10 11:28:29,107.15,9654374
2021-05-10 11:28:32,107.1,9654376
2021-05-10 11:28:35,107.1,9654915
2021-05-10 11:28:37,107.15,9655165
2021-05-10 11:28:39,107.15,9655216
2021-05-10 11:28:42,107.1,9655520
2021-05-10 11:28:44,107.15,9657188
2021-05-10 11:28:46,107.15,9657194
2021-05-10 11:28:48,107.1,9657244
2021-05-10 11:28:51,107.1,9657733
2021-05-10 11:28:53,107.1,9657863
2021-05-10 11:28:56,107.1,9660020
2021-05-10 11:28:58,107.15,9660032
2021-05-10 11:29:00,107.15,9660083
2021-05-10 11:29:03,107.1,9660707
2021-05-10 11:29:05,107.15,9660846
2021-05-10 11:29:08,107.15,9660923
2021-05-10 11:29:11,107.1,9661383
2021-05-10 11:29:14,107.15,9661995
2021-05-10 11:29:16,107.1,9662208
2021-05-10 11:29:18,107.1,9662686
2021-05-10 11:29:21,107.15,9662787
2021-05-10 11:29:23,107.1,9662923
2021-05-10 11:29:26,107.1,9666307
2021-05-10 11:29:28,107.1,9667732
2021-05-10 11:29:31,107.1,9668232
2021-05-10 11:29:33,107.1,9668667
2021-05-10 11:29:36,107.15,9668724
2021-05-10 11:29:38,107.1,9668794
2021-05-10 11:29:40,107.1,9668794
2021-05-10 11:29:43,107.1,9668800
2021-05-10 11:29:45,107.1,9668860
2021-05-10 11:29:48,107.1,9672450
2021-05-10 11:29:50,107.15,9692604
2021-05-10 11:29:53,107.15,9697285
2021-05-10 11:29:55,107.2,9699223
2021-05-10 11:29:58,107.2,9700324
2021-05-10 11:30:01,107.15,9700326
2021-05-10 11:30:04,107.2,9700767
2021-05-10 11:30:06,107.2,9701180
2021-05-10 11:30:09,107.2,9702180
2021-05-10 11:30:11,107.15,9702531
2021-05-10 11:30:14,107.2,9702588
2021-05-10 11:30:17,107.15,9702681
2021-05-10 11:30:19,107.2,9708382
2021-05-10 11:30:22,107.2,9725794
2021-05-10 11:30:25,107.25,9728406
2021-05-10 11:30:29,107.3,9753955
2021-05-10 11:30:32,107.25,9757646
2021-05-10 11:30:35,107.3,9757899
2021-05-10 11:30:37,107.3,9758199
2021-05-10 11:30:40,107.25,9770824
2021-05-10 11:30:42,107.35,9776883
2021-05-10 11:30:45,107.3,9784469
2021-05-10 11:30:47,107.3,9786585
2021-05-10 11:30:50,107.3,9790760
2021-05-10 11:30:52,107.3,9791970
2021-05-10 11:30:55,107.3,9792382
2021-05-10 11:30:57,107.25,9793132
2021-05-10 11:30:59,107.3,9795687
2021-05-10 11:31:02,107.3,9798810
2021-05-10 11:31:05,107.3,9799567
2021-05-10 11:31:07,107.3,9800817
2021-05-10 11:31:09,107.3,9801106
2021-05-10 11:31:12,107.25,9842034
2021-05-10 11:31:14,107.25,9844111
2021-05-10 11:31:17,107.25,9847272
2021-05-10 11:31:19,107.25,9847873
2021-05-10 11:31:22,107.25,9848848
2021-05-10 11:31:25,107.25,9849505
2021-05-10 11:31:27,107.25,9854075
2021-05-10 11:31:30,107.2,9857126
2021-05-10 11:31:35,107.2,9862377
2021-05-10 11:31:38,107.15,9862547
2021-05-10 11:31:41,107.15,9870401
2021-05-10 11:31:43,107.15,9871616
2021-05-10 11:31:46,107.15,9871973
2021-05-10 11:31:48,107.1,9873701
2021-05-10 11:31:51,107.15,9874996
2021-05-10 11:31:53,107.15,9876407
2021-05-10 11:31:55,107.1,9876549
2021-05-10 11:31:57,107.15,9877131
2021-05-10 11:31:59,107.15,9877131
2021-05-10 11:32:02,107.1,9877431
2021-05-10 11:32:04,107.15,9887529
2021-05-10 11:32:07,107.1,9889529
2021-05-10 11:32:09,107.15,9889537
2021-05-10 11:32:12,107.15,9889617
2021-05-10 11:32:14,107.15,9889775
2021-05-10 11:32:16,107.15,9889905
2021-05-10 11:32:18,107.15,9889910
2021-05-10 11:32:20,107.15,9890022
2021-05-10 11:32:23,107.1,9892282
2021-05-10 11:32:26,107.15,9892494
2021-05-10 11:32:28,107.15,9892635
2021-05-10 11:32:33,107.15,9894478
2021-05-10 11:32:35,107.1,9899537
2021-05-10 11:32:38,107.15,9899738
2021-05-10 11:32:40,107.15,9900088
2021-05-10 11:32:43,107.15,9900258
2021-05-10 11:32:45,107.15,9900420
2021-05-10 11:32:48,107.1,9900466
2021-05-10 11:32:51,107.15,9900766
2021-05-10 11:32:54,107.15,9901298
2021-05-10 11:32:56,107.1,9901479
2021-05-10 11:32:58,107.15,9902006
2021-05-10 11:33:01,107.15,9903050
2021-05-10 11:33:04,107.15,9903107
2021-05-10 11:33:06,107.15,9903112
2021-05-10 11:33:08,107.1,9903287
2021-05-10 11:33:11,107.15,9903887
2021-05-10 11:33:13,107.15,9904437
2021-05-10 11:33:15,107.1,9904594
2021-05-10 11:33:17,107.1,9905094
2021-05-10 11:33:20,107.15,9905192
2021-05-10 11:33:22,107.15,9907980
2021-05-10 11:33:25,107.15,9908187
2021-05-10 11:33:27,107.1,9908706
2021-05-10 11:33:33,107.1,9909788
2021-05-10 11:33:36,107.05,9934973
2021-05-10 11:33:38,107.1,9935036
2021-05-10 11:33:41,107.1,9935044
2021-05-10 11:33:43,107.05,9936709
2021-05-10 11:33:45,107.1,9936801
2021-05-10 11:33:48,107.1,9963585
2021-05-10 11:33:51,107.0,9966298
2021-05-10 11:33:54,107.05,9966370
2021-05-10 11:33:57,107.1,9967000
2021-05-10 11:34:00,107.1,9968150
2021-05-10 11:34:03,107.0,9968371
2021-05-10 11:34:06,107.0,9978521
2021-05-10 11:34:09,107.0,9978759
2021-05-10 11:34:12,107.0,9981371
2021-05-10 11:34:18,107.1,9983103
