timestamp,ltp,volume
2021-06-02 09:15:54,4210.8,7921
2021-06-02 09:15:55,4213.0,7922
2021-06-02 09:15:56,4215.0,8221
2021-06-02 09:15:57,4213.0,8240
2021-06-02 09:15:58,4213.0,8240
2021-06-02 09:15:59,4215.0,8442
2021-06-02 09:16:00,4214.75,8445
2021-06-02 09:16:01,4211.9,8466
2021-06-02 09:16:02,4211.6,8521
2021-06-02 09:16:03,4214.75,8524
2021-06-02 09:16:04,4214.75,8524
2021-06-02 09:16:05,4214.8,8557
2021-06-02 09:16:06,4214.8,8572
2021-06-02 09:16:07,4213.05,8611
2021-06-02 09:16:08,4213.0,8655
2021-06-02 09:16:09,4210.85,8750
2021-06-02 09:16:11,4210.5,8828
2021-06-02 09:16:12,4210.35,8948
2021-06-02 09:16:13,4210.05,8992
2021-06-02 09:16:14,4213.0,9096
2021-06-02 09:16:15,4213.0,9096
2021-06-02 09:16:16,4213.0,9113
2021-06-02 09:16:17,4213.0,9113
2021-06-02 09:16:18,4213.0,9163
2021-06-02 09:16:19,4210.15,9279
2021-06-02 09:16:20,4210.35,9302
2021-06-02 09:16:21,4210.15,9359
2021-06-02 09:16:22,4210.45,9636
2021-06-02 09:16:23,4210.0,9778
2021-06-02 09:16:24,4209.35,9850
2021-06-02 09:16:25,4209.35,9868
2021-06-02 09:16:26,4210.1,10258
2021-06-02 09:16:27,4213.0,10310
2021-06-02 09:16:28,4210.15,10418
2021-06-02 09:16:29,4210.0,10450
2021-06-02 09:16:30,4210.0,10455
2021-06-02 09:16:32,4210.0,10502
2021-06-02 09:16:33,4212.3,10568
2021-06-02 09:16:34,4212.25,10613
2021-06-02 09:16:35,4210.15,10723
2021-06-02 09:16:36,4210.15,10740
2021-06-02 09:16:37,4210.15,10740
2021-06-02 09:16:38,4210.5,10771
2021-06-02 09:16:39,4212.45,10871
2021-06-02 09:16:40,4213.0,11049
2021-06-02 09:16:41,4210.5,11069
2021-06-02 09:16:42,4212.95,11198
2021-06-02 09:16:42,4212.95,11199
2021-06-02 09:16:43,4212.85,11239
2021-06-02 09:16:44,4210.0,11353
2021-06-02 09:16:45,4210.5,11407
2021-06-02 09:16:46,4210.5,12121
2021-06-02 09:16:47,4210.15,12171
2021-06-02 09:16:48,4210.15,12297
2021-06-02 09:16:50,4210.15,12389
2021-06-02 09:16:51,4210.15,12408
2021-06-02 09:16:52,4210.0,12490
2021-06-02 09:16:53,4210.0,12556
2021-06-02 09:16:54,4207.65,12789
2021-06-02 09:16:55,4210.15,12821
2021-06-02 09:16:57,4210.1,12836
2021-06-02 09:16:58,4210.1,12836
2021-06-02 09:16:59,4208.65,12870
2021-06-02 09:17:00,4207.6,12995
2021-06-02 09:17:01,4205.95,13020
2021-06-02 09:17:02,4207.65,13086
2021-06-02 09:17:03,4207.65,13086
2021-06-02 09:17:04,4207.0,13112
2021-06-02 09:17:05,4205.35,13114
2021-06-02 09:17:06,4204.05,13829
2021-06-02 09:17:07,4206.0,13839
2021-06-02 09:17:08,4207.1,14014
2021-06-02 09:17:09,4207.15,14068
2021-06-02 09:17:10,4207.65,14151
2021-06-02 09:17:11,4207.65,14205
2021-06-02 09:17:12,4207.65,14205
2021-06-02 09:17:13,4207.65,14205
2021-06-02 09:17:15,4209.05,14346
2021-06-02 09:17:16,4208.0,14413
2021-06-02 09:17:17,4208.0,14413
2021-06-02 09:17:18,4212.65,14927
2021-06-02 09:17:19,4208.85,14937
2021-06-02 09:17:20,4208.85,14937
2021-06-02 09:17:21,4212.45,14947
2021-06-02 09:17:22,4208.95,14949
2021-06-02 09:17:23,4212.15,14951
2021-06-02 09:17:24,4212.2,15018
2021-06-02 09:17:25,4210.0,15023
2021-06-02 09:17:26,4210.0,15023
2021-06-02 09:17:27,4212.2,15049
2021-06-02 09:17:28,4212.1,15119
2021-06-02 09:17:29,4212.1,15119
2021-06-02 09:17:30,4210.05,15128
2021-06-02 09:17:31,4211.0,15549
2021-06-02 09:17:32,4214.35,15550
2021-06-02 09:17:33,4214.35,15580
2021-06-02 09:17:34,4214.45,15952
2021-06-02 09:17:35,4214.55,15989
2021-06-02 09:17:36,4214.6,16183
2021-06-02 09:17:37,4214.6,16183
2021-06-02 09:17:38,4214.6,16272
2021-06-02 09:17:39,4214.6,16283
2021-06-02 09:17:40,4215.0,16296
2021-06-02 09:17:41,4214.6,16330
2021-06-02 09:17:42,4216.6,16365
2021-06-02 09:17:43,4215.4,16382
2021-06-02 09:17:43,4214.6,16393
2021-06-02 09:17:44,4214.6,16408
2021-06-02 09:17:45,4214.05,16474
2021-06-02 09:17:46,4214.6,16485
2021-06-02 09:17:47,4214.0,16515
2021-06-02 09:17:49,4215.8,16641
2021-06-02 09:17:50,4215.8,16662
2021-06-02 09:17:51,4215.8,16662
2021-06-02 09:17:52,4219.1,16692
2021-06-02 09:17:53,4219.6,16712
2021-06-02 09:17:54,4216.8,16861
2021-06-02 09:17:55,4220.0,17114
2021-06-02 09:17:55,4222.0,17154
2021-06-02 09:17:58,4221.35,17502
2021-06-02 09:17:58,4222.0,17823
2021-06-02 09:17:59,4223.9,17831
2021-06-02 09:18:01,4221.35,18022
2021-06-02 09:18:02,4220.75,18072
2021-06-02 09:18:03,4220.75,18072
2021-06-02 09:18:04,4220.3,18297
2021-06-02 09:18:06,4223.8,18311
2021-06-02 09:18:05,4223.85,18309
2021-06-02 09:18:07,4223.3,18313
2021-06-02 09:18:08,4220.5,18379
2021-06-02 09:18:09,4223.8,18406
2021-06-02 09:18:10,4220.75,18525
2021-06-02 09:18:11,4222.15,18550
2021-06-02 09:18:12,4220.2,18651
2021-06-02 09:18:13,4220.0,18692
2021-06-02 09:18:14,4221.0,18693
2021-06-02 09:18:15,4221.0,18693
2021-06-02 09:18:16,4220.0,18709
2021-06-02 09:18:17,4220.0,18732
2021-06-02 09:18:18,4219.1,18784
2021-06-02 09:18:19,4219.1,18784
2021-06-02 09:18:20,4218.9,18835
2021-06-02 09:18:21,4218.9,18835
2021-06-02 09:18:22,4220.75,18860
2021-06-02 09:18:23,4220.75,18865
2021-06-02 09:18:24,4220.75,18881
2021-06-02 09:18:25,4220.0,18925
2021-06-02 09:18:26,4220.0,18981
2021-06-02 09:18:27,4216.15,19140
2021-06-02 09:18:28,4215.4,19170
2021-06-02 09:18:29,4218.05,19216
2021-06-02 09:18:30,4218.05,19216
2021-06-02 09:18:31,4216.15,19249
2021-06-02 09:18:31,4216.15,19249
2021-06-02 09:18:32,4220.0,19492
2021-06-02 09:18:33,4217.9,19519
2021-06-02 09:18:34,4217.9,19519
2021-06-02 09:18:35,4220.0,19651
2021-06-02 09:18:37,4220.0,19799
2021-06-02 09:18:38,4219.0,19829
2021-06-02 09:18:39,4219.0,19829
2021-06-02 09:18:40,4221.0,19956
2021-06-02 09:18:41,4218.15,19978
2021-06-02 09:18:42,4218.15,19988
2021-06-02 09:18:43,4218.15,19988
2021-06-02 09:18:44,4218.15,19988
2021-06-02 09:18:45,4220.9,20035
2021-06-02 09:18:46,4218.25,20076
2021-06-02 09:18:47,4218.25,20083
2021-06-02 09:18:48,4220.0,20086
2021-06-02 09:18:49,4220.0,20101
2021-06-02 09:18:50,4218.25,20102
2021-06-02 09:18:51,4220.0,20327
2021-06-02 09:18:52,4221.0,20400
2021-06-02 09:18:53,4221.0,20400
2021-06-02 09:18:54,4222.0,21600
2021-06-02 09:18:55,4221.35,21601
2021-06-02 09:18:56,4224.95,21613
2021-06-02 09:18:57,4224.95,21632
2021-06-02 09:18:58,4226.0,21977
2021-06-02 09:18:59,4224.75,21993
2021-06-02 09:19:00,4225.0,22028
2021-06-02 09:19:01,4225.2,22295
2021-06-02 09:19:02,4228.35,22313
2021-06-02 09:19:03,4225.2,22330
2021-06-02 09:19:04,4225.85,22435
2021-06-02 09:19:05,4225.85,22440
2021-06-02 09:19:06,4228.85,22464
2021-06-02 09:19:07,4228.75,22479
2021-06-02 09:19:08,4228.0,22484
2021-06-02 09:19:09,4225.9,22498
2021-06-02 09:19:10,4225.9,22525
2021-06-02 09:19:11,4225.2,22601
2021-06-02 09:19:12,4228.0,23069
2021-06-02 09:19:13,4228.0,23069
2021-06-02 09:19:14,4228.0,23184
2021-06-02 09:19:15,4228.0,23208
2021-06-02 09:19:16,4229.0,23306
2021-06-02 09:19:17,4232.0,23528
2021-06-02 09:19:18,4233.35,23550
2021-06-02 09:19:19,4230.85,23560
2021-06-02 09:19:20,4230.45,23610
2021-06-02 09:19:21,4230.45,23630
2021-06-02 09:19:22,4230.45,23630
2021-06-02 09:19:23,4233.0,23643
2021-06-02 09:19:24,4230.45,24394
2021-06-02 09:19:25,4234.25,24434
2021-06-02 09:19:26,4234.25,24434
2021-06-02 09:19:27,4233.0,24441
2021-06-02 09:19:28,4234.55,24481
2021-06-02 09:19:29,4233.0,24520
2021-06-02 09:19:30,4232.05,24560
2021-06-02 09:19:31,4231.0,24576
2021-06-02 09:19:32,4231.0,24581
2021-06-02 09:19:33,4230.8,24632
2021-06-02 09:19:34,4230.8,24723
2021-06-02 09:19:35,4230.8,24723
2021-06-02 09:19:36,4230.8,24728
2021-06-02 09:19:37,4229.0,24733
2021-06-02 09:19:38,4228.3,25003
2021-06-02 09:19:39,4228.35,25040
2021-06-02 09:19:40,4228.35,25040
2021-06-02 09:19:41,4228.35,25040
2021-06-02 09:19:42,4228.35,25055
2021-06-02 09:19:43,4228.35,25055
2021-06-02 09:19:44,4228.35,25082
2021-06-02 09:19:45,4229.0,25083
2021-06-02 09:19:46,4229.0,25100
2021-06-02 09:19:47,4228.35,25117
2021-06-02 09:19:48,4228.35,25117
2021-06-02 09:19:50,4226.6,25169
2021-06-02 09:19:51,4228.35,25179
2021-06-02 09:19:52,4229.0,25197
2021-06-02 09:19:53,4234.65,25893
2021-06-02 09:19:58,4231.0,26079
2021-06-02 09:19:59,4233.0,26092
2021-06-02 09:20:00,4231.05,26093
2021-06-02 09:20:01,4231.05,26127
2021-06-02 09:20:02,4233.0,26129
2021-06-02 09:20:04,4231.1,26290
2021-06-02 09:20:05,4231.1,26290
2021-06-02 09:20:06,4232.0,26295
2021-06-02 09:20:08,4233.0,26303
2021-06-02 09:20:09,4233.0,26306
2021-06-02 09:20:10,4232.0,26327
2021-06-02 09:20:11,4233.0,26394
2021-06-02 09:20:12,4233.4,26835
2021-06-02 09:20:13,4236.4,27558
2021-06-02 09:20:14,4237.2,27562
2021-06-02 09:20:15,4234.25,27588
2021-06-02 09:20:16,4238.0,27640
2021-06-02 09:20:17,4237.95,27650
2021-06-02 09:20:18,4237.95,27650
2021-06-02 09:20:19,4237.9,27653
2021-06-02 09:20:20,4237.9,27697
2021-06-02 09:20:21,4237.9,27697
2021-06-02 09:20:22,4237.9,27698
2021-06-02 09:20:23,4238.6,27811
2021-06-02 09:20:24,4238.0,27816
2021-06-02 09:20:25,4238.6,27819
2021-06-02 09:20:26,4239.95,27969
2021-06-02 09:20:27,4238.1,28062
2021-06-02 09:20:28,4247.95,28783
2021-06-02 09:20:29,4247.65,28801
2021-06-02 09:20:30,4247.65,28801
2021-06-02 09:20:31,4244.45,28817
2021-06-02 09:20:32,4244.45,28817
2021-06-02 09:20:33,4244.7,28834
2021-06-02 09:20:34,4247.55,28889
2021-06-02 09:20:35,4244.8,28892
2021-06-02 09:20:36,4245.0,29158
2021-06-02 09:20:37,4247.2,29183
2021-06-02 09:20:38,4247.2,29183
2021-06-02 09:20:39,4247.3,29216
2021-06-02 09:20:40,4245.35,29242
2021-06-02 09:20:41,4247.45,29317
2021-06-02 09:20:42,4245.35,29352
2021-06-02 09:20:43,4245.35,29352
2021-06-02 09:20:44,4247.6,29372
2021-06-02 09:20:45,4245.55,29394
2021-06-02 09:20:46,4247.5,29628
2021-06-02 09:20:47,4246.05,29678
2021-06-02 09:20:48,4247.45,29688
2021-06-02 09:20:49,4246.4,30153
2021-06-02 09:20:50,4246.4,30153
2021-06-02 09:20:51,4246.4,30155
2021-06-02 09:20:52,4246.35,30184
2021-06-02 09:20:53,4246.35,30184
2021-06-02 09:20:54,4246.35,30184
2021-06-02 09:20:55,4244.05,30197
2021-06-02 09:20:56,4244.05,30197
2021-06-02 09:20:57,4244.0,30266
2021-06-02 09:20:58,4245.8,30778
2021-06-02 09:20:59,4245.8,30778
2021-06-02 09:21:00,4244.0,30894
2021-06-02 09:21:01,4244.05,30920
2021-06-02 09:21:02,4245.0,30973
2021-06-02 09:21:03,4245.0,31017
2021-06-02 09:21:04,4246.0,31103
2021-06-02 09:21:05,4245.0,31123
2021-06-02 09:21:06,4245.0,31151
2021-06-02 09:21:07,4244.0,31476
2021-06-02 09:21:08,4244.05,31486
2021-06-02 09:21:09,4245.85,31492
2021-06-02 09:21:10,4245.0,32202
2021-06-02 09:21:11,4245.0,32202
2021-06-02 09:21:12,4245.0,32202
2021-06-02 09:21:13,4245.0,32202
2021-06-02 09:21:14,4245.0,32202
2021-06-02 09:21:15,4245.8,32533
2021-06-02 09:21:16,4245.8,32533
2021-06-02 09:21:17,4243.05,32535
2021-06-02 09:21:18,4245.8,32645
2021-06-02 09:21:19,4243.25,32745
2021-06-02 09:21:20,4243.5,32776
2021-06-02 09:21:21,4245.5,32794
2021-06-02 09:21:22,4243.3,32823
2021-06-02 09:21:23,4243.3,32823
2021-06-02 09:21:24,4243.3,32823
2021-06-02 09:21:25,4245.4,32876
2021-06-02 09:21:26,4245.4,32876
2021-06-02 09:21:27,4243.25,32886
2021-06-02 09:21:28,4243.25,32886
2021-06-02 09:21:29,4243.25,32886
2021-06-02 09:21:30,4245.0,32896
2021-06-02 09:21:31,4243.4,32947
2021-06-02 09:21:32,4245.0,32951
2021-06-02 09:21:33,4245.0,32976
2021-06-02 09:21:34,4245.0,32994
2021-06-02 09:21:35,4245.0,32994
2021-06-02 09:21:36,4243.15,33094
2021-06-02 09:21:37,4244.0,33096
2021-06-02 09:21:38,4244.0,33099
2021-06-02 09:21:39,4244.0,33099
2021-06-02 09:21:40,4244.0,33100
2021-06-02 09:21:41,4244.0,33100
2021-06-02 09:21:42,4243.4,33118
2021-06-02 09:21:43,4243.4,33118
2021-06-02 09:21:44,4244.4,33151
2021-06-02 09:21:45,4243.4,33167
2021-06-02 09:21:46,4243.4,33167
2021-06-02 09:21:47,4244.0,33169
2021-06-02 09:21:48,4245.0,33299
2021-06-02 09:21:49,4243.4,33302
2021-06-02 09:21:50,4243.0,33364
2021-06-02 09:21:51,4245.0,33414
2021-06-02 09:21:52,4245.0,33414
2021-06-02 09:21:53,4243.4,33415
2021-06-02 09:21:54,4244.0,33443
2021-06-02 09:21:55,4245.0,33448
2021-06-02 09:21:56,4244.4,33580
2021-06-02 09:21:57,4244.4,33588
2021-06-02 09:21:58,4244.4,33588
2021-06-02 09:21:59,4244.4,33588
2021-06-02 09:22:00,4244.0,33604
2021-06-02 09:22:01,4244.0,33604
2021-06-02 09:22:02,4244.0,33617
2021-06-02 09:22:03,4245.0,33629
2021-06-02 09:22:04,4243.4,33687
2021-06-02 09:22:05,4243.4,33687
2021-06-02 09:22:06,4244.9,33688
2021-06-02 09:22:07,4245.0,33692
2021-06-02 09:22:08,4245.0,33692
2021-06-02 09:22:09,4245.0,33692
2021-06-02 09:22:10,4245.1,34164
2021-06-02 09:22:11,4245.1,34164
2021-06-02 09:22:12,4245.4,34244
2021-06-02 09:22:13,4245.0,34284
2021-06-02 09:22:14,4245.0,34286
2021-06-02 09:22:15,4244.25,34344
2021-06-02 09:22:16,4244.25,34344
2021-06-02 09:22:17,4245.0,34367
2021-06-02 09:22:18,4246.05,34690
2021-06-02 09:22:19,4246.35,34695
2021-06-02 09:22:20,4245.0,34720
2021-06-02 09:22:21,4249.3,35029
2021-06-02 09:22:22,4249.3,35029
2021-06-02 09:22:23,4248.0,35058
2021-06-02 09:22:24,4249.9,35067
2021-06-02 09:22:25,4248.0,35082
2021-06-02 09:22:26,4253.9,35359
2021-06-02 09:22:27,4252.5,35412
2021-06-02 09:22:28,4252.7,35449
2021-06-02 09:22:29,4252.55,35470
2021-06-02 09:22:30,4252.5,35501
2021-06-02 09:22:31,4253.9,35520
2021-06-02 09:22:32,4253.9,35520
2021-06-02 09:22:33,4253.9,35533
2021-06-02 09:22:34,4253.9,35563
2021-06-02 09:22:35,4252.2,35624
2021-06-02 09:22:36,4252.2,35625
2021-06-02 09:22:37,4252.25,35630
2021-06-02 09:22:38,4250.0,35639
2021-06-02 09:22:39,4250.0,35639
2021-06-02 09:22:40,4252.25,35640
2021-06-02 09:22:41,4252.2,35663
2021-06-02 09:22:42,4252.2,35665
2021-06-02 09:22:43,4252.2,35665
2021-06-02 09:22:45,4252.15,35698
2021-06-02 09:22:46,4250.0,35923
2021-06-02 09:22:47,4250.0,35923
2021-06-02 09:22:47,4250.0,35923
2021-06-02 09:22:48,4251.65,35981
2021-06-02 09:22:49,4251.35,36017
2021-06-02 09:22:50,4251.35,36017
2021-06-02 09:22:51,4250.0,36022
2021-06-02 09:22:52,4250.0,36030
2021-06-02 09:22:53,4250.0,36030
2021-06-02 09:22:54,4250.0,36132
2021-06-02 09:22:55,4250.0,36146
2021-06-02 09:22:56,4250.0,36146
2021-06-02 09:22:57,4250.4,36176
2021-06-02 09:22:58,4250.0,36187
2021-06-02 09:22:59,4250.0,36239
2021-06-02 09:23:00,4249.0,36257
2021-06-02 09:23:01,4247.9,36316
2021-06-02 09:23:02,4247.9,36316
2021-06-02 09:23:03,4248.0,36319
2021-06-02 09:23:04,4250.0,37035
2021-06-02 09:23:05,4250.0,37068
2021-06-02 09:23:06,4250.0,37068
2021-06-02 09:23:07,4250.0,37088
2021-06-02 09:23:08,4251.8,37278
2021-06-02 09:23:09,4251.8,37278
2021-06-02 09:23:10,4248.65,37326
2021-06-02 09:23:11,4248.05,37331
2021-06-02 09:23:12,4250.0,37385
2021-06-02 09:23:13,4250.0,37401
2021-06-02 09:23:14,4250.0,37401
2021-06-02 09:23:16,4248.4,37418
2021-06-02 09:23:17,4248.4,37419
2021-06-02 09:23:18,4249.55,37541
2021-06-02 09:23:19,4249.55,37541
2021-06-02 09:23:20,4248.4,37558
2021-06-02 09:23:21,4248.4,37558
2021-06-02 09:23:22,4248.4,37559
2021-06-02 09:23:23,4248.4,37559
2021-06-02 09:23:24,4248.4,37627
2021-06-02 09:23:25,4248.0,37635
2021-06-02 09:23:26,4247.9,37760
2021-06-02 09:23:27,4248.9,37805
2021-06-02 09:23:28,4248.9,37807
2021-06-02 09:23:29,4249.35,37857
2021-06-02 09:23:30,4247.1,37889
2021-06-02 09:23:31,4248.0,37903
2021-06-02 09:23:32,4247.0,37908
2021-06-02 09:23:33,4248.0,37911
2021-06-02 09:23:34,4248.0,37917
2021-06-02 09:23:35,4245.05,38440
2021-06-02 09:23:36,4247.55,38449
2021-06-02 09:23:37,4247.55,38449
2021-06-02 09:23:38,4247.55,38449
2021-06-02 09:23:39,4247.25,38463
2021-06-02 09:23:40,4247.25,38463
2021-06-02 09:23:41,4245.1,38466
2021-06-02 09:23:42,4245.1,38466
2021-06-02 09:23:43,4247.3,38469
2021-06-02 09:23:44,4245.1,38484
2021-06-02 09:23:45,4245.1,38501
2021-06-02 09:23:46,4245.1,38501
2021-06-02 09:23:47,4247.3,38502
2021-06-02 09:23:48,4245.1,38503
2021-06-02 09:23:49,4245.1,38503
2021-06-02 09:23:50,4247.25,38529
2021-06-02 09:23:51,4245.0,38630
2021-06-02 09:23:52,4247.35,38718
2021-06-02 09:23:53,4245.1,38729
2021-06-02 09:23:54,4245.0,38749
2021-06-02 09:23:55,4245.0,38749
2021-06-02 09:23:56,4247.05,38751
2021-06-02 09:23:57,4247.0,38781
2021-06-02 09:23:58,4245.0,38817
2021-06-02 09:23:59,4245.0,38986
2021-06-02 09:24:00,4244.6,39004
2021-06-02 09:24:01,4244.45,39014
2021-06-02 09:24:02,4244.45,39014
2021-06-02 09:24:03,4245.0,39015
2021-06-02 09:24:04,4245.0,39024
2021-06-02 09:24:05,4245.0,39024
2021-06-02 09:24:06,4246.75,39026
2021-06-02 09:24:07,4243.35,39227
2021-06-02 09:24:08,4243.35,39227
2021-06-02 09:24:09,4243.35,39227
2021-06-02 09:24:10,4243.35,39227
2021-06-02 09:24:11,4245.0,39237
2021-06-02 09:24:12,4245.0,39245
2021-06-02 09:24:13,4245.0,39246
2021-06-02 09:24:14,4245.0,39246
2021-06-02 09:24:15,4245.0,39263
2021-06-02 09:24:17,4245.0,39294
2021-06-02 09:24:18,4243.0,39316
2021-06-02 09:24:19,4243.0,39337
2021-06-02 09:24:20,4243.0,39337
2021-06-02 09:24:20,4243.0,39337
2021-06-02 09:24:21,4243.05,39339
2021-06-02 09:24:22,4245.1,39669
2021-06-02 09:24:23,4244.5,39685
2021-06-02 09:24:24,4246.5,39688
2021-06-02 09:24:25,4246.5,39688
2021-06-02 09:24:26,4246.5,39688
2021-06-02 09:24:27,4246.55,39690
2021-06-02 09:24:28,4246.0,39695
2021-06-02 09:24:29,4246.0,39726
2021-06-02 09:24:30,4244.7,39753
2021-06-02 09:24:31,4244.7,39758
2021-06-02 09:24:32,4246.0,39772
2021-06-02 09:24:33,4244.7,39773
2021-06-02 09:24:34,4244.7,39773
2021-06-02 09:24:35,4244.7,39773
2021-06-02 09:24:36,4244.7,39773
2021-06-02 09:24:37,4246.1,39783
2021-06-02 09:24:38,4246.1,39788
2021-06-02 09:24:40,4246.1,39788
2021-06-02 09:24:41,4244.7,39793
2021-06-02 09:24:42,4246.75,39993
2021-06-02 09:24:43,4246.75,40010
2021-06-02 09:24:43,4246.75,40010
2021-06-02 09:24:44,4246.75,40014
2021-06-02 09:24:45,4244.7,40073
2021-06-02 09:24:46,4244.7,40073
2021-06-02 09:24:47,4244.7,40073
2021-06-02 09:24:48,4244.7,40073
2021-06-02 09:24:49,4244.7,40073
2021-06-02 09:24:50,4244.7,40074
2021-06-02 09:24:51,4244.7,40089
2021-06-02 09:24:52,4244.7,40165
2021-06-02 09:24:53,4246.75,40179
2021-06-02 09:24:54,4246.75,40179
2021-06-02 09:24:55,4244.7,40214
2021-06-02 09:24:56,4244.7,40214
2021-06-02 09:24:57,4244.7,40214
2021-06-02 09:25:01,4245.8,40315
2021-06-02 09:25:02,4245.8,40315
2021-06-02 09:25:03,4243.35,40316
2021-06-02 09:25:04,4243.4,40323
2021-06-02 09:25:04,4245.9,40346
2021-06-02 09:25:05,4244.7,40350
2021-06-02 09:25:06,4244.7,40360
2021-06-02 09:25:07,4244.7,40360
2021-06-02 09:25:08,4244.7,40360
2021-06-02 09:25:09,4243.05,40361
2021-06-02 09:25:10,4243.05,40361
2021-06-02 09:25:11,4243.05,40361
2021-06-02 09:25:12,4243.75,40363
2021-06-02 09:25:14,4243.8,40550
2021-06-02 09:25:15,4243.85,40582
2021-06-02 09:25:16,4243.85,40582
2021-06-02 09:25:17,4243.85,40582
2021-06-02 09:25:18,4243.85,40612
2021-06-02 09:25:19,4243.85,40612
2021-06-02 09:25:20,4244.3,40679
2021-06-02 09:25:21,4243.9,40688
2021-06-02 09:25:22,4243.95,40701
2021-06-02 09:25:24,4243.95,40702
2021-06-02 09:25:25,4243.95,40764
2021-06-02 09:25:26,4243.95,40764
2021-06-02 09:25:27,4243.95,40764
2021-06-02 09:25:27,4245.7,40773
2021-06-02 09:25:28,4246.0,40792
2021-06-02 09:25:30,4246.0,40797
2021-06-02 09:25:30,4245.0,40814
2021-06-02 09:25:32,4244.0,40889
2021-06-02 09:25:32,4244.0,40889
2021-06-02 09:25:34,4244.0,40903
2021-06-02 09:25:35,4244.0,40903
2021-06-02 09:25:36,4244.0,40903
2021-06-02 09:25:37,4242.3,41632
2021-06-02 09:25:38,4242.3,41632
2021-06-02 09:25:39,4240.35,41770
2021-06-02 09:25:39,4243.95,41771
2021-06-02 09:25:40,4240.75,41891
2021-06-02 09:25:41,4240.8,41893
2021-06-02 09:25:42,4243.35,41924
2021-06-02 09:25:43,4240.9,41933
2021-06-02 09:25:44,4240.9,41963
2021-06-02 09:25:45,4240.4,42000
2021-06-02 09:25:46,4243.2,42001
2021-06-02 09:25:47,4243.2,42001
2021-06-02 09:25:48,4240.8,42003
2021-06-02 09:25:49,4240.8,42003
2021-06-02 09:25:50,4240.8,42003
2021-06-02 09:25:51,4240.8,42003
2021-06-02 09:25:52,4240.8,42003
2021-06-02 09:25:54,4243.0,42014
2021-06-02 09:25:55,4242.95,42015
2021-06-02 09:25:56,4242.95,42015
2021-06-02 09:25:56,4243.0,42033
2021-06-02 09:25:57,4243.0,42033
2021-06-02 09:25:58,4243.0,42040
2021-06-02 09:25:59,4243.15,42144
2021-06-02 09:26:00,4243.15,42169
2021-06-02 09:26:01,4243.15,42169
2021-06-02 09:26:02,4241.4,42173
2021-06-02 09:26:03,4241.4,42173
2021-06-02 09:26:04,4243.1,42186
2021-06-02 09:26:05,4242.95,42206
2021-06-02 09:26:06,4242.95,42206
2021-06-02 09:26:07,4241.4,42263
2021-06-02 09:26:08,4240.65,42288
2021-06-02 09:26:09,4240.65,42288
2021-06-02 09:26:10,4242.75,42299
2021-06-02 09:26:11,4242.75,42299
2021-06-02 09:26:12,4241.4,42315
2021-06-02 09:26:13,4242.8,42428
2021-06-02 09:26:14,4242.8,42428
2021-06-02 09:26:15,4240.15,42445
2021-06-02 09:26:17,4240.15,42454
2021-06-02 09:26:18,4241.4,42476
2021-06-02 09:26:19,4241.4,42486
2021-06-02 09:26:20,4241.4,42486
2021-06-02 09:26:21,4240.1,42525
2021-06-02 09:26:22,4241.4,42556
2021-06-02 09:26:23,4241.4,42625
2021-06-02 09:26:24,4241.4,42625
2021-06-02 09:26:25,4241.4,42625
2021-06-02 09:26:26,4240.0,42629
2021-06-02 09:26:27,4240.0,42629
2021-06-02 09:26:28,4240.0,42629
2021-06-02 09:26:29,4240.0,42629
2021-06-02 09:26:30,4240.0,42629
2021-06-02 09:26:31,4240.0,42646
2021-06-02 09:26:32,4240.0,42646
2021-06-02 09:26:33,4240.0,42647
2021-06-02 09:26:34,4241.4,42655
2021-06-02 09:26:35,4240.1,42705
2021-06-02 09:26:36,4241.4,42730
2021-06-02 09:26:38,4241.4,42730
2021-06-02 09:26:39,4241.4,42749
2021-06-02 09:26:40,4241.4,42760
2021-06-02 09:26:41,4241.4,42762
2021-06-02 09:26:42,4241.4,42762
2021-06-02 09:26:43,4241.4,42783
2021-06-02 09:26:44,4240.4,42784
2021-06-02 09:26:45,4241.4,42798
2021-06-02 09:26:45,4240.4,42815
2021-06-02 09:26:46,4240.4,42815
2021-06-02 09:26:48,4240.0,42875
2021-06-02 09:26:49,4240.0,42875
2021-06-02 09:26:50,4240.0,42875
2021-06-02 09:26:51,4240.0,42875
2021-06-02 09:26:52,4240.0,42875
2021-06-02 09:26:52,4241.4,42883
2021-06-02 09:26:54,4240.5,42892
2021-06-02 09:26:55,4240.5,42892
2021-06-02 09:26:56,4241.0,42897
2021-06-02 09:26:57,4241.0,42902
2021-06-02 09:26:58,4240.0,43002
2021-06-02 09:26:59,4240.0,43002
2021-06-02 09:27:00,4240.0,43010
2021-06-02 09:27:01,4241.0,43028
2021-06-02 09:27:02,4240.0,43032
2021-06-02 09:27:03,4240.0,43036
2021-06-02 09:27:04,4240.0,43082
2021-06-02 09:27:05,4240.0,43082
2021-06-02 09:27:06,4240.0,43082
2021-06-02 09:27:07,4241.4,43090
2021-06-02 09:27:07,4241.4,43090
2021-06-02 09:27:08,4241.4,43090
2021-06-02 09:27:09,4241.4,43090
2021-06-02 09:27:10,4241.4,43098
2021-06-02 09:27:11,4245.0,43355
2021-06-02 09:27:13,4242.6,43406
2021-06-02 09:27:14,4245.2,43413
2021-06-02 09:27:15,4245.2,43413
2021-06-02 09:27:16,4244.95,43433
2021-06-02 09:27:17,4244.95,43433
2021-06-02 09:27:18,4245.15,43445
2021-06-02 09:27:19,4245.0,43447
2021-06-02 09:27:22,4245.15,43639
2021-06-02 09:27:22,4245.15,43639
2021-06-02 09:27:23,4243.0,43641
2021-06-02 09:27:25,4243.25,43643
2021-06-02 09:27:26,4243.25,43643
2021-06-02 09:27:28,4245.0,43644
2021-06-02 09:27:28,4245.0,43644
2021-06-02 09:27:29,4245.0,43644
2021-06-02 09:27:30,4246.0,43764
2021-06-02 09:27:31,4246.0,43765
2021-06-02 09:27:32,4246.0,43766
2021-06-02 09:27:33,4246.0,43775
2021-06-02 09:27:35,4246.0,43802
2021-06-02 09:27:35,4245.0,43841
2021-06-02 09:27:36,4245.0,43841
2021-06-02 09:27:38,4245.0,43841
2021-06-02 09:27:38,4245.0,43841
2021-06-02 09:27:40,4243.05,43842
2021-06-02 09:27:41,4246.0,44137
2021-06-02 09:27:42,4246.0,44149
2021-06-02 09:27:43,4246.0,44150
2021-06-02 09:27:44,4247.0,44212
2021-06-02 09:27:45,4247.0,44212
2021-06-02 09:27:46,4247.0,44279
2021-06-02 09:27:47,4247.0,44287
2021-06-02 09:27:48,4243.65,44311
2021-06-02 09:27:49,4246.35,44314
2021-06-02 09:27:50,4246.35,44314
2021-06-02 09:27:51,4246.35,44314
2021-06-02 09:27:52,4244.05,44365
2021-06-02 09:27:53,4244.1,44366
2021-06-02 09:27:53,4244.1,44366
2021-06-02 09:27:54,4244.1,44366
2021-06-02 09:27:56,4244.1,44366
2021-06-02 09:27:56,4244.1,44366
2021-06-02 09:27:57,4247.0,44381
2021-06-02 09:27:58,4247.0,44381
2021-06-02 09:27:59,4247.0,44382
2021-06-02 09:28:00,4244.5,44399
2021-06-02 09:28:01,4247.4,44839
2021-06-02 09:28:02,4246.5,44848
2021-06-02 09:28:04,4247.4,44849
2021-06-02 09:28:05,4248.45,44869
2021-06-02 09:28:06,4248.45,44869
2021-06-02 09:28:07,4249.9,44925
2021-06-02 09:28:07,4249.9,44931
2021-06-02 09:28:08,4248.5,44961
2021-06-02 09:28:09,4248.5,44961
2021-06-02 09:28:10,4249.9,44966
2021-06-02 09:28:11,4250.0,45054
2021-06-02 09:28:12,4250.0,45064
2021-06-02 09:28:13,4250.0,45066
2021-06-02 09:28:14,4250.0,45066
2021-06-02 09:28:16,4250.0,45073
2021-06-02 09:28:16,4250.0,45073
2021-06-02 09:28:17,4250.0,45208
2021-06-02 09:28:18,4248.5,45243
2021-06-02 09:28:19,4248.5,45243
2021-06-02 09:28:20,4248.5,45243
2021-06-02 09:28:21,4248.5,45243
2021-06-02 09:28:22,4248.5,45254
2021-06-02 09:28:23,4250.0,45765
2021-06-02 09:28:24,4250.0,45775
2021-06-02 09:28:25,4250.0,45792
2021-06-02 09:28:26,4251.95,45798
2021-06-02 09:28:27,4251.95,45798
2021-06-02 09:28:28,4252.0,45801
2021-06-02 09:28:29,4252.0,45809
2021-06-02 09:28:30,4252.0,45809
2021-06-02 09:28:31,4252.0,45809
2021-06-02 09:28:32,4252.0,45832
2021-06-02 09:28:33,4252.0,45853
2021-06-02 09:28:34,4252.0,45867
2021-06-02 09:28:36,4252.0,45887
2021-06-02 09:28:36,4252.0,45867
2021-06-02 09:28:38,4252.0,45924
2021-06-02 09:28:39,4252.0,45924
2021-06-02 09:28:40,4252.0,45939
2021-06-02 09:28:41,4252.0,45939
2021-06-02 09:28:42,4251.95,45961
2021-06-02 09:28:43,4252.0,45973
2021-06-02 09:28:44,4252.0,45992
2021-06-02 09:28:45,4252.0,45992
2021-06-02 09:28:46,4251.05,45993
2021-06-02 09:28:47,4251.05,46045
2021-06-02 09:28:48,4252.0,46095
2021-06-02 09:28:49,4252.0,46095
2021-06-02 09:28:50,4251.05,46100
2021-06-02 09:28:51,4251.05,46100
2021-06-02 09:28:52,4251.05,46100
2021-06-02 09:28:53,4251.05,46102
2021-06-02 09:28:54,4251.95,46104
2021-06-02 09:28:55,4251.95,46104
2021-06-02 09:28:56,4251.95,46108
2021-06-02 09:28:57,4251.5,46118
2021-06-02 09:28:57,4251.5,46118
2021-06-02 09:28:58,4252.0,46168
2021-06-02 09:28:59,4252.0,46193
2021-06-02 09:29:01,4252.0,46194
2021-06-02 09:29:02,4252.0,46196
2021-06-02 09:29:03,4252.0,46196
2021-06-02 09:29:04,4252.0,46248
2021-06-02 09:29:05,4252.0,46248
2021-06-02 09:29:06,4254.0,46545
2021-06-02 09:29:07,4254.0,46545
2021-06-02 09:29:08,4252.05,46636
2021-06-02 09:29:09,4252.0,46637
2021-06-02 09:29:10,4251.5,46669
2021-06-02 09:29:12,4251.6,46849
2021-06-02 09:29:13,4248.05,46863
2021-06-02 09:29:14,4248.05,46863
2021-06-02 09:29:15,4248.05,46863
2021-06-02 09:29:16,4250.1,46889
2021-06-02 09:29:17,4250.1,46889
2021-06-02 09:29:18,4250.35,46894
2021-06-02 09:29:19,4250.9,46954
2021-06-02 09:29:19,4250.9,46954
2021-06-02 09:29:21,4248.2,46991
2021-06-02 09:29:21,4248.05,47013
2021-06-02 09:29:22,4248.05,47013
2021-06-02 09:29:23,4247.05,47018
2021-06-02 09:29:24,4247.05,47018
2021-06-02 09:29:25,4249.35,47021
2021-06-02 09:29:26,4250.0,47121
2021-06-02 09:29:27,4250.0,47121
2021-06-02 09:29:28,4250.0,47123
2021-06-02 09:29:30,4247.45,47223
2021-06-02 09:29:31,4247.45,47223
2021-06-02 09:29:32,4247.25,47248
2021-06-02 09:29:32,4249.55,47251
2021-06-02 09:29:33,4246.75,47354
2021-06-02 09:29:34,4246.75,47354
2021-06-02 09:29:36,4246.75,47354
2021-06-02 09:29:36,4246.75,47354
2021-06-02 09:29:38,4247.0,47373
2021-06-02 09:29:39,4249.45,47420
2021-06-02 09:29:39,4249.45,47420
2021-06-02 09:29:41,4249.45,47420
2021-06-02 09:29:42,4249.45,47420
2021-06-02 09:29:43,4247.15,47422
2021-06-02 09:29:44,4247.15,47422
2021-06-02 09:29:45,4249.65,47452
2021-06-02 09:29:46,4249.65,47452
2021-06-02 09:29:47,4249.8,47471
2021-06-02 09:29:48,4249.8,47471
2021-06-02 09:29:49,4249.8,47471
2021-06-02 09:29:50,4249.8,47471
2021-06-02 09:29:51,4247.4,47559
2021-06-02 09:29:52,4247.4,47559
2021-06-02 09:29:53,4246.0,47561
2021-06-02 09:29:54,4246.0,47561
2021-06-02 09:29:56,4246.0,47561
2021-06-02 09:29:57,4246.8,47562
2021-06-02 09:29:58,4246.8,47562
2021-06-02 09:29:59,4246.8,47562
2021-06-02 09:30:00,4246.8,47569
2021-06-02 09:30:01,4246.8,47569
2021-06-02 09:30:02,4246.8,47570
2021-06-02 09:30:03,4246.0,47598
2021-06-02 09:30:04,4246.0,47608
2021-06-02 09:30:05,4245.3,47638
2021-06-02 09:30:06,4245.3,47638
2021-06-02 09:30:07,4246.8,47645
2021-06-02 09:30:08,4246.8,47645
2021-06-02 09:30:09,4245.3,47651
2021-06-02 09:30:10,4245.3,47651
2021-06-02 09:30:11,4245.0,47655
2021-06-02 09:30:12,4245.0,47657
2021-06-02 09:30:14,4245.0,47668
2021-06-02 09:30:15,4245.0,47668
2021-06-02 09:30:16,4245.0,47678
2021-06-02 09:30:17,4242.0,48498
2021-06-02 09:30:18,4241.05,48579
2021-06-02 09:30:18,4241.05,48579
2021-06-02 09:30:20,4241.05,48579
2021-06-02 09:30:21,4244.25,48626
2021-06-02 09:30:22,4244.25,48626
2021-06-02 09:30:23,4244.25,48626
2021-06-02 09:30:24,4244.25,48626
2021-06-02 09:30:25,4244.25,48627
2021-06-02 09:30:26,4241.55,48639
2021-06-02 09:30:27,4241.55,48639
2021-06-02 09:30:28,4241.55,48639
2021-06-02 09:30:29,4244.2,48661
2021-06-02 09:30:30,4244.2,48661
2021-06-02 09:30:31,4244.2,48661
2021-06-02 09:30:32,4244.2,48661
2021-06-02 09:30:33,4241.55,48676
2021-06-02 09:30:34,4243.95,48707
2021-06-02 09:30:35,4243.95,48707
2021-06-02 09:30:36,4241.4,48719
2021-06-02 09:30:37,4241.4,48719
2021-06-02 09:30:38,4243.9,48727
2021-06-02 09:30:39,4241.35,48737
2021-06-02 09:30:40,4241.35,48737
2021-06-02 09:30:41,4241.35,48737
2021-06-02 09:30:42,4241.6,48745
2021-06-02 09:30:43,4241.6,48745
2021-06-02 09:30:44,4241.6,48745
2021-06-02 09:30:45,4243.85,48754
2021-06-02 09:30:46,4241.8,48759
2021-06-02 09:30:47,4241.8,48784
2021-06-02 09:30:48,4241.85,48821
2021-06-02 09:30:49,4243.9,48827
2021-06-02 09:30:50,4243.8,48850
2021-06-02 09:30:51,4241.9,48857
2021-06-02 09:30:52,4241.9,48857
2021-06-02 09:30:53,4243.95,48925
2021-06-02 09:30:53,4243.95,48925
2021-06-02 09:30:55,4243.95,48940
2021-06-02 09:30:56,4243.95,48940
2021-06-02 09:30:57,4246.8,49343
2021-06-02 09:30:58,4246.35,49368
2021-06-02 09:30:59,4246.35,49495
2021-06-02 09:31:00,4245.6,49496
2021-06-02 09:31:01,4245.6,49496
2021-06-02 09:31:02,4245.6,49496
2021-06-02 09:31:03,4245.6,49496
2021-06-02 09:31:04,4245.6,49496
2021-06-02 09:31:05,4245.6,49496
2021-06-02 09:31:06,4245.8,49498
2021-06-02 09:31:07,4245.8,49498
2021-06-02 09:31:08,4245.8,49499
2021-06-02 09:31:09,4245.8,49499
2021-06-02 09:31:10,4247.95,49549
2021-06-02 09:31:11,4247.95,49549
2021-06-02 09:31:12,4247.95,49568
2021-06-02 09:31:13,4248.3,49598
2021-06-02 09:31:14,4248.3,49598
2021-06-02 09:31:15,4248.3,49598
2021-06-02 09:31:16,4248.3,49598
2021-06-02 09:31:17,4249.15,49636
2021-06-02 09:31:18,4249.3,49637
2021-06-02 09:31:19,4246.45,49787
2021-06-02 09:31:20,4248.95,49791
2021-06-02 09:31:21,4248.95,49791
2021-06-02 09:31:22,4248.95,49791
2021-06-02 09:31:23,4248.95,49791
2021-06-02 09:31:24,4248.95,49791
2021-06-02 09:31:25,4248.95,49791
2021-06-02 09:31:26,4248.95,49791
2021-06-02 09:31:27,4248.95,49791
2021-06-02 09:31:28,4248.95,49791
2021-06-02 09:31:29,4248.9,49928
2021-06-02 09:31:30,4248.9,49928
2021-06-02 09:31:31,4250.0,50321
2021-06-02 09:31:32,4251.6,50331
2021-06-02 09:31:34,4253.2,50384
2021-06-02 09:31:35,4253.35,50386
2021-06-02 09:31:36,4250.9,50480
2021-06-02 09:31:37,4253.2,50494
2021-06-02 09:31:38,4250.4,50509
2021-06-02 09:31:39,4250.35,50511
2021-06-02 09:31:40,4250.35,50511
2021-06-02 09:31:41,4250.4,50686
2021-06-02 09:31:42,4250.4,50686
2021-06-02 09:31:43,4250.4,50686
2021-06-02 09:31:44,4250.0,50717
2021-06-02 09:31:45,4250.0,50717
2021-06-02 09:31:46,4252.8,50759
2021-06-02 09:31:47,4252.8,50771
2021-06-02 09:31:48,4250.5,50774
2021-06-02 09:31:49,4250.5,50774
2021-06-02 09:31:50,4250.5,50849
2021-06-02 09:31:51,4250.5,50849
2021-06-02 09:31:52,4253.0,50852
2021-06-02 09:31:53,4253.0,50852
2021-06-02 09:31:54,4253.0,50862
2021-06-02 09:31:55,4251.1,50942
2021-06-02 09:31:56,4253.7,50979
2021-06-02 09:31:57,4253.7,50979
2021-06-02 09:31:58,4253.0,50985
2021-06-02 09:31:59,4253.0,50985
2021-06-02 09:32:00,4253.0,50985
2021-06-02 09:32:01,4253.0,51007
2021-06-02 09:32:02,4253.0,51007
2021-06-02 09:32:03,4253.0,51017
2021-06-02 09:32:04,4252.8,51244
2021-06-02 09:32:05,4252.8,51244
2021-06-02 09:32:06,4252.8,51244
2021-06-02 09:32:07,4253.0,51251
2021-06-02 09:32:08,4254.55,51375
2021-06-02 09:32:09,4251.7,51447
2021-06-02 09:32:10,4251.7,51447
2021-06-02 09:32:11,4251.9,51464
2021-06-02 09:32:12,4251.9,51464
2021-06-02 09:32:13,4251.9,51464
2021-06-02 09:32:14,4251.9,51464
2021-06-02 09:32:15,4254.45,51482
2021-06-02 09:32:16,4254.45,51482
2021-06-02 09:32:17,4255.0,52254
2021-06-02 09:32:18,4255.0,52254
2021-06-02 09:32:19,4255.0,52254
2021-06-02 09:32:20,4255.0,52284
2021-06-02 09:32:21,4255.0,52285
2021-06-02 09:32:22,4255.0,52285
2021-06-02 09:32:23,4252.45,52391
2021-06-02 09:32:24,4251.7,52491
2021-06-02 09:32:25,4254.9,52520
2021-06-02 09:32:26,4254.95,52529
2021-06-02 09:32:27,4254.0,52544
2021-06-02 09:32:28,4254.0,52544
2021-06-02 09:32:29,4254.0,52544
2021-06-02 09:32:30,4254.0,52544
2021-06-02 09:32:31,4254.0,52544
2021-06-02 09:32:32,4254.0,52549
2021-06-02 09:32:33,4254.0,52549
2021-06-02 09:32:34,4254.0,52569
2021-06-02 09:32:35,4254.0,52569
2021-06-02 09:32:36,4254.0,52595
2021-06-02 09:32:37,4253.9,52613
2021-06-02 09:32:38,4253.9,52613
2021-06-02 09:32:39,4252.0,52617
2021-06-02 09:32:40,4252.0,52617
2021-06-02 09:32:41,4253.5,52643
2021-06-02 09:32:42,4254.8,52743
2021-06-02 09:32:43,4254.8,52743
2021-06-02 09:32:44,4253.9,52745
2021-06-02 09:32:47,4252.45,52751
2021-06-02 09:32:48,4254.0,52771
2021-06-02 09:32:49,4254.0,52773
2021-06-02 09:32:50,4254.0,52773
2021-06-02 09:32:51,4252.0,52808
2021-06-02 09:32:52,4252.0,52808
2021-06-02 09:32:53,4254.0,52809
2021-06-02 09:32:54,4254.0,52811
2021-06-02 09:32:55,4252.0,52841
2021-06-02 09:32:56,4253.5,52862
2021-06-02 09:32:57,4253.95,52872
2021-06-02 09:32:58,4253.95,52872
2021-06-02 09:32:59,4254.0,52876
2021-06-02 09:33:00,4254.0,52951
2021-06-02 09:33:01,4254.0,52969
2021-06-02 09:33:02,4254.5,52992
2021-06-02 09:33:03,4254.5,52994
2021-06-02 09:33:04,4254.5,52994
2021-06-02 09:33:05,4254.5,52994
2021-06-02 09:33:06,4254.0,53010
2021-06-02 09:33:07,4258.0,54329
2021-06-02 09:33:08,4257.25,54454
2021-06-02 09:33:09,4257.35,54595
2021-06-02 09:33:10,4259.95,54618
2021-06-02 09:33:11,4260.0,54770
2021-06-02 09:33:12,4260.0,54787
2021-06-02 09:33:13,4261.9,55015
2021-06-02 09:33:14,4257.35,55549
2021-06-02 09:33:15,4260.15,55674
2021-06-02 09:33:16,4258.25,55737
2021-06-02 09:33:17,4259.95,55877
2021-06-02 09:33:18,4260.9,55898
2021-06-02 09:33:19,4261.95,55918
2021-06-02 09:33:20,4262.4,56038
2021-06-02 09:33:21,4259.5,56053
2021-06-02 09:33:22,4262.95,56253
2021-06-02 09:33:23,4259.85,56472
2021-06-02 09:33:24,4262.95,56504
2021-06-02 09:33:25,4263.0,56519
2021-06-02 09:33:26,4262.9,56546
2021-06-02 09:33:27,4262.9,56561
2021-06-02 09:33:28,4263.0,56634
2021-06-02 09:33:29,4263.0,56770
2021-06-02 09:33:31,4263.0,56831
2021-06-02 09:33:31,4263.0,56840
2021-06-02 09:33:32,4263.0,56851
2021-06-02 09:33:33,4263.4,56953
2021-06-02 09:33:34,4262.9,57050
2021-06-02 09:33:35,4262.9,57053
2021-06-02 09:33:36,4263.6,57057
2021-06-02 09:33:37,4264.75,57138
2021-06-02 09:33:38,4264.75,57169
2021-06-02 09:33:39,4264.95,57174
2021-06-02 09:33:40,4263.0,57232
2021-06-02 09:33:41,4264.8,57324
2021-06-02 09:33:42,4265.3,57688
2021-06-02 09:33:43,4265.65,57706
2021-06-02 09:33:45,4266.0,57746
2021-06-02 09:33:47,4266.0,57769
2021-06-02 09:33:47,4266.0,57773
2021-06-02 09:33:48,4265.65,57784
2021-06-02 09:33:49,4266.0,57835
2021-06-02 09:33:51,4266.0,57855
2021-06-02 09:33:51,4265.3,57862
2021-06-02 09:33:52,4263.55,57938
2021-06-02 09:33:53,4266.0,57970
2021-06-02 09:33:54,4266.0,57975
2021-06-02 09:33:55,4266.0,57990
2021-06-02 09:33:56,4267.15,58096
2021-06-02 09:33:57,4267.55,58112
2021-06-02 09:34:00,4266.25,58167
2021-06-02 09:34:01,4267.9,58168
2021-06-02 09:34:03,4267.9,58168
2021-06-02 09:34:03,4267.9,58168
2021-06-02 09:34:04,4266.0,58178
2021-06-02 09:34:05,4265.3,58190
2021-06-02 09:34:07,4267.85,58194
2021-06-02 09:34:07,4267.85,58194
2021-06-02 09:34:08,4267.85,58194
2021-06-02 09:34:09,4267.9,58366
2021-06-02 09:34:10,4268.0,58392
2021-06-02 09:34:11,4264.0,58921
2021-06-02 09:34:13,4264.35,59372
2021-06-02 09:34:13,4264.2,59555
2021-06-02 09:34:14,4264.2,59614
2021-06-02 09:34:15,4264.2,59638
2021-06-02 09:34:16,4264.2,59642
2021-06-02 09:34:17,4264.2,59643
2021-06-02 09:34:18,4264.2,59643
2021-06-02 09:34:19,4264.2,59643
2021-06-02 09:34:20,4264.6,59687
2021-06-02 09:34:21,4264.2,59732
2021-06-02 09:34:22,4264.35,59734
2021-06-02 09:34:23,4264.4,59761
2021-06-02 09:34:24,4265.0,59966
2021-06-02 09:34:25,4262.4,59975
2021-06-02 09:34:26,4263.0,60081
2021-06-02 09:34:27,4263.0,60081
2021-06-02 09:34:28,4265.2,60098
2021-06-02 09:34:29,4265.25,60101
2021-06-02 09:34:30,4263.0,60111
2021-06-02 09:34:31,4265.0,60123
2021-06-02 09:34:32,4265.2,60125
2021-06-02 09:34:33,4265.25,60127
2021-06-02 09:34:34,4265.25,60127
2021-06-02 09:34:35,4263.0,60136
2021-06-02 09:34:36,4264.35,60287
2021-06-02 09:34:37,4263.0,60290
2021-06-02 09:34:38,4264.95,60312
2021-06-02 09:34:39,4264.95,60348
2021-06-02 09:34:40,4264.95,60457
2021-06-02 09:34:41,4264.9,60508
2021-06-02 09:34:42,4264.9,60515
2021-06-02 09:34:43,4264.95,60566
2021-06-02 09:34:44,4261.3,60586
2021-06-02 09:34:45,4264.8,60588
2021-06-02 09:34:46,4264.8,60600
2021-06-02 09:34:47,4264.85,60612
2021-06-02 09:34:48,4264.9,60614
2021-06-02 09:34:49,4264.9,60614
2021-06-02 09:34:51,4263.0,60620
2021-06-02 09:34:50,4264.9,60614
2021-06-02 09:34:52,4263.0,60620
2021-06-02 09:34:53,4263.0,60620
2021-06-02 09:34:54,4263.0,60621
2021-06-02 09:34:55,4263.0,60621
2021-06-02 09:34:56,4263.0,60621
2021-06-02 09:34:57,4263.0,60621
2021-06-02 09:34:58,4263.0,60621
2021-06-02 09:34:59,4263.0,60630
2021-06-02 09:35:00,4263.0,60637
2021-06-02 09:35:01,4263.0,60643
2021-06-02 09:35:02,4264.85,60663
2021-06-02 09:35:03,4264.9,60666
2021-06-02 09:35:04,4264.9,60667
2021-06-02 09:35:05,4264.9,60667
2021-06-02 09:35:06,4264.9,60667
2021-06-02 09:35:07,4264.95,60687
2021-06-02 09:35:08,4263.0,60696
2021-06-02 09:35:09,4264.9,60724
2021-06-02 09:35:10,4264.9,60729
2021-06-02 09:35:11,4263.0,60765
2021-06-02 09:35:12,4264.9,60766
2021-06-02 09:35:14,4264.0,60782
2021-06-02 09:35:15,4263.0,60820
2021-06-02 09:35:17,4264.0,60821
2021-06-02 09:35:18,4263.0,60849
2021-06-02 09:35:18,4263.0,60849
2021-06-02 09:35:19,4264.4,60951
2021-06-02 09:35:20,4264.4,60972
2021-06-02 09:35:21,4262.5,61006
2021-06-02 09:35:22,4264.35,61013
2021-06-02 09:35:23,4264.35,61025
2021-06-02 09:35:24,4264.9,61297
2021-06-02 09:35:25,4261.3,61401
2021-06-02 09:35:26,4263.85,61411
2021-06-02 09:35:27,4263.9,61426
2021-06-02 09:35:28,4264.0,61428
2021-06-02 09:35:29,4261.65,61527
2021-06-02 09:35:30,4262.5,61541
2021-06-02 09:35:31,4261.65,61603
2021-06-02 09:35:32,4262.5,61613
2021-06-02 09:35:33,4262.5,61615
2021-06-02 09:35:34,4262.5,61615
2021-06-02 09:35:35,4261.65,61620
2021-06-02 09:35:36,4261.65,61994
2021-06-02 09:35:37,4262.3,62070
2021-06-02 09:35:38,4262.5,62087
2021-06-02 09:35:39,4262.5,62210
2021-06-02 09:35:40,4262.5,62227
2021-06-02 09:35:41,4261.65,62238
2021-06-02 09:35:42,4262.5,62241
2021-06-02 09:35:43,4262.5,62242
2021-06-02 09:35:44,4262.5,62258
2021-06-02 09:35:45,4261.65,62260
2021-06-02 09:35:46,4262.5,62261
2021-06-02 09:35:47,4261.65,62263
2021-06-02 09:35:48,4261.65,62263
2021-06-02 09:35:49,4261.65,62263
2021-06-02 09:35:51,4261.65,62335
2021-06-02 09:35:52,4262.5,62416
2021-06-02 09:35:52,4262.5,62336
2021-06-02 09:35:53,4262.9,62429
2021-06-02 09:35:54,4262.9,62431
2021-06-02 09:35:55,4262.5,62438
2021-06-02 09:35:56,4263.6,62439
2021-06-02 09:35:57,4262.5,62444
2021-06-02 09:35:58,4264.0,62446
2021-06-02 09:35:59,4262.5,62449
2021-06-02 09:36:00,4264.0,62450
2021-06-02 09:36:01,4264.0,62450
2021-06-02 09:36:02,4264.0,62450
2021-06-02 09:36:03,4264.0,62450
2021-06-02 09:36:04,4264.0,62466
2021-06-02 09:36:05,4264.0,62488
2021-06-02 09:36:06,4264.0,62491
2021-06-02 09:36:07,4264.0,62492
2021-06-02 09:36:08,4264.0,62494
2021-06-02 09:36:10,4264.0,62500
2021-06-02 09:36:11,4264.0,62508
2021-06-02 09:36:12,4264.0,62509
2021-06-02 09:36:13,4264.0,62509
2021-06-02 09:36:13,4264.0,62509
2021-06-02 09:36:14,4264.0,62590
2021-06-02 09:36:16,4264.0,62605
2021-06-02 09:36:17,4264.0,62609
2021-06-02 09:36:17,4264.0,62607
2021-06-02 09:36:18,4262.65,62622
2021-06-02 09:36:19,4264.0,62626
2021-06-02 09:36:20,4264.0,62627
2021-06-02 09:36:21,4264.0,62627
2021-06-02 09:36:22,4264.0,62691
2021-06-02 09:36:23,4264.0,62696
2021-06-02 09:36:24,4262.8,62723
2021-06-02 09:36:25,4262.8,62735
2021-06-02 09:36:27,4264.0,62750
2021-06-02 09:36:28,4264.0,62753
2021-06-02 09:36:29,4264.0,62753
2021-06-02 09:36:30,4263.9,62854
2021-06-02 09:36:31,4264.0,62871
2021-06-02 09:36:32,4264.0,62873
2021-06-02 09:36:33,4264.0,62874
2021-06-02 09:36:33,4264.0,62874
2021-06-02 09:36:35,4262.85,62883
2021-06-02 09:36:36,4262.85,62883
2021-06-02 09:36:37,4264.0,62903
2021-06-02 09:36:39,4264.4,63137
2021-06-02 09:36:40,4264.95,63207
2021-06-02 09:36:40,4264.95,63222
2021-06-02 09:36:42,4264.95,63235
2021-06-02 09:36:43,4264.95,63240
2021-06-02 09:36:44,4264.95,63242
2021-06-02 09:36:45,4264.0,63250
2021-06-02 09:36:46,4264.05,63252
2021-06-02 09:36:47,4264.3,63283
2021-06-02 09:36:48,4264.25,63314
2021-06-02 09:36:49,4264.45,63322
2021-06-02 09:36:49,4264.45,63322
2021-06-02 09:36:51,4264.0,63347
2021-06-02 09:36:51,4264.0,63347
2021-06-02 09:36:52,4264.0,63347
2021-06-02 09:36:53,4264.45,63390
2021-06-02 09:36:54,4264.45,63396
2021-06-02 09:36:56,4264.95,63399
2021-06-02 09:36:57,4264.95,63423
2021-06-02 09:36:57,4264.95,63423
2021-06-02 09:36:59,4264.95,63427
2021-06-02 09:36:59,4265.0,63428
2021-06-02 09:37:01,4265.0,63431
2021-06-02 09:37:01,4265.0,63431
2021-06-02 09:37:02,4265.0,63442
2021-06-02 09:37:03,4265.0,63478
2021-06-02 09:37:04,4264.1,63503
2021-06-02 09:37:06,4265.0,63507
2021-06-02 09:37:07,4265.0,63537
2021-06-02 09:37:08,4264.95,63569
2021-06-02 09:37:08,4265.65,63574
2021-06-02 09:37:11,4266.0,63602
2021-06-02 09:37:12,4265.0,63603
2021-06-02 09:37:13,4266.0,63605
2021-06-02 09:37:14,4266.0,63605
2021-06-02 09:37:15,4266.0,63607
2021-06-02 09:37:16,4266.0,63611
2021-06-02 09:37:17,4266.0,63662
2021-06-02 09:37:18,4266.0,63665
2021-06-02 09:37:19,4266.0,63681
2021-06-02 09:37:19,4266.4,63683
2021-06-02 09:37:20,4266.4,63693
2021-06-02 09:37:21,4267.0,63938
2021-06-02 09:37:22,4267.6,64216
2021-06-02 09:37:23,4268.0,64260
2021-06-02 09:37:24,4268.0,64266
2021-06-02 09:37:26,4269.65,64531
2021-06-02 09:37:26,4269.65,64531
2021-06-02 09:37:27,4269.65,64569
2021-06-02 09:37:28,4269.0,64623
2021-06-02 09:37:29,4269.65,64647
2021-06-02 09:37:30,4269.95,64651
2021-06-02 09:37:31,4269.0,64701
2021-06-02 09:37:32,4269.25,65142
2021-06-02 09:37:34,4269.05,65202
2021-06-02 09:37:35,4270.0,65207
2021-06-02 09:37:36,4270.7,65236
2021-06-02 09:37:37,4271.0,65248
2021-06-02 09:37:38,4269.4,65285
2021-06-02 09:37:39,4269.4,65304
2021-06-02 09:37:39,4269.4,65304
2021-06-02 09:37:40,4272.7,65422
2021-06-02 09:37:41,4270.15,65470
2021-06-02 09:37:42,4270.15,65481
2021-06-02 09:37:44,4271.95,65533
2021-06-02 09:37:45,4272.0,65550
2021-06-02 09:37:46,4272.75,65653
2021-06-02 09:37:47,4272.0,65668
2021-06-02 09:37:48,4272.0,65670
2021-06-02 09:37:49,4272.0,65670
2021-06-02 09:37:50,4272.0,65767
2021-06-02 09:37:51,4274.55,67248
2021-06-02 09:37:52,4274.85,67414
2021-06-02 09:37:52,4272.4,67334
2021-06-02 09:37:53,4274.75,67526
2021-06-02 09:37:54,4274.75,67542
2021-06-02 09:37:56,4272.6,67574
2021-06-02 09:37:57,4272.7,67740
2021-06-02 09:37:57,4274.85,67762
2021-06-02 09:37:58,4275.0,67777
2021-06-02 09:37:59,4273.15,67803
2021-06-02 09:38:00,4273.0,67891
2021-06-02 09:38:01,4275.0,67903
2021-06-02 09:38:02,4275.0,67985
2021-06-02 09:38:03,4275.0,67996
2021-06-02 09:38:04,4275.4,68080
2021-06-02 09:38:05,4275.4,68091
2021-06-02 09:38:07,4274.95,68102
2021-06-02 09:38:08,4274.95,68122
2021-06-02 09:38:09,4273.75,68174
2021-06-02 09:38:09,4273.3,68218
2021-06-02 09:38:10,4273.35,68224
2021-06-02 09:38:12,4275.0,68264
2021-06-02 09:38:13,4275.0,68270
2021-06-02 09:38:13,4274.6,68663
2021-06-02 09:38:14,4275.0,68674
2021-06-02 09:38:15,4276.1,68708
2021-06-02 09:38:16,4275.0,68760
2021-06-02 09:38:17,4276.7,68803
2021-06-02 09:38:18,4274.6,68855
2021-06-02 09:38:20,4276.95,68867
2021-06-02 09:38:21,4276.0,68874
2021-06-02 09:38:21,4276.0,68874
2021-06-02 09:38:23,4276.95,68877
2021-06-02 09:38:24,4276.95,68878
2021-06-02 09:38:25,4276.95,68884
2021-06-02 09:38:25,4276.95,68884
2021-06-02 09:38:26,4276.0,69032
2021-06-02 09:38:27,4277.0,69044
2021-06-02 09:38:28,4277.0,69047
2021-06-02 09:38:29,4277.7,69097
2021-06-02 09:38:30,4277.75,69100
2021-06-02 09:38:31,4276.95,69223
2021-06-02 09:38:32,4277.75,69258
2021-06-02 09:38:33,4276.0,69291
2021-06-02 09:38:34,4275.0,69388
2021-06-02 09:38:35,4277.5,69412
2021-06-02 09:38:37,4278.0,69519
2021-06-02 09:38:37,4278.0,69519
2021-06-02 09:38:38,4278.4,69529
2021-06-02 09:38:39,4278.0,70595
2021-06-02 09:38:40,4280.0,70689
2021-06-02 09:38:41,4280.0,70741
2021-06-02 09:38:43,4278.0,70765
2021-06-02 09:38:44,4280.0,70770
2021-06-02 09:38:45,4278.0,70820
2021-06-02 09:38:46,4278.0,70867
2021-06-02 09:38:47,4278.0,70867
2021-06-02 09:38:48,4278.0,70867
2021-06-02 09:38:49,4278.0,70867
2021-06-02 09:38:49,4278.0,70867
2021-06-02 09:38:50,4280.0,70917
2021-06-02 09:38:51,4278.1,70969
2021-06-02 09:38:52,4280.0,71024
2021-06-02 09:38:54,4277.8,72056
2021-06-02 09:38:55,4277.3,72072
2021-06-02 09:38:55,4277.3,72099
2021-06-02 09:38:57,4277.7,72329
2021-06-02 09:38:57,4277.7,72343
2021-06-02 09:38:58,4278.4,72348
2021-06-02 09:39:00,4279.05,72385
2021-06-02 09:39:00,4279.05,72385
2021-06-02 09:39:01,4275.6,72396
2021-06-02 09:39:02,4279.5,72443
2021-06-02 09:39:03,4279.55,72513
2021-06-02 09:39:05,4279.45,72522
2021-06-02 09:39:06,4275.0,73289
2021-06-02 09:39:07,4275.3,73425
2021-06-02 09:39:08,4277.75,73449
2021-06-02 09:39:09,4277.65,73452
2021-06-02 09:39:10,4275.0,73461
2021-06-02 09:39:10,4275.0,73498
2021-06-02 09:39:11,4277.65,73501
2021-06-02 09:39:12,4274.0,73620
2021-06-02 09:39:14,4276.5,73625
2021-06-02 09:39:14,4276.5,73624
2021-06-02 09:39:16,4276.9,73725
2021-06-02 09:39:17,4273.55,73727
2021-06-02 09:39:18,4277.35,73741
2021-06-02 09:39:19,4274.85,73748
2021-06-02 09:39:20,4274.85,73751
2021-06-02 09:39:21,4274.85,73762
2021-06-02 09:39:22,4274.85,73764
2021-06-02 09:39:22,4274.85,73764
2021-06-02 09:39:24,4274.2,73825
2021-06-02 09:39:25,4275.9,73831
2021-06-02 09:39:25,4275.9,73833
2021-06-02 09:39:26,4273.6,73881
2021-06-02 09:39:28,4273.7,73893
2021-06-02 09:39:30,4276.0,73923
2021-06-02 09:39:31,4274.25,74001
2021-06-02 09:39:32,4274.25,74127
2021-06-02 09:39:32,4275.0,74137
2021-06-02 09:39:33,4276.0,74138
2021-06-02 09:39:34,4274.25,74152
2021-06-02 09:39:36,4273.3,74209
2021-06-02 09:39:37,4273.55,74216
2021-06-02 09:39:38,4275.85,74231
2021-06-02 09:39:39,4275.8,74234
2021-06-02 09:39:41,4275.25,74266
2021-06-02 09:39:42,4275.8,74269
2021-06-02 09:39:43,4275.95,74270
2021-06-02 09:39:44,4275.95,74270
2021-06-02 09:39:45,4275.95,74270
2021-06-02 09:39:45,4275.0,74280
2021-06-02 09:39:47,4275.0,74281
2021-06-02 09:39:48,4275.0,74282
2021-06-02 09:39:49,4273.05,74297
2021-06-02 09:39:50,4272.45,74567
2021-06-02 09:39:51,4272.7,74684
2021-06-02 09:39:52,4273.7,74689
2021-06-02 09:39:53,4273.9,74707
2021-06-02 09:39:54,4273.9,74710
2021-06-02 09:39:55,4273.9,74710
2021-06-02 09:39:55,4273.9,74710
2021-06-02 09:39:56,4275.0,74751
2021-06-02 09:39:58,4273.55,74862
2021-06-02 09:39:59,4273.55,74877
2021-06-02 09:40:00,4274.9,74979
2021-06-02 09:40:01,4273.0,75003
2021-06-02 09:40:01,4275.0,75007
2021-06-02 09:40:02,4273.1,75031
2021-06-02 09:40:03,4275.0,75059
2021-06-02 09:40:05,4275.0,75073
2021-06-02 09:40:06,4271.3,75584
2021-06-02 09:40:07,4273.1,75625
2021-06-02 09:40:08,4271.8,75679
2021-06-02 09:40:09,4274.65,75706
2021-06-02 09:40:09,4274.65,75706
2021-06-02 09:40:11,4274.75,75710
2021-06-02 09:40:11,4274.75,75710
2021-06-02 09:40:12,4274.0,75711
2021-06-02 09:40:13,4274.0,75711
2021-06-02 09:40:14,4274.0,75717
2021-06-02 09:40:15,4273.55,75828
2021-06-02 09:40:16,4273.55,75828
2021-06-02 09:40:18,4273.6,75836
2021-06-02 09:40:19,4270.05,75973
2021-06-02 09:40:20,4273.2,75990
2021-06-02 09:40:21,4273.75,75992
2021-06-02 09:40:22,4273.0,76002
2021-06-02 09:40:23,4273.0,76004
2021-06-02 09:40:24,4273.0,76005
2021-06-02 09:40:25,4273.0,76015
2021-06-02 09:40:27,4273.0,76116
2021-06-02 09:40:28,4273.0,76130
2021-06-02 09:40:29,4273.0,76131
2021-06-02 09:40:31,4271.8,76313
2021-06-02 09:40:31,4271.8,76320
2021-06-02 09:40:32,4271.0,76351
2021-06-02 09:40:33,4271.0,76351
2021-06-02 09:40:34,4271.0,76351
2021-06-02 09:40:35,4271.0,76356
2021-06-02 09:40:37,4271.8,76358
2021-06-02 09:40:38,4271.0,76363
2021-06-02 09:40:39,4271.8,76365
2021-06-02 09:40:40,4271.0,76390
2021-06-02 09:40:41,4270.05,76490
2021-06-02 09:40:42,4269.3,76590
2021-06-02 09:40:43,4269.3,76590
2021-06-02 09:40:44,4272.2,76600
2021-06-02 09:40:45,4269.4,76639
2021-06-02 09:40:46,4269.4,76639
2021-06-02 09:40:47,4270.0,76669
2021-06-02 09:40:47,4270.0,76669
2021-06-02 09:40:49,4269.1,76774
2021-06-02 09:40:50,4269.1,76774
2021-06-02 09:40:50,4269.1,76774
2021-06-02 09:40:52,4271.85,76804
2021-06-02 09:40:53,4269.2,76808
2021-06-02 09:40:54,4270.0,76905
2021-06-02 09:40:55,4270.0,76905
2021-06-02 09:40:56,4268.35,77020
2021-06-02 09:40:57,4265.65,77064
2021-06-02 09:40:58,4269.0,77612
2021-06-02 09:40:59,4269.0,77612
2021-06-02 09:41:00,4266.6,77641
2021-06-02 09:41:01,4266.6,77641
2021-06-02 09:41:01,4266.6,77641
2021-06-02 09:41:02,4269.5,77660
2021-06-02 09:41:04,4268.35,77666
2021-06-02 09:41:04,4265.2,78200
2021-06-02 09:41:05,4265.2,78200
2021-06-02 09:41:06,4268.85,78222
2021-06-02 09:41:07,4268.85,78224
2021-06-02 09:41:09,4266.6,78277
2021-06-02 09:41:09,4268.4,78329
2021-06-02 09:41:10,4268.4,78329
2021-06-02 09:41:11,4268.8,78339
2021-06-02 09:41:13,4268.8,78339
2021-06-02 09:41:14,4268.8,78339
2021-06-02 09:41:15,4266.6,78359
2021-06-02 09:41:16,4266.6,78542
2021-06-02 09:41:17,4266.6,78542
2021-06-02 09:41:18,4266.6,78631
2021-06-02 09:41:19,4265.0,78813
2021-06-02 09:41:20,4265.0,78841
2021-06-02 09:41:21,4265.0,78841
2021-06-02 09:41:22,4265.0,78841
2021-06-02 09:41:22,4265.0,78841
2021-06-02 09:41:23,4267.0,78871
2021-06-02 09:41:24,4267.0,78871
2021-06-02 09:41:26,4265.0,78891
2021-06-02 09:41:27,4267.0,78901
2021-06-02 09:41:28,4267.0,78901
2021-06-02 09:41:29,4264.15,79029
2021-06-02 09:41:30,4264.15,79029
2021-06-02 09:41:31,4264.15,79029
2021-06-02 09:41:32,4264.15,79029
2021-06-02 09:41:33,4265.0,79031
2021-06-02 09:41:34,4264.05,79063
2021-06-02 09:41:35,4265.4,79064
2021-06-02 09:41:36,4265.4,79064
2021-06-02 09:41:37,4265.4,79064
2021-06-02 09:41:38,4264.1,79074
2021-06-02 09:41:39,4263.8,79486
2021-06-02 09:41:40,4262.0,79489
2021-06-02 09:41:41,4264.05,79514
2021-06-02 09:41:42,4264.05,79514
2021-06-02 09:41:43,4264.4,79614
2021-06-02 09:41:44,4264.4,79614
2021-06-02 09:41:46,4264.15,79616
2021-06-02 09:41:45,4264.15,79616
2021-06-02 09:41:47,4264.1,79666
2021-06-02 09:41:48,4264.1,79777
2021-06-02 09:41:49,4260.65,80219
2021-06-02 09:41:50,4262.8,80222
2021-06-02 09:41:51,4262.8,80222
2021-06-02 09:41:52,4264.75,80377
2021-06-02 09:41:53,4264.75,80377
2021-06-02 09:41:54,4264.75,80377
2021-06-02 09:41:56,4261.3,80427
2021-06-02 09:41:57,4262.05,80429
2021-06-02 09:41:58,4262.75,80479
2021-06-02 09:41:59,4260.7,80537
2021-06-02 09:42:00,4260.7,80537
2021-06-02 09:42:01,4260.7,80537
2021-06-02 09:42:02,4262.0,80542
2021-06-02 09:42:03,4262.0,80542
2021-06-02 09:42:04,4262.0,80542
2021-06-02 09:42:05,4262.0,80542
2021-06-02 09:42:06,4262.0,80542
2021-06-02 09:42:07,4262.0,80551
2021-06-02 09:42:08,4260.7,80561
2021-06-02 09:42:09,4260.7,80562
2021-06-02 09:42:10,4260.65,80563
2021-06-02 09:42:11,4260.65,80563
2021-06-02 09:42:12,4260.65,80563
2021-06-02 09:42:13,4260.65,80563
2021-06-02 09:42:14,4260.65,80563
2021-06-02 09:42:15,4260.65,80563
2021-06-02 09:42:16,4262.0,80614
2021-06-02 09:42:18,4261.0,80664
2021-06-02 09:42:19,4261.0,80664
2021-06-02 09:42:21,4261.0,80669
2021-06-02 09:42:22,4261.0,80669
2021-06-02 09:42:23,4262.4,80688
2021-06-02 09:42:24,4263.15,80736
2021-06-02 09:42:25,4263.15,80736
2021-06-02 09:42:26,4263.15,80736
2021-06-02 09:42:27,4262.0,80741
2021-06-02 09:42:28,4262.0,80741
2021-06-02 09:42:29,4262.0,80741
2021-06-02 09:42:30,4258.8,82775
2021-06-02 09:42:31,4258.8,82775
2021-06-02 09:42:32,4259.55,82800
2021-06-02 09:42:33,4259.55,82800
2021-06-02 09:42:34,4259.55,82800
2021-06-02 09:42:35,4257.3,82900
2021-06-02 09:42:36,4259.4,82917
2021-06-02 09:42:37,4259.4,82917
2021-06-02 09:42:38,4259.4,82917
2021-06-02 09:42:39,4259.4,82917
2021-06-02 09:42:40,4259.4,82917
2021-06-02 09:42:41,4257.55,82918
2021-06-02 09:42:42,4257.55,82918
2021-06-02 09:42:43,4259.6,82954
2021-06-02 09:42:44,4257.55,82956
2021-06-02 09:42:45,4259.6,82975
2021-06-02 09:42:46,4258.0,82978
2021-06-02 09:42:47,4258.0,82978
2021-06-02 09:42:48,4258.0,83023
2021-06-02 09:42:49,4259.5,83048
2021-06-02 09:42:50,4258.0,83059
2021-06-02 09:42:51,4259.0,83069
2021-06-02 09:42:52,4259.5,83094
2021-06-02 09:42:53,4260.4,83241
2021-06-02 09:42:54,4261.6,83258
2021-06-02 09:42:55,4261.6,83258
2021-06-02 09:42:56,4261.6,83258
2021-06-02 09:42:57,4261.6,83258
2021-06-02 09:42:58,4261.6,83258
2021-06-02 09:42:59,4260.05,83358
2021-06-02 09:43:00,4262.0,83359
2021-06-02 09:43:01,4261.6,83361
2021-06-02 09:43:02,4262.0,83411
2021-06-02 09:43:03,4262.0,83411
2021-06-02 09:43:04,4262.0,83411
2021-06-02 09:43:05,4262.4,83473
2021-06-02 09:43:06,4262.4,83473
2021-06-02 09:43:07,4262.0,83590
2021-06-02 09:43:08,4264.1,83600
2021-06-02 09:43:09,4261.6,83650
2021-06-02 09:43:10,4261.6,83650
2021-06-02 09:43:11,4264.0,83655
2021-06-02 09:43:12,4264.0,83655
2021-06-02 09:43:13,4264.0,83672
2021-06-02 09:43:14,4264.0,83672
2021-06-02 09:43:15,4264.0,83692
2021-06-02 09:43:16,4262.4,83702
2021-06-02 09:43:17,4262.4,83702
2021-06-02 09:43:18,4262.4,83722
2021-06-02 09:43:19,4262.4,83736
2021-06-02 09:43:20,4262.0,83760
2021-06-02 09:43:21,4262.0,83761
2021-06-02 09:43:22,4262.0,83787
2021-06-02 09:43:23,4262.0,83787
2021-06-02 09:43:24,4265.0,83950
2021-06-02 09:43:25,4264.0,83957
2021-06-02 09:43:26,4264.0,83957
2021-06-02 09:43:27,4266.8,83986
2021-06-02 09:43:28,4264.3,84007
2021-06-02 09:43:29,4264.3,84029
2021-06-02 09:43:30,4264.05,84049
2021-06-02 09:43:31,4264.05,84049
2021-06-02 09:43:32,4266.75,84050
2021-06-02 09:43:33,4266.75,84050
2021-06-02 09:43:34,4266.75,84050
2021-06-02 09:43:35,4266.8,84065
2021-06-02 09:43:36,4266.8,84065
2021-06-02 09:43:37,4266.8,84065
2021-06-02 09:43:38,4266.8,84065
2021-06-02 09:43:39,4264.15,84070
2021-06-02 09:43:41,4264.15,84070
2021-06-02 09:43:41,4264.15,84070
2021-06-02 09:43:42,4264.15,84070
2021-06-02 09:43:43,4264.15,84070
2021-06-02 09:43:44,4266.8,84124
2021-06-02 09:43:45,4264.15,84129
2021-06-02 09:43:46,4264.15,84130
2021-06-02 09:43:47,4266.5,84136
2021-06-02 09:43:48,4266.75,84236
2021-06-02 09:43:50,4266.75,84236
2021-06-02 09:43:50,4266.75,84236
2021-06-02 09:43:51,4265.4,84248
2021-06-02 09:43:52,4266.0,84249
2021-06-02 09:43:53,4266.0,84249
2021-06-02 09:43:54,4266.5,84265
2021-06-02 09:43:55,4266.5,84285
2021-06-02 09:43:56,4266.8,84291
2021-06-02 09:43:58,4266.8,84304
2021-06-02 09:43:58,4266.8,84304
2021-06-02 09:43:59,4266.8,84304
2021-06-02 09:44:00,4266.0,84306
2021-06-02 09:44:01,4266.8,84329
2021-06-02 09:44:02,4259.05,86979
2021-06-02 09:44:03,4260.0,88082
2021-06-02 09:44:04,4257.0,88679
2021-06-02 09:44:06,4257.0,88679
2021-06-02 09:44:07,4257.0,88679
2021-06-02 09:44:07,4257.0,88679
2021-06-02 09:44:08,4257.0,88679
2021-06-02 09:44:10,4257.0,88679
2021-06-02 09:44:10,4257.0,88679
2021-06-02 09:44:11,4254.7,90006
2021-06-02 09:44:12,4254.7,90006
2021-06-02 09:44:13,4254.7,90006
2021-06-02 09:44:14,4254.75,90056
2021-06-02 09:44:16,4253.5,90077
2021-06-02 09:44:17,4249.95,91324
2021-06-02 09:44:18,4250.0,91396
2021-06-02 09:44:19,4250.0,91446
2021-06-02 09:44:20,4250.0,91446
2021-06-02 09:44:21,4247.05,91477
2021-06-02 09:44:22,4247.0,91510
2021-06-02 09:44:24,4246.0,91608
2021-06-02 09:44:24,4246.0,91608
2021-06-02 09:44:25,4246.0,91608
2021-06-02 09:44:26,4247.6,91691
2021-06-02 09:44:27,4247.6,91711
2021-06-02 09:44:28,4247.6,91716
2021-06-02 09:44:29,4247.6,91735
2021-06-02 09:44:30,4247.6,91735
2021-06-02 09:44:31,4248.0,91839
2021-06-02 09:44:32,4248.4,91896
2021-06-02 09:44:33,4249.2,92026
2021-06-02 09:44:34,4249.2,92039
2021-06-02 09:44:35,4250.0,92956
2021-06-02 09:44:37,4250.0,93041
2021-06-02 09:44:37,4250.0,93041
2021-06-02 09:44:38,4250.0,93071
2021-06-02 09:44:39,4250.0,93303
2021-06-02 09:44:40,4250.4,96087
2021-06-02 09:44:41,4252.0,96089
2021-06-02 09:44:42,4251.5,96164
2021-06-02 09:44:43,4251.5,96164
2021-06-02 09:44:44,4251.5,96164
2021-06-02 09:44:45,4250.0,96366
2021-06-02 09:44:47,4249.2,96376
2021-06-02 09:44:48,4250.0,96381
2021-06-02 09:44:49,4250.0,96438
2021-06-02 09:44:50,4249.9,96475
2021-06-02 09:44:51,4247.6,96500
2021-06-02 09:44:52,4249.0,96503
2021-06-02 09:44:53,4247.6,96516
2021-06-02 09:44:54,4249.0,96522
2021-06-02 09:44:55,4247.6,96528
2021-06-02 09:44:56,4246.95,96558
2021-06-02 09:44:57,4247.0,97046
2021-06-02 09:44:58,4245.75,97074
2021-06-02 09:45:00,4245.75,97074
2021-06-02 09:45:00,4245.75,97074
2021-06-02 09:45:01,4245.65,97294
2021-06-02 09:45:02,4245.0,97400
2021-06-02 09:45:03,4245.0,97400
2021-06-02 09:45:04,4245.0,97400
2021-06-02 09:45:05,4245.0,97400
2021-06-02 09:45:06,4248.25,97450
2021-06-02 09:45:07,4245.25,97465
2021-06-02 09:45:08,4245.1,97471
2021-06-02 09:45:09,4246.65,97889
2021-06-02 09:45:10,4246.8,97890
2021-06-02 09:45:11,4245.0,97915
2021-06-02 09:45:12,4247.6,98096
2021-06-02 09:45:14,4245.1,98098
2021-06-02 09:45:14,4245.1,98098
2021-06-02 09:45:16,4245.1,98098
2021-06-02 09:45:16,4245.1,98098
2021-06-02 09:45:17,4245.1,98098
2021-06-02 09:45:18,4245.1,98098
2021-06-02 09:45:19,4245.1,98098
2021-06-02 09:45:20,4245.1,98098
2021-06-02 09:45:21,4245.3,98119
2021-06-02 09:45:22,4247.35,98160
2021-06-02 09:45:23,4247.35,98173
2021-06-02 09:45:25,4245.3,98178
2021-06-02 09:45:24,4245.3,98178
2021-06-02 09:45:26,4245.3,98178
2021-06-02 09:45:27,4245.3,98179
2021-06-02 09:45:28,4245.3,98179
2021-06-02 09:45:29,4245.3,98179
2021-06-02 09:45:30,4245.0,98324
2021-06-02 09:45:31,4245.0,98329
2021-06-02 09:45:33,4247.25,98332
2021-06-02 09:45:34,4247.2,98342
2021-06-02 09:45:35,4245.3,98362
2021-06-02 09:45:36,4245.3,98362
2021-06-02 09:45:36,4245.3,98362
2021-06-02 09:45:37,4244.0,98433
2021-06-02 09:45:38,4244.0,98433
2021-06-02 09:45:39,4247.35,98700
2021-06-02 09:45:40,4244.8,98740
2021-06-02 09:45:41,4244.85,98745
2021-06-02 09:45:42,4244.85,98745
2021-06-02 09:45:43,4244.85,98745
2021-06-02 09:45:44,4247.35,98750
2021-06-02 09:45:45,4247.35,98750
2021-06-02 09:45:46,4247.9,98800
2021-06-02 09:45:47,4245.75,98802
2021-06-02 09:45:48,4245.75,98802
2021-06-02 09:45:49,4247.0,98810
2021-06-02 09:45:50,4248.1,98812
2021-06-02 09:45:51,4245.8,98852
2021-06-02 09:45:52,4245.8,98852
2021-06-02 09:45:54,4247.0,98872
2021-06-02 09:45:55,4247.0,98872
2021-06-02 09:45:56,4247.0,98872
2021-06-02 09:45:58,4247.0,98873
2021-06-02 09:45:59,4245.05,98903
2021-06-02 09:46:00,4245.05,98903
2021-06-02 09:46:01,4247.4,98925
2021-06-02 09:46:02,4246.0,98926
2021-06-02 09:46:03,4247.4,98928
2021-06-02 09:46:03,4247.4,98935
2021-06-02 09:46:04,4247.4,98935
2021-06-02 09:46:05,4247.4,98936
2021-06-02 09:46:06,4247.4,98936
2021-06-02 09:46:07,4247.4,98936
2021-06-02 09:46:08,4248.25,98986
2021-06-02 09:46:09,4248.25,98986
2021-06-02 09:46:10,4248.25,98986
2021-06-02 09:46:11,4248.25,98986
2021-06-02 09:46:12,4248.25,98986
2021-06-02 09:46:13,4249.05,99096
2021-06-02 09:46:14,4249.95,99790
2021-06-02 09:46:15,4250.0,99791
2021-06-02 09:46:16,4250.0,99823
2021-06-02 09:46:17,4250.0,99823
2021-06-02 09:46:18,4250.0,99828
2021-06-02 09:46:20,4250.0,99923
2021-06-02 09:46:21,4247.9,99933
2021-06-02 09:46:21,4250.0,99936
2021-06-02 09:46:22,4250.0,99986
2021-06-02 09:46:23,4250.0,99986
2021-06-02 09:46:24,4250.0,99986
2021-06-02 09:46:25,4250.0,99986
2021-06-02 09:46:27,4250.0,99989
2021-06-02 09:46:28,4250.0,99989
2021-06-02 09:46:29,4250.0,99989
2021-06-02 09:46:30,4250.0,99996
2021-06-02 09:46:31,4250.0,99996
2021-06-02 09:46:32,4250.0,99996
2021-06-02 09:46:33,4250.0,99996
2021-06-02 09:46:35,4250.0,99996
2021-06-02 09:46:36,4250.0,100016
2021-06-02 09:46:37,4250.0,100016
2021-06-02 09:46:37,4250.0,100016
2021-06-02 09:46:38,4247.85,100064
2021-06-02 09:46:39,4247.85,100064
2021-06-02 09:46:40,4247.35,100099
2021-06-02 09:46:41,4249.0,100124
2021-06-02 09:46:42,4249.0,100124
2021-06-02 09:46:45,4249.0,100127
2021-06-02 09:46:45,4249.0,100127
2021-06-02 09:46:46,4249.0,100127
2021-06-02 09:46:47,4248.0,100131
2021-06-02 09:46:48,4248.0,100131
2021-06-02 09:46:50,4248.0,100131
2021-06-02 09:46:51,4248.0,100300
2021-06-02 09:46:51,4248.25,100319
2021-06-02 09:46:52,4247.15,100349
2021-06-02 09:46:53,4247.15,100349
2021-06-02 09:46:54,4249.7,100449
2021-06-02 09:46:56,4249.7,100449
2021-06-02 09:46:57,4249.7,100449
2021-06-02 09:46:57,4248.0,100463
2021-06-02 09:46:58,4248.0,100463
2021-06-02 09:46:59,4248.0,100463
2021-06-02 09:47:01,4248.0,100463
2021-06-02 09:47:02,4248.0,100463
2021-06-02 09:47:02,4248.0,100463
2021-06-02 09:47:03,4248.0,100463
2021-06-02 09:47:04,4249.75,100467
2021-06-02 09:47:07,4249.8,100477
2021-06-02 09:47:08,4249.8,100477
2021-06-02 09:47:08,4249.8,100477
2021-06-02 09:47:09,4249.8,100477
2021-06-02 09:47:10,4249.8,100477
2021-06-02 09:47:12,4247.9,100607
2021-06-02 09:47:14,4247.5,100619
2021-06-02 09:47:15,4247.0,100853
2021-06-02 09:47:15,4247.0,100853
2021-06-02 09:47:16,4249.15,100923
2021-06-02 09:47:17,4249.3,100943
2021-06-02 09:47:18,4249.3,100943
2021-06-02 09:47:19,4246.85,100945
2021-06-02 09:47:20,4246.85,100945
2021-06-02 09:47:21,4246.85,100945
2021-06-02 09:47:23,4246.85,100945
2021-06-02 09:47:23,4246.85,100945
2021-06-02 09:47:25,4246.85,100945
2021-06-02 09:47:26,4246.85,100945
2021-06-02 09:47:26,4246.85,100945
2021-06-02 09:47:27,4246.85,100945
2021-06-02 09:47:28,4246.85,100945
2021-06-02 09:47:29,4246.85,100945
2021-06-02 09:47:31,4249.5,100951
2021-06-02 09:47:32,4250.0,101938
2021-06-02 09:47:32,4250.0,101938
2021-06-02 09:47:33,4250.0,101938
2021-06-02 09:47:34,4250.0,101938
2021-06-02 09:47:35,4249.9,101939
2021-06-02 09:47:36,4249.9,101939
2021-06-02 09:47:37,4249.9,101939
2021-06-02 09:47:39,4249.5,102158
2021-06-02 09:47:40,4249.7,102160
2021-06-02 09:47:40,4249.5,102158
2021-06-02 09:47:41,4249.7,102163
2021-06-02 09:47:42,4249.7,102164
2021-06-02 09:47:43,4249.7,102164
2021-06-02 09:47:44,4249.7,102164
2021-06-02 09:47:45,4249.7,102166
2021-06-02 09:47:46,4249.7,102170
2021-06-02 09:47:48,4249.7,102170
2021-06-02 09:47:49,4249.7,102170
2021-06-02 09:47:50,4249.7,102170
2021-06-02 09:47:50,4249.7,102170
2021-06-02 09:47:51,4249.0,102172
2021-06-02 09:47:52,4249.0,102182
2021-06-02 09:47:53,4249.7,102192
2021-06-02 09:47:55,4249.7,102192
2021-06-02 09:47:56,4249.85,102232
2021-06-02 09:47:57,4249.85,102232
2021-06-02 09:47:58,4249.85,102232
2021-06-02 09:47:59,4249.85,102232
2021-06-02 09:47:59,4250.0,102250
2021-06-02 09:48:00,4250.0,102252
2021-06-02 09:48:01,4250.0,102252
2021-06-02 09:48:02,4250.0,102252
2021-06-02 09:48:03,4249.0,102295
2021-06-02 09:48:04,4250.0,102297
2021-06-02 09:48:05,4250.0,102297
2021-06-02 09:48:06,4250.0,102299
2021-06-02 09:48:07,4249.0,102545
2021-06-02 09:48:09,4249.0,102545
2021-06-02 09:48:10,4249.0,102545
2021-06-02 09:48:11,4249.7,102560
2021-06-02 09:48:12,4249.7,102561
2021-06-02 09:48:12,4249.7,102561
2021-06-02 09:48:13,4249.7,102561
2021-06-02 09:48:14,4249.7,102561
2021-06-02 09:48:15,4249.7,102561
2021-06-02 09:48:17,4248.0,102573
2021-06-02 09:48:18,4248.0,102573
2021-06-02 09:48:19,4248.0,102573
2021-06-02 09:48:20,4248.0,102573
2021-06-02 09:48:21,4249.0,102588
2021-06-02 09:48:22,4249.0,102588
2021-06-02 09:48:23,4248.0,102589
2021-06-02 09:48:23,4248.0,102589
2021-06-02 09:48:24,4248.0,102589
2021-06-02 09:48:26,4248.0,102590
2021-06-02 09:48:27,4248.0,102590
2021-06-02 09:48:28,4248.0,102590
2021-06-02 09:48:29,4248.0,102590
2021-06-02 09:48:30,4244.45,103360
2021-06-02 09:48:30,4244.45,103360
2021-06-02 09:48:31,4244.45,103360
2021-06-02 09:48:32,4246.95,103395
2021-06-02 09:48:33,4247.0,103398
2021-06-02 09:48:35,4247.0,103398
2021-06-02 09:48:36,4247.0,103400
2021-06-02 09:48:37,4244.5,103417
2021-06-02 09:48:38,4244.6,103422
2021-06-02 09:48:39,4247.0,103467
2021-06-02 09:48:39,4247.0,103467
2021-06-02 09:48:40,4247.0,103467
2021-06-02 09:48:42,4246.95,103490
2021-06-02 09:48:43,4246.95,103490
2021-06-02 09:48:44,4246.95,103490
2021-06-02 09:48:45,4244.85,103495
2021-06-02 09:48:46,4244.85,103495
2021-06-02 09:48:47,4245.0,103497
2021-06-02 09:48:47,4245.0,103497
2021-06-02 09:48:48,4246.0,103500
2021-06-02 09:48:49,4246.0,103500
2021-06-02 09:48:50,4246.0,103500
2021-06-02 09:48:52,4246.0,103550
2021-06-02 09:48:52,4246.0,103550
2021-06-02 09:48:54,4246.0,103550
2021-06-02 09:48:54,4246.0,103550
2021-06-02 09:48:55,4246.0,103550
2021-06-02 09:48:56,4246.0,103550
2021-06-02 09:48:57,4246.0,103550
2021-06-02 09:48:58,4245.0,103583
2021-06-02 09:48:59,4245.0,103585
2021-06-02 09:49:00,4245.0,103585
2021-06-02 09:49:01,4245.0,103585
2021-06-02 09:49:02,4246.0,103598
2021-06-02 09:49:04,4243.1,103829
2021-06-02 09:49:05,4243.1,103829
2021-06-02 09:49:06,4243.1,103829
2021-06-02 09:49:07,4243.1,103829
2021-06-02 09:49:09,4246.95,104329
2021-06-02 09:49:10,4246.95,104329
2021-06-02 09:49:11,4247.4,104337
2021-06-02 09:49:12,4244.65,104339
2021-06-02 09:49:12,4244.65,104339
2021-06-02 09:49:13,4244.65,104343
2021-06-02 09:49:14,4244.7,104345
2021-06-02 09:49:15,4244.7,104345
2021-06-02 09:49:16,4244.7,104345
2021-06-02 09:49:17,4244.7,104345
2021-06-02 09:49:18,4247.1,104347
2021-06-02 09:49:19,4247.25,104358
2021-06-02 09:49:21,4247.25,104358
2021-06-02 09:49:22,4247.25,104358
2021-06-02 09:49:23,4247.25,104358
2021-06-02 09:49:24,4244.5,104493
2021-06-02 09:49:25,4244.5,104493
2021-06-02 09:49:25,4244.5,104493
2021-06-02 09:49:28,4244.5,104493
2021-06-02 09:49:29,4244.4,104498
2021-06-02 09:49:30,4245.2,104509
2021-06-02 09:49:31,4245.0,104536
2021-06-02 09:49:31,4245.0,104536
2021-06-02 09:49:32,4245.0,104536
2021-06-02 09:49:34,4245.0,104536
2021-06-02 09:49:35,4245.05,104541
2021-06-02 09:49:36,4245.05,104541
2021-06-02 09:49:37,4245.05,104546
2021-06-02 09:49:38,4245.05,104546
2021-06-02 09:49:39,4245.05,104546
2021-06-02 09:49:40,4245.05,104549
2021-06-02 09:49:40,4245.05,104549
2021-06-02 09:49:41,4244.5,104699
2021-06-02 09:49:42,4244.0,104700
2021-06-02 09:49:43,4244.0,104700
2021-06-02 09:49:44,4244.0,104700
2021-06-02 09:49:46,4244.0,104700
2021-06-02 09:49:47,4244.0,104700
2021-06-02 09:49:48,4244.0,104700
2021-06-02 09:49:49,4244.0,104733
2021-06-02 09:49:50,4244.0,104733
2021-06-02 09:49:50,4243.1,104761
2021-06-02 09:49:52,4244.0,104771
2021-06-02 09:49:53,4243.0,104849
2021-06-02 09:49:54,4242.8,104979
2021-06-02 09:49:55,4243.6,104981
2021-06-02 09:49:56,4242.55,105088
2021-06-02 09:49:57,4242.55,105088
2021-06-02 09:49:58,4240.75,105504
2021-06-02 09:49:59,4244.6,105849
2021-06-02 09:50:00,4244.6,105849
2021-06-02 09:50:01,4241.55,105851
2021-06-02 09:50:02,4244.3,105861
2021-06-02 09:50:03,4244.3,105861
2021-06-02 09:50:03,4241.55,105875
2021-06-02 09:50:05,4241.55,105875
2021-06-02 09:50:07,4243.85,105894
2021-06-02 09:50:08,4243.85,105894
2021-06-02 09:50:09,4241.8,106005
2021-06-02 09:50:10,4241.8,106005
2021-06-02 09:50:11,4241.8,106005
2021-06-02 09:50:12,4241.8,106005
2021-06-02 09:50:13,4243.45,106006
2021-06-02 09:50:14,4243.45,106006
2021-06-02 09:50:15,4241.05,106007
2021-06-02 09:50:16,4240.75,106038
2021-06-02 09:50:17,4242.85,106041
2021-06-02 09:50:18,4242.85,106041
2021-06-02 09:50:19,4242.85,106041
2021-06-02 09:50:20,4242.85,106041
2021-06-02 09:50:21,4242.75,106047
2021-06-02 09:50:22,4241.05,106093
2021-06-02 09:50:23,4241.05,106093
2021-06-02 09:50:24,4241.05,106093
2021-06-02 09:50:25,4240.3,106235
2021-06-02 09:50:26,4240.75,106237
2021-06-02 09:50:27,4240.75,106237
2021-06-02 09:50:28,4241.05,106257
2021-06-02 09:50:28,4241.05,106257
2021-06-02 09:50:29,4240.3,106258
2021-06-02 09:50:31,4241.95,106267
2021-06-02 09:50:32,4241.95,106267
2021-06-02 09:50:33,4240.1,107240
2021-06-02 09:50:34,4241.0,107250
2021-06-02 09:50:35,4241.0,107250
2021-06-02 09:50:36,4241.0,107250
2021-06-02 09:50:37,4241.95,107316
2021-06-02 09:50:37,4241.95,107316
2021-06-02 09:50:39,4241.0,107327
2021-06-02 09:50:40,4240.0,107429
2021-06-02 09:50:41,4238.8,107529
2021-06-02 09:50:42,4237.45,107775
2021-06-02 09:50:43,4239.1,107825
2021-06-02 09:50:44,4239.1,107825
2021-06-02 09:50:45,4239.1,107825
2021-06-02 09:50:45,4239.1,107825
2021-06-02 09:50:47,4237.5,107877
2021-06-02 09:50:48,4237.0,108094
2021-06-02 09:50:49,4237.0,108094
2021-06-02 09:50:50,4238.45,108098
2021-06-02 09:50:51,4236.2,108104
2021-06-02 09:50:51,4236.2,108104
2021-06-02 09:50:53,4234.45,108682
2021-06-02 09:50:54,4234.45,108682
2021-06-02 09:50:55,4234.45,108682
2021-06-02 09:50:56,4235.2,108694
2021-06-02 09:50:57,4235.2,108694
2021-06-02 09:50:57,4235.2,108694
2021-06-02 09:50:59,4235.15,108783
2021-06-02 09:51:00,4235.0,108794
2021-06-02 09:51:01,4235.0,108799
2021-06-02 09:51:02,4235.05,108926
2021-06-02 09:51:03,4237.2,109006
2021-06-02 09:51:04,4237.25,109016
2021-06-02 09:51:05,4235.25,109082
2021-06-02 09:51:05,4235.25,109082
2021-06-02 09:51:06,4235.25,109082
2021-06-02 09:51:08,4235.2,109122
2021-06-02 09:51:09,4237.55,109141
2021-06-02 09:51:10,4237.55,109141
2021-06-02 09:51:11,4237.9,109142
2021-06-02 09:51:12,4237.0,109177
2021-06-02 09:51:13,4237.9,109183
2021-06-02 09:51:14,4237.9,109183
2021-06-02 09:51:15,4237.95,109213
2021-06-02 09:51:16,4238.7,109269
2021-06-02 09:51:17,4235.95,109274
2021-06-02 09:51:18,4239.1,109279
2021-06-02 09:51:18,4239.1,109279
2021-06-02 09:51:20,4239.1,109279
2021-06-02 09:51:21,4239.1,109279
2021-06-02 09:51:22,4236.05,109409
2021-06-02 09:51:23,4236.05,109409
2021-06-02 09:51:24,4238.0,109437
2021-06-02 09:51:25,4238.0,109437
2021-06-02 09:51:26,4238.0,109437
2021-06-02 09:51:27,4238.0,109437
2021-06-02 09:51:28,4236.15,109455
2021-06-02 09:51:29,4238.0,109506
2021-06-02 09:51:29,4238.0,109516
2021-06-02 09:51:30,4236.05,109566
2021-06-02 09:51:31,4235.9,109666
2021-06-02 09:51:33,4235.9,109666
2021-06-02 09:51:34,4235.9,109666
2021-06-02 09:51:35,4235.9,109666
2021-06-02 09:51:36,4236.5,109681
2021-06-02 09:51:37,4236.5,109681
2021-06-02 09:51:38,4236.5,109681
2021-06-02 09:51:38,4236.5,109681
2021-06-02 09:51:39,4238.4,109692
2021-06-02 09:51:42,4236.5,109704
2021-06-02 09:51:43,4236.5,109704
2021-06-02 09:51:44,4239.0,109724
2021-06-02 09:51:45,4236.55,109745
2021-06-02 09:51:46,4236.9,109782
2021-06-02 09:51:47,4236.9,109782
2021-06-02 09:51:48,4237.0,109792
2021-06-02 09:51:48,4237.0,109792
2021-06-02 09:51:49,4237.0,109792
2021-06-02 09:51:51,4238.95,109811
2021-06-02 09:51:52,4238.95,109821
2021-06-02 09:51:53,4238.95,109821
2021-06-02 09:51:54,4238.95,109821
2021-06-02 09:51:55,4238.95,109821
2021-06-02 09:51:56,4237.0,109826
2021-06-02 09:51:57,4237.0,109828
2021-06-02 09:51:58,4237.0,109838
2021-06-02 09:51:58,4237.0,109838
2021-06-02 09:51:59,4238.65,109849
2021-06-02 09:52:00,4238.65,109854
2021-06-02 09:52:01,4238.65,109854
2021-06-02 09:52:03,4238.65,109854
2021-06-02 09:52:04,4238.65,109854
2021-06-02 09:52:05,4238.65,109854
2021-06-02 09:52:06,4238.65,109854
2021-06-02 09:52:07,4237.0,109924
2021-06-02 09:52:08,4237.0,109924
2021-06-02 09:52:08,4238.5,109928
2021-06-02 09:52:10,4239.0,110081
2021-06-02 09:52:11,4239.0,110081
2021-06-02 09:52:12,4238.0,110085
2021-06-02 09:52:13,4238.0,110090
2021-06-02 09:52:14,4238.0,110090
2021-06-02 09:52:15,4238.0,110090
2021-06-02 09:52:17,4237.0,110103
2021-06-02 09:52:18,4237.0,110103
2021-06-02 09:52:19,4238.1,110110
2021-06-02 09:52:20,4238.1,110110
2021-06-02 09:52:21,4238.1,110128
2021-06-02 09:52:22,4238.1,110128
2021-06-02 09:52:24,4237.0,110149
2021-06-02 09:52:23,4238.95,110129
2021-06-02 09:52:26,4239.0,110192
2021-06-02 09:52:27,4238.95,110202
2021-06-02 09:52:28,4239.3,110262
2021-06-02 09:52:29,4239.3,110262
2021-06-02 09:52:30,4239.3,110282
2021-06-02 09:52:31,4239.3,110282
2021-06-02 09:52:32,4239.3,110285
2021-06-02 09:52:33,4239.3,110303
2021-06-02 09:52:34,4239.3,110303
2021-06-02 09:52:35,4239.3,110303
2021-06-02 09:52:36,4239.3,110303
2021-06-02 09:52:37,4239.3,110303
2021-06-02 09:52:38,4239.15,110403
2021-06-02 09:52:39,4239.15,110403
2021-06-02 09:52:40,4238.8,110405
2021-06-02 09:52:41,4238.8,110405
2021-06-02 09:52:42,4238.8,110405
2021-06-02 09:52:43,4238.8,110405
2021-06-02 09:52:44,4238.85,110415
2021-06-02 09:52:45,4238.85,110415
2021-06-02 09:52:46,4238.0,110420
2021-06-02 09:52:47,4238.0,110420
2021-06-02 09:52:48,4239.15,110422
2021-06-02 09:52:49,4239.15,110423
2021-06-02 09:52:50,4239.15,110423
2021-06-02 09:52:51,4238.0,110453
2021-06-02 09:52:52,4238.0,110493
2021-06-02 09:52:53,4239.0,110510
2021-06-02 09:52:54,4239.1,110520
2021-06-02 09:52:55,4239.1,110520
2021-06-02 09:52:56,4239.1,110520
2021-06-02 09:52:57,4239.1,110520
2021-06-02 09:52:58,4239.1,110521
2021-06-02 09:52:59,4239.1,110522
2021-06-02 09:53:00,4239.1,110528
2021-06-02 09:53:01,4241.8,110695
2021-06-02 09:53:02,4241.8,110695
2021-06-02 09:53:03,4241.8,110695
2021-06-02 09:53:04,4241.8,110695
2021-06-02 09:53:05,4241.8,110695
2021-06-02 09:53:06,4241.8,110695
2021-06-02 09:53:07,4240.15,110718
2021-06-02 09:53:09,4240.15,110718
2021-06-02 09:53:10,4242.0,110726
2021-06-02 09:53:11,4240.05,110756
2021-06-02 09:53:12,4240.05,110756
2021-06-02 09:53:13,4241.95,110757
2021-06-02 09:53:14,4241.95,110757
2021-06-02 09:53:15,4241.8,110827
2021-06-02 09:53:16,4241.8,110827
2021-06-02 09:53:17,4241.8,110827
2021-06-02 09:53:18,4241.8,110827
2021-06-02 09:53:19,4241.8,110827
2021-06-02 09:53:20,4242.0,110837
2021-06-02 09:53:21,4242.0,110837
2021-06-02 09:53:22,4242.0,110867
2021-06-02 09:53:23,4242.0,110867
2021-06-02 09:53:24,4241.95,110901
2021-06-02 09:53:25,4242.0,110911
2021-06-02 09:53:26,4241.95,110912
2021-06-02 09:53:27,4241.95,110912
2021-06-02 09:53:28,4241.95,110917
2021-06-02 09:53:29,4241.95,110927
2021-06-02 09:53:30,4241.95,110939
2021-06-02 09:53:31,4241.95,110941
2021-06-02 09:53:32,4245.0,111281
2021-06-02 09:53:33,4242.85,111301
2021-06-02 09:53:34,4242.85,111301
2021-06-02 09:53:35,4245.0,111319
2021-06-02 09:53:36,4245.0,111319
2021-06-02 09:53:37,4242.6,111369
2021-06-02 09:53:38,4242.6,111369
2021-06-02 09:53:39,4242.6,111369
2021-06-02 09:53:40,4244.65,111374
2021-06-02 09:53:41,4244.7,111380
2021-06-02 09:53:42,4244.7,111380
2021-06-02 09:53:43,4244.65,111390
2021-06-02 09:53:44,4244.8,111396
2021-06-02 09:53:45,4244.8,111406
2021-06-02 09:53:46,4244.8,111406
2021-06-02 09:53:47,4244.8,111406
2021-06-02 09:53:48,4244.8,111406
2021-06-02 09:53:49,4244.8,111421
2021-06-02 09:53:50,4244.8,111421
2021-06-02 09:53:51,4244.8,111421
2021-06-02 09:53:52,4243.0,111431
2021-06-02 09:53:53,4243.0,111431
2021-06-02 09:53:54,4243.0,111431
2021-06-02 09:53:55,4243.0,111431
2021-06-02 09:53:56,4245.5,111481
2021-06-02 09:53:57,4245.5,111481
2021-06-02 09:53:58,4245.5,111481
2021-06-02 09:53:59,4245.5,111481
2021-06-02 09:54:00,4245.0,111483
2021-06-02 09:54:01,4246.0,111486
2021-06-02 09:54:02,4246.0,111491
2021-06-02 09:54:03,4247.0,111611
2021-06-02 09:54:04,4247.0,111611
2021-06-02 09:54:05,4247.0,111611
2021-06-02 09:54:06,4247.0,111624
2021-06-02 09:54:07,4247.0,111626
2021-06-02 09:54:08,4247.0,111626
2021-06-02 09:54:09,4246.0,111631
2021-06-02 09:54:10,4246.0,111640
2021-06-02 09:54:11,4246.0,111640
2021-06-02 09:54:13,4247.0,111746
2021-06-02 09:54:14,4247.0,111746
2021-06-02 09:54:15,4247.0,111746
2021-06-02 09:54:16,4247.0,111746
2021-06-02 09:54:17,4247.0,111764
2021-06-02 09:54:18,4247.0,111764
2021-06-02 09:54:20,4247.0,111764
2021-06-02 09:54:21,4247.0,111764
2021-06-02 09:54:22,4245.4,111767
2021-06-02 09:54:22,4245.4,111767
2021-06-02 09:54:23,4245.0,111867
2021-06-02 09:54:24,4245.0,111867
2021-06-02 09:54:25,4245.0,111867
2021-06-02 09:54:27,4245.0,111867
2021-06-02 09:54:27,4245.0,111867
2021-06-02 09:54:28,4246.7,111873
2021-06-02 09:54:29,4246.7,111873
2021-06-02 09:54:30,4246.7,111873
2021-06-02 09:54:31,4246.7,111873
2021-06-02 09:54:32,4246.7,111873
2021-06-02 09:54:33,4246.2,111900
2021-06-02 09:54:34,4246.2,111900
2021-06-02 09:54:35,4246.2,111900
2021-06-02 09:54:36,4246.2,111920
2021-06-02 09:54:37,4247.0,111924
2021-06-02 09:54:38,4246.95,111943
2021-06-02 09:54:39,4246.95,111943
2021-06-02 09:54:40,4246.95,111943
2021-06-02 09:54:41,4246.95,111943
2021-06-02 09:54:42,4246.95,111943
2021-06-02 09:54:43,4246.95,111944
2021-06-02 09:54:44,4246.95,111944
2021-06-02 09:54:45,4246.2,111972
2021-06-02 09:54:46,4246.2,111972
2021-06-02 09:54:47,4246.2,111972
2021-06-02 09:54:48,4246.2,111972
2021-06-02 09:54:49,4246.2,111972
2021-06-02 09:54:51,4246.95,111977
2021-06-02 09:54:52,4244.65,112077
2021-06-02 09:54:53,4244.65,112077
2021-06-02 09:54:54,4244.65,112077
2021-06-02 09:54:55,4246.35,112140
2021-06-02 09:54:56,4246.35,112160
2021-06-02 09:54:57,4246.35,112160
2021-06-02 09:54:58,4246.35,112160
2021-06-02 09:54:59,4246.35,112160
2021-06-02 09:55:00,4246.35,112160
2021-06-02 09:55:01,4246.35,112168
2021-06-02 09:55:02,4246.35,112171
2021-06-02 09:55:03,4246.35,112171
2021-06-02 09:55:04,4246.35,112171
2021-06-02 09:55:05,4246.35,112171
2021-06-02 09:55:06,4246.35,112171
2021-06-02 09:55:07,4247.0,112185
2021-06-02 09:55:08,4247.0,112185
2021-06-02 09:55:09,4246.0,112245
2021-06-02 09:55:10,4246.0,112245
2021-06-02 09:55:12,4248.75,112337
2021-06-02 09:55:12,4248.75,112337
2021-06-02 09:55:13,4248.75,112337
2021-06-02 09:55:14,4248.75,112337
2021-06-02 09:55:15,4248.75,112337
2021-06-02 09:55:16,4248.75,112337
2021-06-02 09:55:17,4248.8,112354
2021-06-02 09:55:18,4248.8,112354
2021-06-02 09:55:19,4249.0,112374
2021-06-02 09:55:20,4249.0,112374
2021-06-02 09:55:21,4250.0,112542
2021-06-02 09:55:22,4250.0,112542
2021-06-02 09:55:23,4250.0,112542
2021-06-02 09:55:24,4250.0,112542
2021-06-02 09:55:25,4250.0,112554
2021-06-02 09:55:26,4250.0,112554
2021-06-02 09:55:28,4250.0,112564
2021-06-02 09:55:29,4250.0,112569
2021-06-02 09:55:29,4250.0,112569
2021-06-02 09:55:30,4250.0,112569
2021-06-02 09:55:31,4248.8,112570
2021-06-02 09:55:32,4250.0,112590
2021-06-02 09:55:33,4250.0,112590
2021-06-02 09:55:34,4250.0,112590
2021-06-02 09:55:35,4250.0,112647
2021-06-02 09:55:36,4248.8,112652
2021-06-02 09:55:37,4248.8,112652
2021-06-02 09:55:40,4248.8,112652
2021-06-02 09:55:40,4248.8,112652
2021-06-02 09:55:41,4250.0,112657
2021-06-02 09:55:42,4250.0,112657
2021-06-02 09:55:43,4250.0,112657
2021-06-02 09:55:44,4250.0,112657
2021-06-02 09:55:45,4250.0,112857
2021-06-02 09:55:46,4250.0,112857
2021-06-02 09:55:47,4250.0,112857
2021-06-02 09:55:48,4250.0,112857
2021-06-02 09:55:49,4250.0,112857
2021-06-02 09:55:50,4249.95,112858
2021-06-02 09:55:51,4249.95,112881
2021-06-02 09:55:52,4249.95,112882
2021-06-02 09:55:53,4249.95,112882
2021-06-02 09:55:54,4249.95,112882
2021-06-02 09:55:55,4249.95,112882
2021-06-02 09:55:57,4249.95,112882
2021-06-02 09:55:58,4249.95,112884
2021-06-02 09:55:58,4249.95,112884
2021-06-02 09:55:59,4249.95,112884
2021-06-02 09:56:00,4249.95,112884
2021-06-02 09:56:01,4248.8,112889
2021-06-02 09:56:03,4249.95,112896
2021-06-02 09:56:04,4249.95,112896
2021-06-02 09:56:05,4249.95,112923
2021-06-02 09:56:06,4249.95,112923
2021-06-02 09:56:07,4249.95,112923
2021-06-02 09:56:08,4249.9,112940
2021-06-02 09:56:09,4249.9,112940
2021-06-02 09:56:10,4249.9,112940
2021-06-02 09:56:11,4249.9,112940
2021-06-02 09:56:12,4249.9,112951
2021-06-02 09:56:13,4249.9,112956
2021-06-02 09:56:14,4249.9,112956
2021-06-02 09:56:15,4249.9,112956
2021-06-02 09:56:16,4249.9,112956
2021-06-02 09:56:17,4249.9,112956
2021-06-02 09:56:18,4248.8,112957
2021-06-02 09:56:19,4248.8,112957
2021-06-02 09:56:20,4249.9,112959
2021-06-02 09:56:21,4249.9,112959
2021-06-02 09:56:22,4249.9,112959
2021-06-02 09:56:24,4249.9,112969
2021-06-02 09:56:25,4249.9,112971
2021-06-02 09:56:25,4249.9,112975
2021-06-02 09:56:27,4249.9,112975
2021-06-02 09:56:27,4249.9,112976
2021-06-02 09:56:28,4248.8,112981
2021-06-02 09:56:29,4248.8,112981
2021-06-02 09:56:30,4248.8,112981
2021-06-02 09:56:31,4248.8,112981
2021-06-02 09:56:33,4248.8,112981
2021-06-02 09:56:34,4248.8,112981
2021-06-02 09:56:34,4248.8,112986
2021-06-02 09:56:35,4246.45,113451
2021-06-02 09:56:36,4246.45,113451
2021-06-02 09:56:37,4246.45,113451
2021-06-02 09:56:39,4246.45,113451
2021-06-02 09:56:40,4247.05,113459
2021-06-02 09:56:40,4247.05,113459
2021-06-02 09:56:41,4247.05,113459
2021-06-02 09:56:42,4247.05,113459
2021-06-02 09:56:43,4247.05,113459
2021-06-02 09:56:44,4247.05,113459
2021-06-02 09:56:45,4247.05,113461
2021-06-02 09:56:46,4247.05,113461
2021-06-02 09:56:47,4246.65,113468
2021-06-02 09:56:48,4246.65,113468
2021-06-02 09:56:49,4246.65,113468
2021-06-02 09:56:50,4246.65,113468
2021-06-02 09:56:51,4246.65,113468
2021-06-02 09:56:52,4246.65,113468
2021-06-02 09:56:53,4246.65,113468
2021-06-02 09:56:54,4246.65,113468
2021-06-02 09:56:55,4246.65,113468
2021-06-02 09:56:56,4246.55,113513
2021-06-02 09:56:57,4246.55,113513
2021-06-02 09:56:58,4246.55,113513
2021-06-02 09:56:59,4246.55,113513
2021-06-02 09:57:00,4246.0,113520
2021-06-02 09:57:01,4246.0,113520
2021-06-02 09:57:02,4246.0,113520
2021-06-02 09:57:03,4246.0,113520
2021-06-02 09:57:04,4246.0,113520
2021-06-02 09:57:05,4246.2,113559
2021-06-02 09:57:06,4246.2,113559
2021-06-02 09:57:07,4246.2,113559
2021-06-02 09:57:08,4246.2,113559
2021-06-02 09:57:09,4246.2,113559
2021-06-02 09:57:11,4246.2,113559
2021-06-02 09:57:12,4246.2,113559
2021-06-02 09:57:13,4246.2,113559
2021-06-02 09:57:14,4246.2,113559
2021-06-02 09:57:15,4246.2,113559
2021-06-02 09:57:16,4246.2,113559
2021-06-02 09:57:17,4246.2,113569
2021-06-02 09:57:18,4246.0,113769
2021-06-02 09:57:19,4246.0,113769
2021-06-02 09:57:22,4245.0,113842
2021-06-02 09:57:22,4245.0,113842
2021-06-02 09:57:23,4245.0,113842
2021-06-02 09:57:24,4245.0,113842
2021-06-02 09:57:25,4242.0,114052
2021-06-02 09:57:26,4242.0,114052
2021-06-02 09:57:27,4242.0,114052
2021-06-02 09:57:28,4242.0,114052
2021-06-02 09:57:30,4241.2,114152
2021-06-02 09:57:31,4241.2,114152
2021-06-02 09:57:32,4241.2,114152
2021-06-02 09:57:33,4241.2,114152
2021-06-02 09:57:35,4241.2,114152
2021-06-02 09:57:36,4243.6,114178
2021-06-02 09:57:36,4243.6,114178
2021-06-02 09:57:37,4243.6,114178
2021-06-02 09:57:38,4243.6,114178
2021-06-02 09:57:39,4243.6,114178
2021-06-02 09:57:40,4243.6,114178
2021-06-02 09:57:41,4243.6,114178
2021-06-02 09:57:42,4243.6,114178
2021-06-02 09:57:43,4241.25,114180
2021-06-02 09:57:44,4241.6,114186
2021-06-02 09:57:45,4241.6,114186
2021-06-02 09:57:46,4241.6,114186
2021-06-02 09:57:47,4241.6,114186
2021-06-02 09:57:49,4243.6,114187
2021-06-02 09:57:50,4241.65,114207
2021-06-02 09:57:51,4241.65,114207
2021-06-02 09:57:52,4241.65,114207
2021-06-02 09:57:53,4241.65,114216
2021-06-02 09:57:54,4241.25,114300
2021-06-02 09:57:56,4241.35,114315
2021-06-02 09:57:57,4241.35,114315
2021-06-02 09:57:59,4241.35,114315
2021-06-02 09:58:00,4241.35,114315
2021-06-02 09:58:01,4244.4,114565
2021-06-02 09:58:02,4245.0,114605
2021-06-02 09:58:03,4245.0,114605
2021-06-02 09:58:04,4245.0,114605
2021-06-02 09:58:05,4246.2,114632
2021-06-02 09:58:06,4246.2,114632
2021-06-02 09:58:07,4246.2,114632
2021-06-02 09:58:08,4246.2,114632
2021-06-02 09:58:09,4246.2,114632
2021-06-02 09:58:10,4246.2,114632
2021-06-02 09:58:11,4246.2,114632
2021-06-02 09:58:12,4246.2,114632
2021-06-02 09:58:13,4246.2,114632
2021-06-02 09:58:14,4246.2,114632
2021-06-02 09:58:15,4246.2,114632
2021-06-02 09:58:16,4246.2,114632
2021-06-02 09:58:17,4246.2,114632
2021-06-02 09:58:18,4248.5,114634
2021-06-02 09:58:19,4248.5,114634
2021-06-02 09:58:20,4248.5,114634
2021-06-02 09:58:21,4248.5,114665
2021-06-02 09:58:22,4248.5,114665
2021-06-02 09:58:23,4248.5,114665
2021-06-02 09:58:24,4249.8,114673
2021-06-02 09:58:25,4249.8,114673
2021-06-02 09:58:26,4249.8,114673
2021-06-02 09:58:27,4249.8,114673
2021-06-02 09:58:28,4249.8,114673
2021-06-02 09:58:29,4249.8,114673
2021-06-02 09:58:30,4249.8,114675
2021-06-02 09:58:31,4249.8,114675
2021-06-02 09:58:32,4249.8,114679
2021-06-02 09:58:34,4248.5,114681
2021-06-02 09:58:35,4248.5,114681
2021-06-02 09:58:36,4249.8,114704
2021-06-02 09:58:36,4249.9,114717
2021-06-02 09:58:37,4249.9,114717
2021-06-02 09:58:38,4249.9,114717
2021-06-02 09:58:39,4249.9,114767
2021-06-02 09:58:40,4249.95,114770
2021-06-02 09:58:41,4249.95,114770
2021-06-02 09:58:43,4249.9,114775
2021-06-02 09:58:45,4249.9,114775
2021-06-02 09:58:46,4249.9,114775
2021-06-02 09:58:46,4249.9,114775
2021-06-02 09:58:47,4249.9,114775
2021-06-02 09:58:48,4249.95,114777
2021-06-02 09:58:49,4249.95,114777
2021-06-02 09:58:50,4248.5,114848
2021-06-02 09:58:51,4248.5,114848
2021-06-02 09:58:52,4249.4,114953
2021-06-02 09:58:53,4249.4,114953
2021-06-02 09:58:54,4247.7,114980
2021-06-02 09:58:55,4245.4,115025
2021-06-02 09:58:57,4245.4,115025
2021-06-02 09:58:58,4245.4,115025
2021-06-02 09:58:59,4245.4,115025
2021-06-02 09:59:00,4247.8,115028
2021-06-02 09:59:01,4245.4,115055
2021-06-02 09:59:02,4245.4,115055
2021-06-02 09:59:03,4245.4,115055
2021-06-02 09:59:04,4245.4,115055
2021-06-02 09:59:05,4245.4,115075
2021-06-02 09:59:05,4244.0,115080
2021-06-02 09:59:06,4244.0,115080
2021-06-02 09:59:08,4244.0,115080
2021-06-02 09:59:09,4244.0,115080
2021-06-02 09:59:10,4244.0,115080
2021-06-02 09:59:12,4244.0,115080
2021-06-02 09:59:13,4245.75,115130
2021-06-02 09:59:14,4245.75,115130
2021-06-02 09:59:15,4245.75,115130
2021-06-02 09:59:16,4245.75,115130
2021-06-02 09:59:17,4245.75,115137
2021-06-02 09:59:18,4245.75,115144
2021-06-02 09:59:18,4245.75,115144
2021-06-02 09:59:19,4245.75,115144
2021-06-02 09:59:20,4245.75,115144
2021-06-02 09:59:21,4245.75,115144
2021-06-02 09:59:22,4245.75,115144
2021-06-02 09:59:23,4245.75,115144
2021-06-02 09:59:24,4248.4,115146
2021-06-02 09:59:25,4248.4,115161
2021-06-02 09:59:26,4248.4,115161
2021-06-02 09:59:27,4248.4,115161
2021-06-02 09:59:28,4248.4,115161
2021-06-02 09:59:29,4248.4,115161
2021-06-02 09:59:30,4248.4,115163
2021-06-02 09:59:31,4248.4,115163
2021-06-02 09:59:32,4248.4,115163
2021-06-02 09:59:33,4248.4,115163
2021-06-02 09:59:34,4248.4,115163
2021-06-02 09:59:35,4248.5,115189
2021-06-02 09:59:36,4248.35,115191
2021-06-02 09:59:37,4249.2,115291
2021-06-02 09:59:38,4249.2,115291
2021-06-02 09:59:39,4246.25,115297
2021-06-02 09:59:41,4246.25,115297
2021-06-02 09:59:42,4248.95,115303
2021-06-02 09:59:43,4248.95,115305
2021-06-02 09:59:44,4248.95,115305
2021-06-02 09:59:45,4246.9,115310
2021-06-02 09:59:46,4246.9,115310
2021-06-02 09:59:47,4246.95,115327
2021-06-02 09:59:48,4246.95,115327
2021-06-02 09:59:48,4246.95,115327
2021-06-02 09:59:49,4246.95,115327
2021-06-02 09:59:50,4246.95,115327
2021-06-02 09:59:51,4246.95,115327
2021-06-02 09:59:52,4246.95,115327
2021-06-02 09:59:53,4248.9,115337
2021-06-02 09:59:54,4248.9,115337
2021-06-02 09:59:55,4248.9,115337
2021-06-02 09:59:56,4247.0,115340
2021-06-02 09:59:58,4247.0,115340
2021-06-02 09:59:59,4249.0,115350
2021-06-02 10:00:00,4249.0,115350
2021-06-02 10:00:01,4249.0,115350
2021-06-02 10:00:02,4249.0,115350
2021-06-02 10:00:03,4249.0,115350
2021-06-02 10:00:04,4249.0,115350
2021-06-02 10:00:06,4249.0,115357
2021-06-02 10:00:08,4249.0,115357
2021-06-02 10:00:08,4249.0,115357
2021-06-02 10:00:09,4249.0,115359
2021-06-02 10:00:10,4249.0,115387
2021-06-02 10:00:11,4249.0,115390
2021-06-02 10:00:12,4249.95,115490
2021-06-02 10:00:13,4249.0,115507
2021-06-02 10:00:15,4249.0,115508
2021-06-02 10:00:17,4247.1,115514
2021-06-02 10:00:18,4247.1,115514
2021-06-02 10:00:19,4247.1,115514
2021-06-02 10:00:20,4247.1,115514
2021-06-02 10:00:21,4249.0,115515
2021-06-02 10:00:22,4249.0,115515
2021-06-02 10:00:24,4249.0,115530
2021-06-02 10:00:25,4247.1,115535
2021-06-02 10:00:26,4247.1,115535
2021-06-02 10:00:26,4247.1,115535
2021-06-02 10:00:28,4247.1,115535
2021-06-02 10:00:29,4247.1,115535
2021-06-02 10:00:30,4247.0,115576
2021-06-02 10:00:30,4247.1,115612
2021-06-02 10:00:31,4246.2,115624
2021-06-02 10:00:32,4248.2,115630
2021-06-02 10:00:33,4248.2,115630
2021-06-02 10:00:34,4248.2,115630
2021-06-02 10:00:35,4248.2,115630
2021-06-02 10:00:36,4248.2,115630
2021-06-02 10:00:38,4248.15,115632
2021-06-02 10:00:39,4248.15,115632
2021-06-02 10:00:40,4248.15,115632
2021-06-02 10:00:41,4248.15,115632
2021-06-02 10:00:42,4248.15,115632
2021-06-02 10:00:43,4248.15,115632
2021-06-02 10:00:44,4248.15,115632
2021-06-02 10:00:45,4248.15,115632
2021-06-02 10:00:45,4248.15,115632
2021-06-02 10:00:46,4248.15,115632
2021-06-02 10:00:47,4248.15,115632
2021-06-02 10:00:49,4248.15,115632
2021-06-02 10:00:50,4248.15,115632
2021-06-02 10:00:51,4248.15,115632
2021-06-02 10:00:52,4246.2,115682
2021-06-02 10:00:52,4246.2,115682
2021-06-02 10:00:54,4246.2,115712
2021-06-02 10:00:55,4247.9,115722
2021-06-02 10:00:56,4247.9,115722
2021-06-02 10:00:57,4247.9,115722
2021-06-02 10:00:58,4247.9,115722
2021-06-02 10:01:02,4247.9,115722
2021-06-02 10:01:03,4247.9,115722
2021-06-02 10:01:03,4247.9,115722
2021-06-02 10:01:04,4247.9,115722
2021-06-02 10:01:05,4247.9,115741
2021-06-02 10:01:08,4245.5,115841
2021-06-02 10:01:08,4247.0,115842
2021-06-02 10:01:09,4247.0,115842
2021-06-02 10:01:10,4247.0,115855
2021-06-02 10:01:11,4247.0,115855
2021-06-02 10:01:12,4247.0,115855
2021-06-02 10:01:14,4247.0,115855
2021-06-02 10:01:14,4247.0,115855
2021-06-02 10:01:15,4247.0,115855
2021-06-02 10:01:16,4247.0,115855
2021-06-02 10:01:17,4247.0,115857
2021-06-02 10:01:18,4247.0,115857
2021-06-02 10:01:19,4247.0,115857
2021-06-02 10:01:21,4247.0,115857
2021-06-02 10:01:22,4247.0,115927
2021-06-02 10:01:23,4247.0,115927
2021-06-02 10:01:24,4247.0,115927
2021-06-02 10:01:25,4247.0,115927
2021-06-02 10:01:26,4247.0,115927
2021-06-02 10:01:27,4247.0,115927
2021-06-02 10:01:28,4245.8,115935
2021-06-02 10:01:29,4245.8,115935
2021-06-02 10:01:30,4245.8,115935
2021-06-02 10:01:31,4245.8,115935
2021-06-02 10:01:31,4245.8,115949
2021-06-02 10:01:32,4245.8,115949
2021-06-02 10:01:34,4245.8,115949
2021-06-02 10:01:34,4245.8,115949
2021-06-02 10:01:36,4247.0,115972
2021-06-02 10:01:37,4247.0,115972
2021-06-02 10:01:38,4247.0,115972
2021-06-02 10:01:39,4247.0,115972
2021-06-02 10:01:40,4247.0,115972
2021-06-02 10:01:41,4247.0,115972
2021-06-02 10:01:42,4247.0,115972
2021-06-02 10:01:42,4247.0,115972
2021-06-02 10:01:43,4247.0,116102
2021-06-02 10:01:44,4247.0,116102
2021-06-02 10:01:46,4247.0,116102
2021-06-02 10:01:47,4248.0,116103
2021-06-02 10:01:48,4247.0,116140
2021-06-02 10:01:48,4247.0,116140
2021-06-02 10:01:50,4247.0,116140
2021-06-02 10:01:51,4247.0,116140
2021-06-02 10:01:52,4247.0,116140
2021-06-02 10:01:53,4247.0,116140
2021-06-02 10:01:54,4247.0,116140
2021-06-02 10:01:54,4247.0,116140
2021-06-02 10:01:55,4246.8,116142
2021-06-02 10:01:57,4246.8,116142
2021-06-02 10:01:58,4246.8,116142
2021-06-02 10:01:59,4246.8,116142
2021-06-02 10:02:00,4246.8,116142
2021-06-02 10:02:01,4246.8,116162
2021-06-02 10:02:02,4246.8,116162
2021-06-02 10:02:03,4246.8,116164
2021-06-02 10:02:04,4246.8,116164
2021-06-02 10:02:05,4246.8,116164
2021-06-02 10:02:06,4246.8,116177
2021-06-02 10:02:07,4246.8,116177
2021-06-02 10:02:08,4246.8,116177
2021-06-02 10:02:09,4246.8,116177
2021-06-02 10:02:10,4247.2,116193
2021-06-02 10:02:11,4247.2,116193
2021-06-02 10:02:11,4247.2,116193
2021-06-02 10:02:13,4247.2,116193
2021-06-02 10:02:14,4247.2,116193
2021-06-02 10:02:15,4247.2,116195
2021-06-02 10:02:16,4247.2,116195
2021-06-02 10:02:17,4247.2,116205
2021-06-02 10:02:18,4247.2,116205
2021-06-02 10:02:19,4247.2,116205
2021-06-02 10:02:19,4247.2,116205
2021-06-02 10:02:20,4249.0,116257
2021-06-02 10:02:21,4249.0,116257
2021-06-02 10:02:23,4249.0,116257
2021-06-02 10:02:24,4249.0,116257
2021-06-02 10:02:25,4249.0,116257
2021-06-02 10:02:26,4249.0,116257
2021-06-02 10:02:27,4249.0,116259
2021-06-02 10:02:28,4249.0,116259
2021-06-02 10:02:29,4249.0,116259
2021-06-02 10:02:30,4249.0,116259
2021-06-02 10:02:31,4249.0,116259
2021-06-02 10:02:32,4249.0,116259
2021-06-02 10:02:33,4249.0,116259
2021-06-02 10:02:34,4248.95,116261
2021-06-02 10:02:34,4248.95,116261
2021-06-02 10:02:35,4248.95,116278
2021-06-02 10:02:37,4249.0,116279
2021-06-02 10:02:38,4248.95,116296
2021-06-02 10:02:39,4248.95,116296
2021-06-02 10:02:40,4248.95,116296
2021-06-02 10:02:41,4248.95,116296
2021-06-02 10:02:41,4248.95,116296
2021-06-02 10:02:42,4248.95,116296
2021-06-02 10:02:44,4248.95,116296
2021-06-02 10:02:45,4248.95,116296
2021-06-02 10:02:46,4248.95,116296
2021-06-02 10:02:47,4248.95,116296
2021-06-02 10:02:48,4248.95,116296
2021-06-02 10:02:49,4248.95,116296
2021-06-02 10:02:50,4248.95,116296
2021-06-02 10:02:51,4247.05,116321
2021-06-02 10:02:52,4247.05,116321
2021-06-02 10:02:53,4247.05,116321
2021-06-02 10:02:54,4247.05,116321
2021-06-02 10:02:55,4247.05,116321
2021-06-02 10:02:56,4247.05,116321
2021-06-02 10:02:57,4248.5,116324
2021-06-02 10:02:58,4248.5,116324
2021-06-02 10:02:59,4247.1,116339
2021-06-02 10:03:00,4248.6,116341
2021-06-02 10:03:01,4247.1,116382
2021-06-02 10:03:02,4247.1,116382
2021-06-02 10:03:03,4247.1,116382
2021-06-02 10:03:04,4247.1,116382
2021-06-02 10:03:05,4247.9,116484
2021-06-02 10:03:06,4247.9,116484
2021-06-02 10:03:07,4247.9,116484
2021-06-02 10:03:08,4247.9,116484
2021-06-02 10:03:09,4247.9,116484
2021-06-02 10:03:10,4247.9,116484
2021-06-02 10:03:11,4247.9,116484
2021-06-02 10:03:12,4248.2,116485
2021-06-02 10:03:13,4248.2,116485
2021-06-02 10:03:14,4247.05,116492
2021-06-02 10:03:15,4247.05,116492
2021-06-02 10:03:16,4245.8,116506
2021-06-02 10:03:17,4245.8,116506
2021-06-02 10:03:18,4245.8,116506
2021-06-02 10:03:19,4245.8,116506
2021-06-02 10:03:20,4245.8,116506
2021-06-02 10:03:21,4245.8,116506
2021-06-02 10:03:22,4245.8,116506
2021-06-02 10:03:23,4245.8,116506
2021-06-02 10:03:25,4245.8,116783
2021-06-02 10:03:26,4245.8,116783
2021-06-02 10:03:27,4245.8,116783
2021-06-02 10:03:28,4245.8,116783
2021-06-02 10:03:29,4245.8,116783
2021-06-02 10:03:31,4244.05,116785
2021-06-02 10:03:30,4245.8,116783
2021-06-02 10:03:32,4245.8,116787
2021-06-02 10:03:33,4245.8,116787
2021-06-02 10:03:34,4244.05,116802
2021-06-02 10:03:35,4245.7,116821
2021-06-02 10:03:36,4245.7,116821
2021-06-02 10:03:37,4245.7,116823
2021-06-02 10:03:38,4246.0,117023
2021-06-02 10:03:39,4246.0,117023
2021-06-02 10:03:40,4246.0,117023
2021-06-02 10:03:41,4242.8,117123
2021-06-02 10:03:42,4242.8,117123
2021-06-02 10:03:43,4242.8,117123
2021-06-02 10:03:44,4242.8,117123
2021-06-02 10:03:45,4242.8,117123
2021-06-02 10:03:46,4242.8,117123
2021-06-02 10:03:47,4242.8,117123
2021-06-02 10:03:48,4242.8,117123
2021-06-02 10:03:49,4243.45,117128
2021-06-02 10:03:50,4243.45,117128
2021-06-02 10:03:51,4243.45,117128
2021-06-02 10:03:52,4243.45,117128
2021-06-02 10:03:53,4243.45,117128
2021-06-02 10:03:54,4242.5,117148
2021-06-02 10:03:55,4242.5,117148
2021-06-02 10:03:56,4242.5,117148
2021-06-02 10:03:57,4242.5,117148
2021-06-02 10:03:58,4242.5,117148
2021-06-02 10:03:59,4242.5,117153
2021-06-02 10:04:00,4242.5,117153
2021-06-02 10:04:01,4242.5,117153
2021-06-02 10:04:02,4242.5,117153
2021-06-02 10:04:03,4242.5,117153
2021-06-02 10:04:04,4242.5,117153
2021-06-02 10:04:05,4242.5,117153
2021-06-02 10:04:06,4243.45,117179
2021-06-02 10:04:07,4243.45,117196
2021-06-02 10:04:08,4243.85,117315
2021-06-02 10:04:09,4243.85,117315
2021-06-02 10:04:10,4243.85,117315
2021-06-02 10:04:11,4243.85,117315
2021-06-02 10:04:13,4243.85,117315
2021-06-02 10:04:12,4243.85,117315
2021-06-02 10:04:15,4243.85,117315
2021-06-02 10:04:14,4243.85,117315
2021-06-02 10:04:16,4243.85,117315
2021-06-02 10:04:17,4243.85,117315
2021-06-02 10:04:18,4243.85,117315
2021-06-02 10:04:19,4244.05,117317
2021-06-02 10:04:20,4245.0,117319
2021-06-02 10:04:21,4246.15,117339
2021-06-02 10:04:22,4246.15,117339
2021-06-02 10:04:23,4246.15,117339
2021-06-02 10:04:24,4246.15,117339
2021-06-02 10:04:25,4244.0,117389
2021-06-02 10:04:26,4244.0,117389
2021-06-02 10:04:27,4244.0,117389
2021-06-02 10:04:28,4244.0,117389
2021-06-02 10:04:29,4244.0,117389
2021-06-02 10:04:30,4244.0,117389
2021-06-02 10:04:31,4244.0,117389
2021-06-02 10:04:32,4244.0,117389
2021-06-02 10:04:33,4244.0,117389
2021-06-02 10:04:34,4244.0,117389
2021-06-02 10:04:35,4246.4,117424
2021-06-02 10:04:36,4246.4,117424
2021-06-02 10:04:37,4246.85,117479
2021-06-02 10:04:38,4246.85,117479
2021-06-02 10:04:39,4246.85,117479
2021-06-02 10:04:40,4246.85,117479
2021-06-02 10:04:42,4244.5,117509
2021-06-02 10:04:41,4244.5,117509
2021-06-02 10:04:43,4246.85,117560
2021-06-02 10:04:44,4246.85,117560
2021-06-02 10:04:45,4246.85,117560
2021-06-02 10:04:46,4246.85,117560
2021-06-02 10:04:47,4246.85,117560
2021-06-02 10:04:48,4244.9,117570
2021-06-02 10:04:49,4244.9,117571
2021-06-02 10:04:50,4244.9,117571
2021-06-02 10:04:51,4244.9,117571
2021-06-02 10:04:52,4244.9,117571
2021-06-02 10:04:53,4244.9,117571
2021-06-02 10:04:54,4244.9,117571
2021-06-02 10:04:55,4244.9,117571
2021-06-02 10:04:56,4244.9,117571
2021-06-02 10:04:57,4244.9,117571
2021-06-02 10:04:58,4245.0,117601
2021-06-02 10:04:59,4245.0,117601
2021-06-02 10:05:00,4245.0,117601
2021-06-02 10:05:01,4245.0,117601
2021-06-02 10:05:02,4245.0,117601
2021-06-02 10:05:03,4245.0,117601
2021-06-02 10:05:05,4246.9,117602
2021-06-02 10:05:05,4246.9,117602
2021-06-02 10:05:06,4246.9,117628
2021-06-02 10:05:07,4245.05,117648
2021-06-02 10:05:08,4245.05,117648
2021-06-02 10:05:09,4245.05,117648
2021-06-02 10:05:10,4245.05,117648
2021-06-02 10:05:11,4245.05,117648
2021-06-02 10:05:12,4245.05,117648
2021-06-02 10:05:13,4245.1,117653
2021-06-02 10:05:14,4245.1,117653
2021-06-02 10:05:15,4245.1,117653
2021-06-02 10:05:17,4245.1,117653
2021-06-02 10:05:17,4246.5,117663
2021-06-02 10:05:18,4246.5,117665
2021-06-02 10:05:19,4246.5,117665
2021-06-02 10:05:20,4246.5,117665
2021-06-02 10:05:22,4246.5,117665
2021-06-02 10:05:23,4246.5,117668
2021-06-02 10:05:23,4246.5,117668
2021-06-02 10:05:24,4246.5,117668
2021-06-02 10:05:25,4246.5,117668
2021-06-02 10:05:26,4246.5,117668
2021-06-02 10:05:27,4246.5,117668
2021-06-02 10:05:28,4246.7,117683
2021-06-02 10:05:29,4246.7,117683
2021-06-02 10:05:30,4246.7,117683
2021-06-02 10:05:31,4246.7,117683
2021-06-02 10:05:32,4246.7,117683
2021-06-02 10:05:33,4246.7,117708
2021-06-02 10:05:34,4246.7,117708
2021-06-02 10:05:35,4246.7,117708
2021-06-02 10:05:36,4246.9,117711
2021-06-02 10:05:37,4246.9,117750
2021-06-02 10:05:38,4247.3,117772
2021-06-02 10:05:39,4247.3,117772
2021-06-02 10:05:40,4247.3,117772
2021-06-02 10:05:41,4247.3,117772
2021-06-02 10:05:42,4247.3,117772
2021-06-02 10:05:43,4247.3,117772
2021-06-02 10:05:44,4247.3,117772
2021-06-02 10:05:45,4248.1,117786
2021-06-02 10:05:46,4249.6,117884
2021-06-02 10:05:47,4247.95,119873
2021-06-02 10:05:48,4247.95,119873
2021-06-02 10:05:50,4247.0,119941
2021-06-02 10:05:51,4247.0,119941
2021-06-02 10:05:52,4247.0,119941
2021-06-02 10:05:52,4247.0,119941
2021-06-02 10:05:53,4247.0,119941
2021-06-02 10:05:55,4247.0,119941
2021-06-02 10:05:57,4247.0,119941
2021-06-02 10:05:58,4247.0,119941
2021-06-02 10:05:59,4247.0,119941
2021-06-02 10:05:59,4247.0,119941
2021-06-02 10:06:01,4245.55,120338
2021-06-02 10:06:01,4245.55,120338
2021-06-02 10:06:03,4245.55,120338
2021-06-02 10:06:03,4245.55,120338
2021-06-02 10:06:05,4246.55,120438
2021-06-02 10:06:05,4242.9,120488
2021-06-02 10:06:06,4246.4,120489
2021-06-02 10:06:07,4246.4,120489
2021-06-02 10:06:08,4246.0,120499
2021-06-02 10:06:09,4246.0,120499
2021-06-02 10:06:10,4244.2,120509
2021-06-02 10:06:11,4244.2,120509
2021-06-02 10:06:12,4244.2,120509
2021-06-02 10:06:13,4244.2,120509
2021-06-02 10:06:14,4244.2,120509
2021-06-02 10:06:16,4244.2,120509
2021-06-02 10:06:16,4244.2,120509
2021-06-02 10:06:18,4244.2,120509
2021-06-02 10:06:18,4244.2,120509
2021-06-02 10:06:20,4245.95,120545
2021-06-02 10:06:21,4245.95,120545
2021-06-02 10:06:21,4245.95,120545
2021-06-02 10:06:23,4245.95,120545
2021-06-02 10:06:23,4245.95,120545
2021-06-02 10:06:24,4245.95,120545
2021-06-02 10:06:25,4245.95,120545
2021-06-02 10:06:26,4245.95,120545
2021-06-02 10:06:27,4245.95,120545
2021-06-02 10:06:28,4245.95,120545
2021-06-02 10:06:29,4245.95,120545
2021-06-02 10:06:31,4245.9,120549
2021-06-02 10:06:32,4245.9,120549
2021-06-02 10:06:35,4245.9,120549
2021-06-02 10:06:36,4247.0,120570
2021-06-02 10:06:37,4247.0,120570
2021-06-02 10:06:38,4247.0,120570
2021-06-02 10:06:38,4245.95,120571
2021-06-02 10:06:40,4248.15,120572
2021-06-02 10:06:40,4248.15,120573
2021-06-02 10:06:41,4248.15,120588
2021-06-02 10:06:42,4248.55,120591
