timestamp,ltp,volume
2021-06-02 09:15:52,5316.55,10223
2021-06-02 09:16:01,5324.95,11957
2021-06-02 09:16:02,5325.0,12036
2021-06-02 09:16:03,5326.15,14500
2021-06-02 09:16:04,5328.15,14545
2021-06-02 09:16:05,5330.0,14979
2021-06-02 09:16:06,5330.0,15229
2021-06-02 09:16:07,5331.0,15267
2021-06-02 09:16:08,5331.0,15454
2021-06-02 09:16:09,5331.0,15531
2021-06-02 09:16:09,5331.0,15521
2021-06-02 09:16:10,5330.0,15604
2021-06-02 09:16:11,5328.2,15628
2021-06-02 09:16:12,5330.6,16305
2021-06-02 09:16:13,5327.05,16420
2021-06-02 09:16:14,5331.0,16537
2021-06-02 09:16:15,5328.4,16605
2021-06-02 09:16:16,5327.3,16735
2021-06-02 09:16:17,5334.0,16912
2021-06-02 09:16:18,5328.95,16950
2021-06-02 09:16:19,5328.95,17017
2021-06-02 09:16:20,5330.75,17382
2021-06-02 09:16:21,5330.6,17443
2021-06-02 09:16:22,5330.85,17548
2021-06-02 09:16:23,5333.1,17614
2021-06-02 09:16:24,5334.0,17643
2021-06-02 09:16:25,5333.0,17702
2021-06-02 09:16:26,5331.8,17909
2021-06-02 09:16:27,5332.2,18003
2021-06-02 09:16:28,5334.95,18120
2021-06-02 09:16:29,5332.0,18237
2021-06-02 09:16:30,5331.65,18329
2021-06-02 09:16:31,5331.7,18720
2021-06-02 09:16:32,5329.6,19320
2021-06-02 09:16:33,5333.25,19430
2021-06-02 09:16:34,5331.0,19518
2021-06-02 09:16:35,5333.4,19544
2021-06-02 09:16:36,5329.15,19558
2021-06-02 09:16:37,5333.45,19591
2021-06-02 09:16:38,5334.55,19619
2021-06-02 09:16:41,5331.7,19669
2021-06-02 09:16:42,5331.7,19707
2021-06-02 09:16:43,5334.3,19882
2021-06-02 09:16:43,5331.0,19762
2021-06-02 09:16:45,5330.05,19951
2021-06-02 09:16:46,5330.1,19993
2021-06-02 09:16:47,5333.75,20002
2021-06-02 09:16:48,5330.2,20091
2021-06-02 09:16:49,5330.8,20268
2021-06-02 09:16:50,5333.7,20294
2021-06-02 09:16:51,5333.85,20298
2021-06-02 09:16:51,5330.65,20378
2021-06-02 09:16:53,5330.0,20959
2021-06-02 09:16:54,5330.05,21047
2021-06-02 09:16:55,5329.95,21062
2021-06-02 09:16:56,5325.0,21209
2021-06-02 09:16:57,5326.7,21231
2021-06-02 09:16:58,5325.35,21767
2021-06-02 09:16:59,5329.85,21848
2021-06-02 09:17:00,5326.05,21913
2021-06-02 09:17:01,5326.05,21999
2021-06-02 09:17:02,5327.95,22012
2021-06-02 09:17:03,5326.2,22043
2021-06-02 09:17:03,5328.0,22048
2021-06-02 09:17:04,5328.0,22050
2021-06-02 09:17:05,5329.75,22134
2021-06-02 09:17:06,5328.0,22162
2021-06-02 09:17:07,5326.45,22188
2021-06-02 09:17:08,5328.0,22252
2021-06-02 09:17:09,5329.45,22273
2021-06-02 09:17:10,5327.1,22310
2021-06-02 09:17:11,5329.15,22420
2021-06-02 09:17:12,5329.75,22438
2021-06-02 09:17:13,5327.0,22443
2021-06-02 09:17:14,5327.0,22468
2021-06-02 09:17:15,5327.1,22504
2021-06-02 09:17:16,5330.15,24379
2021-06-02 09:17:17,5330.7,24539
2021-06-02 09:17:18,5333.25,24581
2021-06-02 09:17:19,5333.85,24635
2021-06-02 09:17:20,5334.95,24675
2021-06-02 09:17:21,5332.7,24887
2021-06-02 09:17:22,5334.9,24920
2021-06-02 09:17:24,5331.6,25003
2021-06-02 09:17:25,5334.85,25043
2021-06-02 09:17:26,5332.95,25052
2021-06-02 09:17:27,5331.8,25128
2021-06-02 09:17:28,5334.0,25140
2021-06-02 09:17:29,5331.85,25297
2021-06-02 09:17:30,5336.7,29260
2021-06-02 09:17:31,5340.25,29672
2021-06-02 09:17:32,5340.25,29945
2021-06-02 09:17:33,5340.0,30037
2021-06-02 09:17:34,5337.85,30132
2021-06-02 09:17:35,5343.1,30257
2021-06-02 09:17:36,5343.1,30317
2021-06-02 09:17:36,5342.6,30326
2021-06-02 09:17:37,5340.45,30444
2021-06-02 09:17:38,5343.1,30509
2021-06-02 09:17:39,5343.1,30737
2021-06-02 09:17:40,5343.1,30994
2021-06-02 09:17:41,5343.1,31086
2021-06-02 09:17:42,5340.9,31211
2021-06-02 09:17:44,5345.0,33051
2021-06-02 09:17:45,5344.25,33187
2021-06-02 09:17:46,5345.0,34315
2021-06-02 09:17:46,5345.0,34338
2021-06-02 09:17:47,5346.25,34465
2021-06-02 09:17:48,5349.0,34820
2021-06-02 09:17:49,5348.0,34902
2021-06-02 09:17:50,5348.85,35017
2021-06-02 09:17:51,5349.9,35237
2021-06-02 09:17:53,5347.15,35376
2021-06-02 09:17:54,5348.0,35455
2021-06-02 09:17:55,5348.85,35469
2021-06-02 09:17:58,5348.0,35609
2021-06-02 09:17:59,5347.25,35712
2021-06-02 09:18:00,5347.35,35827
2021-06-02 09:18:01,5350.45,38835
2021-06-02 09:18:02,5351.25,39265
2021-06-02 09:18:03,5346.65,39577
2021-06-02 09:18:04,5349.25,39699
2021-06-02 09:18:05,5348.45,39898
2021-06-02 09:18:06,5347.4,40049
2021-06-02 09:18:07,5348.3,40129
2021-06-02 09:18:08,5348.8,40390
2021-06-02 09:18:09,5348.55,40489
2021-06-02 09:18:10,5347.0,40667
2021-06-02 09:18:11,5350.0,41070
2021-06-02 09:18:12,5349.55,41311
2021-06-02 09:18:13,5350.0,41369
2021-06-02 09:18:14,5349.9,41507
2021-06-02 09:18:15,5347.75,41608
2021-06-02 09:18:16,5349.95,41760
2021-06-02 09:18:17,5351.05,41823
2021-06-02 09:18:18,5354.0,42037
2021-06-02 09:18:19,5349.05,42109
2021-06-02 09:18:20,5349.25,42306
2021-06-02 09:18:21,5351.35,42613
2021-06-02 09:18:22,5351.3,42823
2021-06-02 09:18:23,5347.7,43380
2021-06-02 09:18:24,5347.4,43468
2021-06-02 09:18:25,5350.65,43584
2021-06-02 09:18:26,5344.15,43685
2021-06-02 09:18:27,5344.9,43773
2021-06-02 09:18:28,5348.25,43813
2021-06-02 09:18:29,5344.45,43967
2021-06-02 09:18:30,5344.3,44073
2021-06-02 09:18:31,5346.6,44313
2021-06-02 09:18:31,5345.0,44398
2021-06-02 09:18:32,5342.85,44891
2021-06-02 09:18:33,5342.6,45069
2021-06-02 09:18:34,5344.25,45131
2021-06-02 09:18:35,5341.0,45137
2021-06-02 09:18:36,5341.0,45187
2021-06-02 09:18:38,5344.05,45589
2021-06-02 09:18:39,5344.4,45617
2021-06-02 09:18:40,5344.55,45680
2021-06-02 09:18:41,5344.5,45735
2021-06-02 09:18:42,5346.0,45746
2021-06-02 09:18:43,5347.55,45820
2021-06-02 09:18:44,5347.0,45917
2021-06-02 09:18:45,5347.15,45992
2021-06-02 09:18:46,5344.35,46081
2021-06-02 09:18:47,5347.6,46113
2021-06-02 09:18:48,5347.0,46192
2021-06-02 09:18:49,5345.15,46204
2021-06-02 09:18:50,5347.55,46420
2021-06-02 09:18:51,5347.65,46449
2021-06-02 09:18:52,5345.45,46469
2021-06-02 09:18:53,5345.8,46513
2021-06-02 09:18:54,5348.25,46613
2021-06-02 09:18:55,5347.0,46738
2021-06-02 09:18:56,5345.9,46882
2021-06-02 09:18:58,5344.45,47024
2021-06-02 09:18:59,5349.2,47469
2021-06-02 09:19:00,5346.0,47723
2021-06-02 09:19:01,5347.45,47847
2021-06-02 09:19:02,5344.55,47864
2021-06-02 09:19:03,5347.7,47895
2021-06-02 09:19:04,5347.7,48046
2021-06-02 09:19:05,5347.7,48071
2021-06-02 09:19:06,5347.75,48102
2021-06-02 09:19:07,5348.0,48188
2021-06-02 09:19:09,5349.0,49186
2021-06-02 09:19:11,5349.85,49274
2021-06-02 09:19:12,5349.95,49290
2021-06-02 09:19:13,5346.45,49948
2021-06-02 09:19:14,5350.0,50008
2021-06-02 09:19:17,5350.8,50213
2021-06-02 09:19:18,5350.8,50213
2021-06-02 09:19:19,5350.05,50317
2021-06-02 09:19:20,5349.95,50343
2021-06-02 09:19:21,5348.05,50344
2021-06-02 09:19:22,5349.95,50422
2021-06-02 09:19:23,5349.95,50514
2021-06-02 09:19:24,5349.2,50550
2021-06-02 09:19:25,5347.35,50580
2021-06-02 09:19:26,5345.0,50679
2021-06-02 09:19:27,5347.0,50685
2021-06-02 09:19:28,5347.0,50691
2021-06-02 09:19:29,5347.0,50739
2021-06-02 09:19:30,5346.5,50891
2021-06-02 09:19:31,5343.45,51305
2021-06-02 09:19:32,5342.2,51458
2021-06-02 09:19:33,5346.0,51619
2021-06-02 09:19:34,5347.35,51718
2021-06-02 09:19:34,5347.05,51694
2021-06-02 09:19:35,5345.95,51764
2021-06-02 09:19:36,5345.95,51764
2021-06-02 09:19:38,5345.95,51856
2021-06-02 09:19:39,5344.2,51901
2021-06-02 09:19:40,5346.7,51986
2021-06-02 09:19:41,5346.7,52103
2021-06-02 09:19:42,5346.7,52220
2021-06-02 09:19:43,5346.65,52233
2021-06-02 09:19:44,5345.95,52234
2021-06-02 09:19:45,5346.2,52306
2021-06-02 09:19:46,5345.25,52570
2021-06-02 09:19:47,5345.25,52570
2021-06-02 09:19:48,5345.25,52570
2021-06-02 09:19:50,5348.7,52656
2021-06-02 09:19:51,5346.65,52666
2021-06-02 09:19:52,5347.0,52701
2021-06-02 09:19:53,5346.7,52805
2021-06-02 09:19:54,5348.95,52810
2021-06-02 09:19:55,5349.0,52840
2021-06-02 09:19:56,5349.0,52840
2021-06-02 09:19:57,5346.8,52865
2021-06-02 09:19:58,5346.8,52865
2021-06-02 09:19:59,5346.8,52869
2021-06-02 09:20:00,5346.8,52899
2021-06-02 09:20:01,5346.8,52909
2021-06-02 09:20:02,5346.8,53154
2021-06-02 09:20:03,5346.8,53154
2021-06-02 09:20:04,5346.8,53198
2021-06-02 09:20:04,5346.8,53228
2021-06-02 09:20:05,5346.8,53394
2021-06-02 09:20:06,5348.8,53452
2021-06-02 09:20:07,5348.8,53452
2021-06-02 09:20:08,5348.8,53452
2021-06-02 09:20:10,5348.6,53542
2021-06-02 09:20:11,5346.8,53581
2021-06-02 09:20:12,5346.9,53637
2021-06-02 09:20:13,5346.9,53637
2021-06-02 09:20:14,5348.0,53680
2021-06-02 09:20:16,5346.9,53929
2021-06-02 09:20:17,5346.8,53930
2021-06-02 09:20:18,5346.8,53951
2021-06-02 09:20:19,5346.8,53971
2021-06-02 09:20:20,5347.45,54191
2021-06-02 09:20:21,5345.05,54231
2021-06-02 09:20:22,5345.4,54232
2021-06-02 09:20:23,5343.1,54497
2021-06-02 09:20:24,5345.0,54551
2021-06-02 09:20:25,5345.0,54702
2021-06-02 09:20:26,5342.0,54854
2021-06-02 09:20:27,5344.3,54859
2021-06-02 09:20:28,5344.3,54859
2021-06-02 09:20:29,5340.0,56206
2021-06-02 09:20:30,5338.85,56236
2021-06-02 09:20:31,5338.7,56299
2021-06-02 09:20:32,5341.2,56402
2021-06-02 09:20:33,5338.75,56412
2021-06-02 09:20:34,5339.05,56483
2021-06-02 09:20:35,5341.2,56502
2021-06-02 09:20:36,5339.0,56545
2021-06-02 09:20:37,5339.45,56896
2021-06-02 09:20:38,5343.0,57171
2021-06-02 09:20:42,5340.0,57246
2021-06-02 09:20:43,5340.0,57300
2021-06-02 09:20:44,5341.1,57320
2021-06-02 09:20:45,5340.0,57407
2021-06-02 09:20:47,5338.4,58168
2021-06-02 09:20:48,5340.85,58371
2021-06-02 09:20:49,5338.1,58403
2021-06-02 09:20:50,5338.85,58482
2021-06-02 09:20:51,5338.85,58581
2021-06-02 09:20:52,5338.9,58821
2021-06-02 09:20:53,5337.0,58855
2021-06-02 09:20:54,5339.7,58944
2021-06-02 09:20:55,5337.0,58958
2021-06-02 09:20:56,5337.0,58958
2021-06-02 09:20:57,5337.0,59076
2021-06-02 09:20:58,5335.8,59117
2021-06-02 09:20:59,5337.0,59118
2021-06-02 09:21:00,5337.0,59118
2021-06-02 09:21:01,5336.7,59363
2021-06-02 09:21:02,5337.5,59396
2021-06-02 09:21:03,5335.45,59454
2021-06-02 09:21:04,5335.45,59454
2021-06-02 09:21:05,5336.0,59529
2021-06-02 09:21:06,5335.3,59543
2021-06-02 09:21:07,5335.3,59543
2021-06-02 09:21:08,5337.5,59550
2021-06-02 09:21:09,5337.5,59558
2021-06-02 09:21:10,5336.0,59590
2021-06-02 09:21:11,5338.65,59721
2021-06-02 09:21:12,5337.5,59841
2021-06-02 09:21:13,5337.5,59871
2021-06-02 09:21:14,5339.5,59978
2021-06-02 09:21:15,5338.0,60038
2021-06-02 09:21:16,5340.0,60050
2021-06-02 09:21:17,5340.0,60063
2021-06-02 09:21:18,5339.0,60122
2021-06-02 09:21:19,5337.65,60396
2021-06-02 09:21:20,5338.6,60811
2021-06-02 09:21:21,5338.55,60859
2021-06-02 09:21:22,5340.05,61021
2021-06-02 09:21:23,5339.4,61046
2021-06-02 09:21:24,5339.45,61066
2021-06-02 09:21:25,5341.95,61102
2021-06-02 09:21:26,5341.95,61158
2021-06-02 09:21:27,5340.1,61173
2021-06-02 09:21:28,5342.5,61206
2021-06-02 09:21:29,5342.45,61231
2021-06-02 09:21:30,5340.0,61286
2021-06-02 09:21:31,5340.5,61545
2021-06-02 09:21:32,5342.45,61680
2021-06-02 09:21:33,5339.65,61696
2021-06-02 09:21:34,5340.0,61820
2021-06-02 09:21:35,5339.0,62044
2021-06-02 09:21:36,5336.35,62070
2021-06-02 09:21:37,5336.35,62070
2021-06-02 09:21:38,5336.35,62070
2021-06-02 09:21:39,5340.5,62122
2021-06-02 09:21:40,5340.5,62144
2021-06-02 09:21:41,5340.5,62144
2021-06-02 09:21:42,5339.45,62155
2021-06-02 09:21:43,5339.45,62197
2021-06-02 09:21:45,5339.45,62267
2021-06-02 09:21:46,5339.45,62307
2021-06-02 09:21:47,5339.75,62308
2021-06-02 09:21:48,5339.75,62308
2021-06-02 09:21:49,5339.75,62324
2021-06-02 09:21:50,5339.75,62324
2021-06-02 09:21:51,5339.45,62349
2021-06-02 09:21:52,5339.45,62387
2021-06-02 09:21:53,5339.05,62412
2021-06-02 09:21:54,5339.0,62621
2021-06-02 09:21:55,5338.5,62675
2021-06-02 09:21:56,5339.45,62908
2021-06-02 09:21:57,5338.5,62913
2021-06-02 09:21:58,5338.1,62951
2021-06-02 09:21:59,5337.0,62961
2021-06-02 09:22:00,5336.35,63221
2021-06-02 09:22:01,5337.0,63236
2021-06-02 09:22:02,5338.95,63268
2021-06-02 09:22:03,5338.95,63317
2021-06-02 09:22:04,5338.55,63344
2021-06-02 09:22:05,5338.45,63345
2021-06-02 09:22:06,5338.0,63355
2021-06-02 09:22:07,5338.0,63355
2021-06-02 09:22:08,5336.3,63385
2021-06-02 09:22:09,5336.3,63385
2021-06-02 09:22:10,5337.0,63397
2021-06-02 09:22:11,5336.6,63458
2021-06-02 09:22:12,5336.3,63617
2021-06-02 09:22:13,5336.25,63626
2021-06-02 09:22:14,5336.25,63626
2021-06-02 09:22:15,5337.0,63648
2021-06-02 09:22:16,5337.0,63648
2021-06-02 09:22:17,5336.25,64005
2021-06-02 09:22:18,5335.0,64025
2021-06-02 09:22:19,5336.6,64030
2021-06-02 09:22:20,5335.0,64066
2021-06-02 09:22:21,5336.6,64091
2021-06-02 09:22:22,5335.05,64093
2021-06-02 09:22:23,5336.6,64103
2021-06-02 09:22:24,5336.6,64195
2021-06-02 09:22:25,5336.0,64223
2021-06-02 09:22:26,5336.0,64254
2021-06-02 09:22:27,5336.0,64447
2021-06-02 09:22:28,5335.2,64449
2021-06-02 09:22:29,5336.0,64529
2021-06-02 09:22:30,5335.5,64619
2021-06-02 09:22:31,5336.1,64621
2021-06-02 09:22:32,5336.1,64689
2021-06-02 09:22:33,5336.1,64702
2021-06-02 09:22:34,5335.05,64747
2021-06-02 09:22:37,5338.0,64831
2021-06-02 09:22:38,5336.05,64834
2021-06-02 09:22:39,5339.45,64994
2021-06-02 09:22:40,5340.0,65289
2021-06-02 09:22:41,5339.95,65588
2021-06-02 09:22:42,5337.7,65601
2021-06-02 09:22:43,5340.65,66173
2021-06-02 09:22:44,5343.4,66312
2021-06-02 09:22:44,5343.4,66312
2021-06-02 09:22:45,5342.5,66325
2021-06-02 09:22:46,5344.6,66547
2021-06-02 09:22:47,5344.6,66578
2021-06-02 09:22:48,5344.65,66655
2021-06-02 09:22:49,5345.55,67153
2021-06-02 09:22:50,5343.2,67273
2021-06-02 09:22:51,5346.15,67330
2021-06-02 09:22:52,5343.05,67416
2021-06-02 09:22:53,5344.7,67433
2021-06-02 09:22:54,5347.15,67494
2021-06-02 09:22:55,5346.15,67581
2021-06-02 09:22:56,5348.4,68001
2021-06-02 09:22:57,5348.75,68014
2021-06-02 09:22:58,5348.75,68014
2021-06-02 09:22:59,5348.75,68014
2021-06-02 09:23:00,5346.1,68110
2021-06-02 09:23:01,5348.75,68120
2021-06-02 09:23:02,5346.25,68138
2021-06-02 09:23:03,5347.0,68173
2021-06-02 09:23:05,5347.0,68174
2021-06-02 09:23:05,5347.0,68177
2021-06-02 09:23:07,5348.8,68277
2021-06-02 09:23:07,5347.0,68388
2021-06-02 09:23:08,5345.05,68462
2021-06-02 09:23:09,5345.05,68462
2021-06-02 09:23:10,5345.05,68498
2021-06-02 09:23:11,5345.05,68504
2021-06-02 09:23:12,5345.05,68504
2021-06-02 09:23:13,5344.45,68608
2021-06-02 09:23:14,5343.1,68640
2021-06-02 09:23:16,5343.0,68725
2021-06-02 09:23:17,5343.15,68743
2021-06-02 09:23:18,5343.15,68768
2021-06-02 09:23:20,5343.15,68768
2021-06-02 09:23:21,5342.7,68885
2021-06-02 09:23:21,5342.7,68885
2021-06-02 09:23:22,5342.6,68890
2021-06-02 09:23:23,5344.95,68893
2021-06-02 09:23:24,5346.1,68968
2021-06-02 09:23:25,5346.1,68968
2021-06-02 09:23:26,5343.0,68993
2021-06-02 09:23:27,5345.7,68997
2021-06-02 09:23:28,5343.0,68998
2021-06-02 09:23:29,5346.7,69198
2021-06-02 09:23:30,5340.45,70311
2021-06-02 09:23:31,5338.35,70429
2021-06-02 09:23:32,5340.45,70673
2021-06-02 09:23:33,5338.2,70688
2021-06-02 09:23:34,5338.2,70691
2021-06-02 09:23:35,5339.2,70705
2021-06-02 09:23:36,5338.25,70706
2021-06-02 09:23:37,5340.0,70713
2021-06-02 09:23:38,5338.4,70736
2021-06-02 09:23:39,5338.4,70748
2021-06-02 09:23:40,5338.4,70812
2021-06-02 09:23:41,5341.85,70936
2021-06-02 09:23:42,5338.25,70964
2021-06-02 09:23:43,5338.0,71000
2021-06-02 09:23:44,5338.1,71019
2021-06-02 09:23:45,5338.05,71148
2021-06-02 09:23:46,5338.0,71253
2021-06-02 09:23:47,5338.1,71255
2021-06-02 09:23:48,5338.4,71319
2021-06-02 09:23:49,5338.5,71323
2021-06-02 09:23:50,5338.5,71366
2021-06-02 09:23:51,5340.45,71377
2021-06-02 09:23:52,5340.0,71395
2021-06-02 09:23:53,5340.45,71468
2021-06-02 09:23:54,5340.0,71721
2021-06-02 09:23:55,5339.5,71727
2021-06-02 09:23:56,5338.6,71735
2021-06-02 09:23:57,5338.6,71735
2021-06-02 09:23:58,5338.6,71735
2021-06-02 09:23:59,5338.6,71735
2021-06-02 09:24:00,5340.0,71757
2021-06-02 09:24:01,5339.5,71760
2021-06-02 09:24:02,5338.2,71796
2021-06-02 09:24:03,5337.0,71907
2021-06-02 09:24:04,5336.3,71945
2021-06-02 09:24:05,5336.1,71979
2021-06-02 09:24:06,5336.0,72034
2021-06-02 09:24:07,5336.0,72034
2021-06-02 09:24:08,5338.6,72145
2021-06-02 09:24:09,5336.0,72146
2021-06-02 09:24:10,5338.15,72147
2021-06-02 09:24:11,5338.15,72147
2021-06-02 09:24:12,5336.0,72187
2021-06-02 09:24:13,5338.1,72204
2021-06-02 09:24:15,5338.15,72244
2021-06-02 09:24:16,5336.1,72295
2021-06-02 09:24:17,5336.1,72295
2021-06-02 09:24:18,5336.1,72295
2021-06-02 09:24:19,5336.1,72347
2021-06-02 09:24:20,5336.0,72366
2021-06-02 09:24:21,5336.05,72410
2021-06-02 09:24:21,5337.0,72435
2021-06-02 09:24:22,5337.0,72441
2021-06-02 09:24:23,5336.3,72444
2021-06-02 09:24:24,5336.1,72445
2021-06-02 09:24:25,5337.0,72447
2021-06-02 09:24:26,5337.0,72447
2021-06-02 09:24:27,5337.0,72460
2021-06-02 09:24:28,5337.1,72570
2021-06-02 09:24:29,5336.5,72598
2021-06-02 09:24:30,5337.0,72632
2021-06-02 09:24:31,5337.0,72649
2021-06-02 09:24:32,5336.5,72670
2021-06-02 09:24:33,5336.5,72671
2021-06-02 09:24:34,5336.0,72971
2021-06-02 09:24:35,5336.5,73179
2021-06-02 09:24:36,5336.5,73191
2021-06-02 09:24:37,5335.0,73221
2021-06-02 09:24:38,5335.0,73226
2021-06-02 09:24:40,5335.0,73306
2021-06-02 09:24:41,5335.0,73357
2021-06-02 09:24:42,5335.0,73388
2021-06-02 09:24:43,5335.0,73389
2021-06-02 09:24:44,5335.0,73581
2021-06-02 09:24:45,5334.5,73601
2021-06-02 09:24:46,5334.5,73657
2021-06-02 09:24:47,5332.0,73890
2021-06-02 09:24:48,5331.45,73911
2021-06-02 09:24:49,5331.45,73911
2021-06-02 09:24:50,5331.45,73911
2021-06-02 09:24:51,5331.45,73951
2021-06-02 09:24:52,5333.3,73972
2021-06-02 09:24:53,5332.0,73998
2021-06-02 09:24:54,5332.0,73998
2021-06-02 09:24:55,5332.0,73998
2021-06-02 09:24:56,5333.5,74132
2021-06-02 09:24:57,5333.0,74183
2021-06-02 09:24:58,5333.0,74183
2021-06-02 09:24:59,5332.0,74185
2021-06-02 09:25:00,5332.0,74193
2021-06-02 09:25:01,5332.0,74324
2021-06-02 09:25:02,5331.45,74552
2021-06-02 09:25:02,5332.0,74545
2021-06-02 09:25:03,5331.45,74559
2021-06-02 09:25:04,5331.45,74586
2021-06-02 09:25:05,5331.9,74696
2021-06-02 09:25:06,5332.55,74979
2021-06-02 09:25:07,5335.0,75422
2021-06-02 09:25:08,5333.0,75423
2021-06-02 09:25:09,5333.35,75446
2021-06-02 09:25:10,5333.35,75477
2021-06-02 09:25:12,5333.0,75487
2021-06-02 09:25:12,5333.0,75487
2021-06-02 09:25:14,5333.0,75538
2021-06-02 09:25:15,5332.05,75562
2021-06-02 09:25:16,5332.05,75562
2021-06-02 09:25:17,5332.05,75572
2021-06-02 09:25:19,5333.0,75576
2021-06-02 09:25:21,5333.45,75579
2021-06-02 09:25:22,5332.65,75614
2021-06-02 09:25:23,5333.0,75618
2021-06-02 09:25:24,5332.65,75748
2021-06-02 09:25:25,5331.0,75863
2021-06-02 09:25:26,5331.0,75863
2021-06-02 09:25:27,5332.55,75901
2021-06-02 09:25:28,5332.55,76035
2021-06-02 09:25:29,5332.0,76046
2021-06-02 09:25:30,5331.35,76071
2021-06-02 09:25:31,5331.35,76151
2021-06-02 09:25:32,5334.45,76477
2021-06-02 09:25:33,5333.95,76478
2021-06-02 09:25:34,5331.1,76554
2021-06-02 09:25:34,5331.1,76554
2021-06-02 09:25:35,5331.1,76554
2021-06-02 09:25:37,5333.9,76614
2021-06-02 09:25:38,5333.9,76624
2021-06-02 09:25:39,5333.9,76624
2021-06-02 09:25:40,5333.9,76624
2021-06-02 09:25:40,5331.45,76800
2021-06-02 09:25:42,5331.45,76836
2021-06-02 09:25:42,5331.45,76836
2021-06-02 09:25:44,5332.65,76838
2021-06-02 09:25:47,5332.6,76868
2021-06-02 09:25:47,5331.45,76869
2021-06-02 09:25:48,5331.45,76869
2021-06-02 09:25:49,5331.45,76869
2021-06-02 09:25:50,5331.45,76908
2021-06-02 09:25:51,5331.45,76908
2021-06-02 09:25:52,5330.0,76958
2021-06-02 09:25:54,5330.0,76969
2021-06-02 09:25:55,5332.65,77019
2021-06-02 09:25:56,5332.6,77049
2021-06-02 09:25:57,5330.05,77074
2021-06-02 09:25:57,5330.05,77074
2021-06-02 09:25:58,5331.0,77124
2021-06-02 09:26:00,5332.0,77139
2021-06-02 09:26:00,5331.0,77193
2021-06-02 09:26:01,5332.0,77195
2021-06-02 09:26:02,5331.0,77219
2021-06-02 09:26:04,5331.0,77223
2021-06-02 09:26:05,5331.0,77223
2021-06-02 09:26:05,5331.0,77310
2021-06-02 09:26:06,5332.0,77335
2021-06-02 09:26:07,5332.0,77335
2021-06-02 09:26:08,5332.0,77335
2021-06-02 09:26:10,5332.0,77339
2021-06-02 09:26:10,5332.0,77356
2021-06-02 09:26:11,5331.3,77361
2021-06-02 09:26:12,5331.3,77377
2021-06-02 09:26:13,5332.0,77395
2021-06-02 09:26:15,5331.3,77489
2021-06-02 09:26:16,5331.3,77529
2021-06-02 09:26:17,5331.3,77529
2021-06-02 09:26:18,5331.0,77539
2021-06-02 09:26:18,5331.0,77539
2021-06-02 09:26:19,5330.0,77893
2021-06-02 09:26:20,5330.0,77931
2021-06-02 09:26:21,5330.0,77937
2021-06-02 09:26:22,5330.0,77964
2021-06-02 09:26:23,5330.0,77965
2021-06-02 09:26:24,5331.8,78004
2021-06-02 09:26:25,5330.0,78014
2021-06-02 09:26:26,5330.0,78139
2021-06-02 09:26:27,5332.0,78264
2021-06-02 09:26:28,5330.0,78315
2021-06-02 09:26:29,5330.0,78322
2021-06-02 09:26:30,5330.0,78361
2021-06-02 09:26:31,5330.0,78362
2021-06-02 09:26:33,5330.0,78397
2021-06-02 09:26:34,5330.0,78459
2021-06-02 09:26:35,5329.05,78462
2021-06-02 09:26:37,5330.0,78463
2021-06-02 09:26:37,5330.0,78463
2021-06-02 09:26:38,5329.05,78464
2021-06-02 09:26:39,5329.05,78464
2021-06-02 09:26:40,5330.0,78478
2021-06-02 09:26:41,5329.05,78542
2021-06-02 09:26:42,5329.05,78561
2021-06-02 09:26:43,5330.0,78654
2021-06-02 09:26:44,5331.8,78669
2021-06-02 09:26:46,5330.0,78697
2021-06-02 09:26:47,5330.0,78697
2021-06-02 09:26:47,5331.85,78717
2021-06-02 09:26:48,5331.85,78717
2021-06-02 09:26:49,5331.5,78729
2021-06-02 09:26:50,5331.5,78773
2021-06-02 09:26:51,5331.5,78775
2021-06-02 09:26:52,5332.0,78785
2021-06-02 09:26:53,5331.5,78787
2021-06-02 09:26:54,5331.5,78797
2021-06-02 09:26:55,5331.5,78797
2021-06-02 09:26:56,5332.0,78937
2021-06-02 09:26:57,5332.6,78942
2021-06-02 09:26:58,5331.5,78993
2021-06-02 09:26:59,5331.5,78993
2021-06-02 09:27:00,5331.5,79052
2021-06-02 09:27:01,5331.5,79052
2021-06-02 09:27:02,5333.0,79072
2021-06-02 09:27:03,5331.5,79075
2021-06-02 09:27:04,5331.5,79080
2021-06-02 09:27:05,5333.9,79137
2021-06-02 09:27:06,5333.9,79137
2021-06-02 09:27:07,5333.5,79148
2021-06-02 09:27:09,5335.0,79354
2021-06-02 09:27:10,5335.0,79354
2021-06-02 09:27:11,5335.0,79376
2021-06-02 09:27:11,5335.0,79376
2021-06-02 09:27:12,5334.2,79399
2021-06-02 09:27:14,5335.1,79563
2021-06-02 09:27:15,5334.2,79600
2021-06-02 09:27:16,5334.2,79600
2021-06-02 09:27:17,5335.1,79627
2021-06-02 09:27:18,5335.1,79657
2021-06-02 09:27:20,5334.2,79658
2021-06-02 09:27:21,5335.1,79702
2021-06-02 09:27:22,5334.25,79731
2021-06-02 09:27:23,5334.4,79732
2021-06-02 09:27:24,5336.6,79753
2021-06-02 09:27:25,5336.6,79839
2021-06-02 09:27:26,5335.55,79864
2021-06-02 09:27:27,5335.55,79865
2021-06-02 09:27:27,5335.55,79865
2021-06-02 09:27:29,5335.55,79865
2021-06-02 09:27:29,5335.55,79865
2021-06-02 09:27:31,5338.0,79945
2021-06-02 09:27:32,5338.0,79945
2021-06-02 09:27:33,5336.1,79946
2021-06-02 09:27:34,5338.0,79966
2021-06-02 09:27:34,5336.15,79977
2021-06-02 09:27:36,5336.15,79977
2021-06-02 09:27:37,5338.05,80122
2021-06-02 09:27:37,5339.95,80141
2021-06-02 09:27:39,5338.0,80218
2021-06-02 09:27:39,5338.0,80228
2021-06-02 09:27:40,5338.0,80268
2021-06-02 09:27:41,5338.0,80270
2021-06-02 09:27:42,5338.1,80280
2021-06-02 09:27:43,5344.6,81340
2021-06-02 09:27:44,5344.6,81340
2021-06-02 09:27:45,5341.9,81369
2021-06-02 09:27:46,5341.9,81369
2021-06-02 09:27:47,5341.9,81373
2021-06-02 09:27:48,5341.9,81409
2021-06-02 09:27:49,5341.9,81409
2021-06-02 09:27:50,5341.9,81421
2021-06-02 09:27:51,5340.45,81431
2021-06-02 09:27:52,5340.55,81441
2021-06-02 09:27:54,5340.75,81450
2021-06-02 09:27:55,5341.9,81455
2021-06-02 09:27:56,5341.0,81524
2021-06-02 09:27:57,5341.9,81529
2021-06-02 09:27:58,5341.0,81584
2021-06-02 09:27:59,5342.7,81617
2021-06-02 09:28:00,5341.0,81632
2021-06-02 09:28:01,5341.9,81643
2021-06-02 09:28:02,5341.0,81663
2021-06-02 09:28:03,5341.9,81664
2021-06-02 09:28:03,5341.0,81665
2021-06-02 09:28:04,5341.35,81859
2021-06-02 09:28:05,5341.6,81910
2021-06-02 09:28:06,5339.0,82016
2021-06-02 09:28:08,5339.0,82016
2021-06-02 09:28:09,5339.0,82016
2021-06-02 09:28:10,5338.65,82046
2021-06-02 09:28:11,5339.05,82082
2021-06-02 09:28:12,5339.0,82100
2021-06-02 09:28:13,5338.55,82106
2021-06-02 09:28:14,5338.9,82314
2021-06-02 09:28:15,5338.9,82314
2021-06-02 09:28:16,5338.75,82325
2021-06-02 09:28:17,5338.75,82325
2021-06-02 09:28:18,5336.5,82345
2021-06-02 09:28:19,5337.3,82347
2021-06-02 09:28:20,5338.05,82348
2021-06-02 09:28:21,5338.95,82389
2021-06-02 09:28:22,5339.0,82481
2021-06-02 09:28:23,5339.05,82616
2021-06-02 09:28:24,5339.05,82616
2021-06-02 09:28:25,5339.05,82616
2021-06-02 09:28:26,5338.45,82642
2021-06-02 09:28:27,5338.45,82647
2021-06-02 09:28:28,5339.0,82707
2021-06-02 09:28:29,5338.45,82727
2021-06-02 09:28:30,5338.45,82727
2021-06-02 09:28:31,5338.45,82769
2021-06-02 09:28:32,5338.45,82769
2021-06-02 09:28:33,5338.45,82771
2021-06-02 09:28:34,5338.45,82771
2021-06-02 09:28:35,5340.0,82781
2021-06-02 09:28:36,5338.05,82872
2021-06-02 09:28:36,5338.05,82872
2021-06-02 09:28:37,5338.05,82872
2021-06-02 09:28:38,5339.45,83007
2021-06-02 09:28:39,5339.45,83007
2021-06-02 09:28:40,5339.45,83007
2021-06-02 09:28:41,5339.45,83010
2021-06-02 09:28:42,5337.6,83060
2021-06-02 09:28:43,5337.45,83063
2021-06-02 09:28:44,5337.45,83063
2021-06-02 09:28:45,5336.0,83121
2021-06-02 09:28:46,5336.0,83128
2021-06-02 09:28:47,5337.45,83133
2021-06-02 09:28:48,5337.95,83171
2021-06-02 09:28:49,5337.95,83171
2021-06-02 09:28:50,5337.45,83235
2021-06-02 09:28:51,5339.0,83237
2021-06-02 09:28:52,5339.0,83239
2021-06-02 09:28:53,5337.45,83258
2021-06-02 09:28:54,5339.6,83266
2021-06-02 09:28:56,5339.5,83270
2021-06-02 09:28:57,5339.6,83282
2021-06-02 09:28:58,5340.45,83531
2021-06-02 09:28:59,5340.45,83531
2021-06-02 09:29:00,5337.15,83606
2021-06-02 09:29:01,5337.15,83638
2021-06-02 09:29:02,5337.1,83642
2021-06-02 09:29:03,5337.9,83644
2021-06-02 09:29:04,5337.9,83644
2021-06-02 09:29:04,5337.9,83644
2021-06-02 09:29:05,5337.9,83644
2021-06-02 09:29:06,5337.9,83644
2021-06-02 09:29:07,5339.95,83645
2021-06-02 09:29:08,5337.0,83745
2021-06-02 09:29:09,5339.5,83746
2021-06-02 09:29:11,5339.5,83746
2021-06-02 09:29:11,5339.5,83746
2021-06-02 09:29:12,5339.5,83746
2021-06-02 09:29:13,5339.8,83848
2021-06-02 09:29:14,5339.8,83848
2021-06-02 09:29:16,5337.5,83853
2021-06-02 09:29:17,5337.5,83858
2021-06-02 09:29:18,5339.5,83859
2021-06-02 09:29:19,5338.25,83873
2021-06-02 09:29:20,5338.25,83873
2021-06-02 09:29:21,5338.25,83878
2021-06-02 09:29:22,5336.0,83980
2021-06-02 09:29:23,5336.0,83980
2021-06-02 09:29:24,5335.65,83982
2021-06-02 09:29:25,5335.65,83982
2021-06-02 09:29:26,5337.5,84037
2021-06-02 09:29:27,5337.5,84037
2021-06-02 09:29:28,5337.5,84037
2021-06-02 09:29:29,5337.5,84037
2021-06-02 09:29:30,5337.5,84037
2021-06-02 09:29:31,5337.5,84037
2021-06-02 09:29:32,5337.5,84037
2021-06-02 09:29:33,5334.95,84869
2021-06-02 09:29:34,5334.95,84869
2021-06-02 09:29:35,5334.95,84869
2021-06-02 09:29:36,5332.0,84951
2021-06-02 09:29:37,5332.0,84951
2021-06-02 09:29:38,5332.1,84966
2021-06-02 09:29:39,5332.1,84973
2021-06-02 09:29:40,5332.1,84973
2021-06-02 09:29:40,5333.6,85036
2021-06-02 09:29:41,5333.6,85036
2021-06-02 09:29:42,5332.05,85039
2021-06-02 09:29:43,5332.05,85039
2021-06-02 09:29:44,5332.05,85039
2021-06-02 09:29:45,5332.05,85039
2021-06-02 09:29:47,5332.05,85039
2021-06-02 09:29:48,5332.05,85039
2021-06-02 09:29:49,5334.05,85074
2021-06-02 09:29:50,5330.35,85229
2021-06-02 09:29:51,5333.4,85280
2021-06-02 09:29:52,5330.85,85285
2021-06-02 09:29:53,5331.0,85293
2021-06-02 09:29:54,5331.5,85294
2021-06-02 09:29:55,5331.5,85294
2021-06-02 09:29:55,5331.5,85304
2021-06-02 09:29:56,5330.2,85401
2021-06-02 09:29:58,5330.2,85401
2021-06-02 09:29:59,5330.2,85401
2021-06-02 09:30:00,5330.0,85738
2021-06-02 09:30:01,5330.0,85738
2021-06-02 09:30:02,5328.65,85750
2021-06-02 09:30:03,5328.4,85752
2021-06-02 09:30:04,5328.4,85764
2021-06-02 09:30:05,5328.5,85804
2021-06-02 09:30:06,5328.65,85812
2021-06-02 09:30:07,5330.0,85817
2021-06-02 09:30:08,5330.0,85817
2021-06-02 09:30:09,5330.0,85817
2021-06-02 09:30:10,5332.6,85878
2021-06-02 09:30:11,5332.6,85923
2021-06-02 09:30:12,5332.6,85929
2021-06-02 09:30:12,5332.6,85929
2021-06-02 09:30:13,5330.0,85941
2021-06-02 09:30:14,5330.0,85941
2021-06-02 09:30:15,5330.05,85980
2021-06-02 09:30:17,5330.05,85980
2021-06-02 09:30:18,5330.05,85980
2021-06-02 09:30:19,5330.05,85980
2021-06-02 09:30:19,5330.0,85985
2021-06-02 09:30:20,5330.0,86120
2021-06-02 09:30:21,5330.0,86123
2021-06-02 09:30:22,5330.0,86123
2021-06-02 09:30:23,5330.0,86123
2021-06-02 09:30:25,5328.8,86195
2021-06-02 09:30:27,5330.0,86248
2021-06-02 09:30:26,5328.8,86245
2021-06-02 09:30:30,5330.0,86296
2021-06-02 09:30:31,5329.0,86306
2021-06-02 09:30:32,5325.45,87153
2021-06-02 09:30:34,5325.4,87161
2021-06-02 09:30:34,5327.1,87229
2021-06-02 09:30:35,5325.4,87331
2021-06-02 09:30:36,5325.4,87341
2021-06-02 09:30:37,5327.3,87367
2021-06-02 09:30:38,5327.3,87367
2021-06-02 09:30:39,5325.0,87449
2021-06-02 09:30:41,5326.35,87715
2021-06-02 09:30:42,5326.35,87715
2021-06-02 09:30:43,5325.0,87718
2021-06-02 09:30:44,5325.4,87719
2021-06-02 09:30:44,5323.0,87749
2021-06-02 09:30:45,5325.0,87756
2021-06-02 09:30:46,5325.0,87778
2021-06-02 09:30:47,5323.25,87779
2021-06-02 09:30:48,5323.35,87830
2021-06-02 09:30:49,5323.25,87852
2021-06-02 09:30:51,5322.75,87952
2021-06-02 09:30:51,5323.25,87953
2021-06-02 09:30:53,5323.25,88008
2021-06-02 09:30:54,5322.65,88020
2021-06-02 09:30:55,5323.0,88035
2021-06-02 09:30:56,5323.25,88074
2021-06-02 09:30:57,5325.0,88076
2021-06-02 09:30:58,5325.0,88077
2021-06-02 09:31:00,5325.0,88087
2021-06-02 09:31:01,5324.5,88139
2021-06-02 09:31:02,5323.1,88144
2021-06-02 09:31:03,5323.1,88144
2021-06-02 09:31:04,5322.0,88148
2021-06-02 09:31:05,5323.0,88190
2021-06-02 09:31:06,5324.25,88192
2021-06-02 09:31:07,5322.75,88202
2021-06-02 09:31:08,5322.75,88202
2021-06-02 09:31:09,5322.75,88202
2021-06-02 09:31:10,5322.75,88349
2021-06-02 09:31:11,5323.85,88399
2021-06-02 09:31:12,5322.05,88403
2021-06-02 09:31:13,5322.05,88403
2021-06-02 09:31:14,5322.05,88403
2021-06-02 09:31:15,5323.25,88409
2021-06-02 09:31:16,5323.25,88409
2021-06-02 09:31:17,5323.25,88409
2021-06-02 09:31:18,5323.25,88409
2021-06-02 09:31:19,5323.0,88425
2021-06-02 09:31:20,5323.25,88450
2021-06-02 09:31:21,5320.35,88632
2021-06-02 09:31:22,5320.35,88637
2021-06-02 09:31:23,5322.0,88667
2021-06-02 09:31:24,5322.15,88682
2021-06-02 09:31:26,5320.05,88743
2021-06-02 09:31:25,5320.05,88743
2021-06-02 09:31:27,5320.5,88768
2021-06-02 09:31:28,5320.0,88848
2021-06-02 09:31:29,5320.5,88851
2021-06-02 09:31:31,5318.5,91786
2021-06-02 09:31:30,5318.5,91786
2021-06-02 09:31:32,5318.0,91790
2021-06-02 09:31:33,5318.0,91794
2021-06-02 09:31:34,5319.55,91845
2021-06-02 09:31:35,5319.65,92003
2021-06-02 09:31:36,5319.65,92003
2021-06-02 09:31:37,5322.05,92029
2021-06-02 09:31:38,5322.4,92048
2021-06-02 09:31:39,5320.2,92049
2021-06-02 09:31:40,5320.7,92152
2021-06-02 09:31:41,5319.0,92662
2021-06-02 09:31:42,5319.6,92664
2021-06-02 09:31:43,5319.6,92664
2021-06-02 09:31:44,5319.6,92664
2021-06-02 09:31:45,5319.6,92689
2021-06-02 09:31:46,5322.0,92871
2021-06-02 09:31:47,5320.8,92872
2021-06-02 09:31:48,5320.8,92872
2021-06-02 09:31:49,5320.8,92872
2021-06-02 09:31:50,5323.0,92877
2021-06-02 09:31:51,5323.0,92877
2021-06-02 09:31:52,5323.0,92877
2021-06-02 09:31:53,5323.0,92927
2021-06-02 09:31:54,5323.0,92977
2021-06-02 09:31:55,5323.0,93041
2021-06-02 09:31:56,5322.0,93345
2021-06-02 09:31:57,5322.0,93348
2021-06-02 09:31:58,5321.0,93373
2021-06-02 09:31:59,5321.0,93373
2021-06-02 09:32:00,5321.3,93374
2021-06-02 09:32:01,5322.0,93404
2021-06-02 09:32:02,5322.95,93421
2021-06-02 09:32:03,5322.95,93421
2021-06-02 09:32:04,5322.95,93431
2021-06-02 09:32:05,5322.95,93431
2021-06-02 09:32:06,5322.95,93433
2021-06-02 09:32:08,5322.0,93597
2021-06-02 09:32:09,5322.0,93597
2021-06-02 09:32:10,5322.0,93605
2021-06-02 09:32:11,5322.9,93705
2021-06-02 09:32:12,5322.0,93725
2021-06-02 09:32:13,5322.9,93727
2021-06-02 09:32:14,5321.2,93827
2021-06-02 09:32:15,5323.0,93960
2021-06-02 09:32:16,5323.0,93960
2021-06-02 09:32:17,5320.2,93996
2021-06-02 09:32:18,5322.8,94024
2021-06-02 09:32:19,5322.8,94024
2021-06-02 09:32:20,5320.05,94049
2021-06-02 09:32:21,5320.05,94059
2021-06-02 09:32:22,5322.5,94063
2021-06-02 09:32:23,5322.5,94063
2021-06-02 09:32:24,5320.1,94085
2021-06-02 09:32:25,5322.0,94090
2021-06-02 09:32:26,5322.0,94090
2021-06-02 09:32:27,5322.0,94090
2021-06-02 09:32:28,5322.0,94090
2021-06-02 09:32:29,5323.05,94172
2021-06-02 09:32:30,5320.05,94297
2021-06-02 09:32:31,5320.0,94377
2021-06-02 09:32:32,5320.0,94377
2021-06-02 09:32:33,5323.2,94416
2021-06-02 09:32:34,5323.2,94419
2021-06-02 09:32:35,5322.0,94434
2021-06-02 09:32:36,5322.0,94434
2021-06-02 09:32:37,5320.0,94728
2021-06-02 09:32:38,5322.0,94730
2021-06-02 09:32:39,5320.0,94763
2021-06-02 09:32:40,5320.0,94793
2021-06-02 09:32:41,5321.95,94829
2021-06-02 09:32:42,5322.0,94831
2021-06-02 09:32:43,5320.0,94836
2021-06-02 09:32:44,5320.0,94836
2021-06-02 09:32:45,5320.05,94892
2021-06-02 09:32:46,5318.9,94937
2021-06-02 09:32:47,5321.0,94938
2021-06-02 09:32:48,5320.0,94966
2021-06-02 09:32:49,5320.0,94966
2021-06-02 09:32:50,5320.0,94966
2021-06-02 09:32:51,5320.0,94973
2021-06-02 09:32:52,5320.0,94978
2021-06-02 09:32:53,5320.0,94978
2021-06-02 09:32:54,5320.0,95005
2021-06-02 09:32:55,5320.0,95015
2021-06-02 09:32:56,5320.0,95015
2021-06-02 09:32:58,5320.0,95015
2021-06-02 09:32:59,5320.0,95015
2021-06-02 09:33:00,5321.5,95140
2021-06-02 09:33:01,5320.05,95173
2021-06-02 09:33:02,5320.1,95178
2021-06-02 09:33:03,5321.8,95198
2021-06-02 09:33:04,5322.0,95200
2021-06-02 09:33:05,5320.1,95211
2021-06-02 09:33:06,5322.0,95212
2021-06-02 09:33:07,5323.0,95451
2021-06-02 09:33:08,5323.0,95484
2021-06-02 09:33:09,5323.0,95489
2021-06-02 09:33:10,5323.0,95499
2021-06-02 09:33:11,5323.0,95500
2021-06-02 09:33:12,5323.0,95501
2021-06-02 09:33:14,5323.0,95501
2021-06-02 09:33:15,5321.5,95953
2021-06-02 09:33:15,5321.5,95953
2021-06-02 09:33:16,5320.0,96051
2021-06-02 09:33:17,5322.9,96066
2021-06-02 09:33:18,5322.9,96069
2021-06-02 09:33:19,5322.9,96069
2021-06-02 09:33:21,5323.0,96124
2021-06-02 09:33:22,5323.0,96135
2021-06-02 09:33:23,5323.0,96138
2021-06-02 09:33:24,5325.0,96139
2021-06-02 09:33:26,5323.0,96358
2021-06-02 09:33:26,5325.4,96359
2021-06-02 09:33:27,5325.9,96379
2021-06-02 09:33:28,5325.7,96399
2021-06-02 09:33:29,5325.7,96399
2021-06-02 09:33:31,5324.9,96414
2021-06-02 09:33:31,5324.9,96404
2021-06-02 09:33:32,5323.5,96425
2021-06-02 09:33:33,5324.9,96429
2021-06-02 09:33:34,5324.9,96436
2021-06-02 09:33:36,5322.6,96482
2021-06-02 09:33:36,5324.5,96486
2021-06-02 09:33:37,5324.5,96488
2021-06-02 09:33:38,5324.5,96488
2021-06-02 09:33:39,5325.7,96489
2021-06-02 09:33:40,5326.45,96490
2021-06-02 09:33:42,5326.45,96502
2021-06-02 09:33:42,5325.9,96500
2021-06-02 09:33:43,5326.45,96547
2021-06-02 09:33:44,5326.45,96554
2021-06-02 09:33:45,5326.45,96554
2021-06-02 09:33:46,5325.9,96557
2021-06-02 09:33:47,5326.6,96564
2021-06-02 09:33:48,5326.6,96565
2021-06-02 09:33:49,5326.6,96565
2021-06-02 09:33:51,5326.6,96565
2021-06-02 09:33:52,5326.6,96565
2021-06-02 09:33:52,5326.6,96596
2021-06-02 09:33:53,5326.6,96610
2021-06-02 09:33:54,5326.6,96621
2021-06-02 09:33:55,5328.05,96663
2021-06-02 09:33:56,5328.5,96669
2021-06-02 09:33:57,5326.5,96672
2021-06-02 09:33:59,5328.45,96685
2021-06-02 09:33:59,5328.5,96688
2021-06-02 09:34:00,5328.5,96688
2021-06-02 09:34:01,5328.5,96788
2021-06-02 09:34:02,5327.85,96803
2021-06-02 09:34:03,5327.85,96805
2021-06-02 09:34:05,5327.85,96805
2021-06-02 09:34:05,5327.85,96805
2021-06-02 09:34:06,5326.7,96895
2021-06-02 09:34:07,5326.7,96929
2021-06-02 09:34:08,5327.15,96934
2021-06-02 09:34:09,5323.0,97023
2021-06-02 09:34:10,5325.4,97033
2021-06-02 09:34:11,5325.4,97035
2021-06-02 09:34:12,5323.05,97043
2021-06-02 09:34:13,5325.4,97044
2021-06-02 09:34:14,5325.4,97049
2021-06-02 09:34:15,5325.35,97137
2021-06-02 09:34:17,5325.2,97146
2021-06-02 09:34:17,5325.2,97146
2021-06-02 09:34:18,5325.2,97148
2021-06-02 09:34:19,5325.15,97153
2021-06-02 09:34:20,5325.3,97279
2021-06-02 09:34:21,5325.5,97299
2021-06-02 09:34:22,5325.0,97302
2021-06-02 09:34:23,5325.0,97312
2021-06-02 09:34:25,5323.0,97315
2021-06-02 09:34:26,5325.0,97347
2021-06-02 09:34:26,5323.0,97346
2021-06-02 09:34:27,5325.1,97359
2021-06-02 09:34:28,5325.1,97369
2021-06-02 09:34:29,5325.1,97371
2021-06-02 09:34:30,5325.1,97371
2021-06-02 09:34:31,5325.1,97371
2021-06-02 09:34:33,5325.1,97371
2021-06-02 09:34:33,5325.1,97371
2021-06-02 09:34:35,5325.0,97431
2021-06-02 09:34:35,5325.0,97440
2021-06-02 09:34:36,5323.0,97473
2021-06-02 09:34:37,5325.05,97510
2021-06-02 09:34:38,5325.1,97516
2021-06-02 09:34:39,5325.1,97517
2021-06-02 09:34:40,5325.0,97521
2021-06-02 09:34:41,5325.1,97585
2021-06-02 09:34:42,5325.1,97593
2021-06-02 09:34:43,5325.1,97595
2021-06-02 09:34:44,5325.0,97598
2021-06-02 09:34:45,5323.1,97628
2021-06-02 09:34:47,5327.15,97711
2021-06-02 09:34:47,5325.05,97632
2021-06-02 09:34:49,5326.95,97753
2021-06-02 09:34:49,5326.95,97760
2021-06-02 09:34:51,5326.95,97761
2021-06-02 09:34:52,5326.95,97761
2021-06-02 09:34:52,5326.95,97761
2021-06-02 09:34:53,5326.95,97761
2021-06-02 09:34:54,5326.95,97761
2021-06-02 09:34:55,5324.55,97855
2021-06-02 09:34:56,5324.6,97863
2021-06-02 09:34:57,5324.6,97864
2021-06-02 09:34:58,5324.6,97864
2021-06-02 09:35:00,5323.55,97869
2021-06-02 09:35:01,5323.55,97877
2021-06-02 09:35:01,5323.55,97877
2021-06-02 09:35:02,5323.55,97887
2021-06-02 09:35:03,5323.55,97887
2021-06-02 09:35:04,5323.55,97889
2021-06-02 09:35:05,5322.0,98126
2021-06-02 09:35:06,5322.85,98160
2021-06-02 09:35:08,5322.85,98200
2021-06-02 09:35:08,5322.85,98200
2021-06-02 09:35:09,5322.85,98212
2021-06-02 09:35:10,5323.15,98214
2021-06-02 09:35:11,5323.15,98214
2021-06-02 09:35:12,5323.15,98214
2021-06-02 09:35:16,5321.2,98286
2021-06-02 09:35:16,5321.2,98286
2021-06-02 09:35:17,5321.2,98324
2021-06-02 09:35:18,5322.75,98325
2021-06-02 09:35:20,5322.75,98325
2021-06-02 09:35:21,5322.75,98325
2021-06-02 09:35:21,5322.75,98325
2021-06-02 09:35:22,5322.75,98325
2021-06-02 09:35:23,5322.75,98327
2021-06-02 09:35:24,5322.0,98370
2021-06-02 09:35:25,5322.0,98402
2021-06-02 09:35:26,5322.0,98467
2021-06-02 09:35:27,5322.0,98517
2021-06-02 09:35:28,5322.0,98575
2021-06-02 09:35:30,5324.0,98932
2021-06-02 09:35:31,5324.0,98947
2021-06-02 09:35:31,5324.0,98945
2021-06-02 09:35:32,5324.0,98952
2021-06-02 09:35:33,5324.0,98953
2021-06-02 09:35:34,5324.0,98953
2021-06-02 09:35:35,5323.55,98983
2021-06-02 09:35:36,5324.4,98988
2021-06-02 09:35:38,5324.4,99022
2021-06-02 09:35:39,5324.4,99030
2021-06-02 09:35:40,5324.0,99033
2021-06-02 09:35:41,5324.0,99033
2021-06-02 09:35:42,5324.0,99033
2021-06-02 09:35:44,5323.55,99059
2021-06-02 09:35:45,5324.0,99067
2021-06-02 09:35:45,5324.0,99066
2021-06-02 09:35:46,5324.0,99117
2021-06-02 09:35:47,5323.55,99125
2021-06-02 09:35:49,5324.0,99126
2021-06-02 09:35:50,5323.55,99131
2021-06-02 09:35:50,5324.55,99132
2021-06-02 09:35:51,5324.55,99132
2021-06-02 09:35:52,5324.0,99157
2021-06-02 09:35:53,5324.0,99161
2021-06-02 09:35:54,5324.0,99161
2021-06-02 09:35:55,5323.55,99202
2021-06-02 09:35:57,5323.55,99224
2021-06-02 09:35:58,5324.0,99229
2021-06-02 09:35:58,5324.0,99229
2021-06-02 09:35:59,5323.55,99237
2021-06-02 09:36:00,5323.55,99266
2021-06-02 09:36:01,5323.55,99266
2021-06-02 09:36:03,5323.55,99266
2021-06-02 09:36:04,5323.55,99266
2021-06-02 09:36:05,5323.55,99266
2021-06-02 09:36:06,5323.55,99266
2021-06-02 09:36:06,5323.55,99266
2021-06-02 09:36:07,5324.0,99277
2021-06-02 09:36:08,5324.0,99277
2021-06-02 09:36:09,5325.0,99305
2021-06-02 09:36:11,5324.9,99310
2021-06-02 09:36:12,5324.9,99311
2021-06-02 09:36:13,5324.1,99312
2021-06-02 09:36:13,5324.1,99312
2021-06-02 09:36:14,5324.1,99312
2021-06-02 09:36:15,5324.1,99312
2021-06-02 09:36:16,5324.1,99341
2021-06-02 09:36:17,5324.9,99346
2021-06-02 09:36:19,5324.1,99348
2021-06-02 09:36:20,5325.0,99353
2021-06-02 09:36:20,5325.0,99353
2021-06-02 09:36:21,5325.0,99358
2021-06-02 09:36:23,5325.0,99385
2021-06-02 09:36:25,5325.0,99493
2021-06-02 09:36:26,5324.1,99513
2021-06-02 09:36:26,5324.1,99513
2021-06-02 09:36:27,5324.1,99520
2021-06-02 09:36:28,5323.55,99527
2021-06-02 09:36:29,5323.55,99527
2021-06-02 09:36:30,5324.0,99643
2021-06-02 09:36:31,5324.0,99663
2021-06-02 09:36:32,5324.0,99663
2021-06-02 09:36:34,5323.55,99697
2021-06-02 09:36:34,5323.55,99697
2021-06-02 09:36:35,5323.55,99699
2021-06-02 09:36:37,5324.0,99732
2021-06-02 09:36:38,5324.0,99732
2021-06-02 09:36:39,5324.0,99732
2021-06-02 09:36:39,5323.55,99737
2021-06-02 09:36:41,5323.55,99831
2021-06-02 09:36:42,5323.55,99831
2021-06-02 09:36:43,5322.2,99841
2021-06-02 09:36:43,5323.55,99842
2021-06-02 09:36:44,5323.55,99842
2021-06-02 09:36:45,5323.55,99842
2021-06-02 09:36:46,5322.2,99863
2021-06-02 09:36:48,5322.2,99863
2021-06-02 09:36:50,5324.0,99917
2021-06-02 09:36:52,5322.2,99919
2021-06-02 09:36:53,5322.2,99919
2021-06-02 09:36:54,5322.2,99919
2021-06-02 09:36:54,5322.2,99919
2021-06-02 09:36:55,5324.0,99921
2021-06-02 09:36:56,5323.55,100082
2021-06-02 09:36:57,5323.95,100199
2021-06-02 09:36:58,5323.95,100215
2021-06-02 09:37:00,5324.0,100217
2021-06-02 09:37:00,5324.0,100217
2021-06-02 09:37:02,5323.95,100306
2021-06-02 09:37:03,5323.95,100318
2021-06-02 09:37:04,5322.35,100347
2021-06-02 09:37:05,5323.95,100353
2021-06-02 09:37:06,5323.95,100353
2021-06-02 09:37:07,5324.0,100363
2021-06-02 09:37:08,5324.4,100365
2021-06-02 09:37:09,5324.4,100365
2021-06-02 09:37:10,5324.4,100365
2021-06-02 09:37:10,5324.4,100365
2021-06-02 09:37:11,5324.0,100367
2021-06-02 09:37:12,5324.4,100368
2021-06-02 09:37:13,5324.4,100368
2021-06-02 09:37:14,5324.4,100374
2021-06-02 09:37:15,5324.0,100394
2021-06-02 09:37:16,5324.95,100395
2021-06-02 09:37:17,5324.0,100396
2021-06-02 09:37:18,5324.0,100396
2021-06-02 09:37:19,5324.0,100396
2021-06-02 09:37:20,5324.0,100432
2021-06-02 09:37:21,5324.0,100435
2021-06-02 09:37:22,5324.0,100439
2021-06-02 09:37:23,5324.0,100439
2021-06-02 09:37:24,5323.9,100440
2021-06-02 09:37:25,5323.9,100440
2021-06-02 09:37:26,5323.9,100440
2021-06-02 09:37:28,5322.5,100490
2021-06-02 09:37:29,5324.8,100547
2021-06-02 09:37:30,5324.8,100552
2021-06-02 09:37:31,5325.0,100560
2021-06-02 09:37:32,5324.95,100561
2021-06-02 09:37:33,5323.0,100564
2021-06-02 09:37:34,5324.95,100604
2021-06-02 09:37:35,5324.9,100614
2021-06-02 09:37:35,5323.5,100726
2021-06-02 09:37:36,5324.75,100740
2021-06-02 09:37:37,5324.75,100775
2021-06-02 09:37:38,5323.0,100787
2021-06-02 09:37:39,5323.0,100789
2021-06-02 09:37:40,5323.0,100808
2021-06-02 09:37:42,5323.0,100809
2021-06-02 09:37:43,5323.0,100809
2021-06-02 09:37:45,5324.5,100819
2021-06-02 09:37:46,5324.5,100819
2021-06-02 09:37:47,5324.5,100819
2021-06-02 09:37:48,5324.75,100829
2021-06-02 09:37:49,5324.75,100830
2021-06-02 09:37:50,5324.4,100851
2021-06-02 09:37:50,5324.4,100851
2021-06-02 09:37:51,5324.4,100851
2021-06-02 09:37:52,5323.0,101309
2021-06-02 09:37:54,5323.85,101452
2021-06-02 09:37:55,5323.85,101469
2021-06-02 09:37:56,5327.5,102143
2021-06-02 09:37:56,5327.5,102239
2021-06-02 09:37:57,5327.5,102241
2021-06-02 09:37:59,5328.7,102242
2021-06-02 09:37:59,5328.95,102257
2021-06-02 09:38:00,5329.0,102258
2021-06-02 09:38:01,5329.0,102260
2021-06-02 09:38:02,5329.65,102365
2021-06-02 09:38:03,5329.9,102377
2021-06-02 09:38:05,5329.0,102389
2021-06-02 09:38:06,5329.0,102390
2021-06-02 09:38:07,5327.05,102429
2021-06-02 09:38:08,5329.0,102460
2021-06-02 09:38:09,5329.0,102463
2021-06-02 09:38:10,5327.0,102479
2021-06-02 09:38:11,5327.05,102488
2021-06-02 09:38:12,5327.05,102488
2021-06-02 09:38:13,5326.3,102493
2021-06-02 09:38:14,5326.3,102493
2021-06-02 09:38:14,5326.3,102493
2021-06-02 09:38:15,5326.0,102511
2021-06-02 09:38:16,5327.05,102512
2021-06-02 09:38:18,5327.05,102512
2021-06-02 09:38:19,5326.0,102513
2021-06-02 09:38:19,5326.0,102513
2021-06-02 09:38:20,5324.4,102849
2021-06-02 09:38:21,5326.0,102885
2021-06-02 09:38:22,5323.95,102910
2021-06-02 09:38:24,5326.0,102913
2021-06-02 09:38:24,5326.0,102913
2021-06-02 09:38:25,5324.0,102927
2021-06-02 09:38:26,5323.0,102935
2021-06-02 09:38:27,5326.8,103076
2021-06-02 09:38:28,5324.25,103143
2021-06-02 09:38:30,5326.35,103153
2021-06-02 09:38:31,5323.35,103254
2021-06-02 09:38:32,5325.0,103263
2021-06-02 09:38:33,5325.4,103265
2021-06-02 09:38:34,5323.55,103270
2021-06-02 09:38:35,5325.4,103271
2021-06-02 09:38:35,5324.0,103275
2021-06-02 09:38:36,5324.0,103275
2021-06-02 09:38:38,5325.4,103308
2021-06-02 09:38:38,5325.4,103312
2021-06-02 09:38:40,5325.4,103313
2021-06-02 09:38:41,5324.15,103373
2021-06-02 09:38:42,5326.45,103380
2021-06-02 09:38:43,5326.5,103381
2021-06-02 09:38:44,5324.15,103395
2021-06-02 09:38:45,5326.5,103397
2021-06-02 09:38:46,5326.5,103397
2021-06-02 09:38:47,5326.5,103397
2021-06-02 09:38:48,5326.5,103421
2021-06-02 09:38:48,5326.5,103438
2021-06-02 09:38:49,5328.0,103440
2021-06-02 09:38:51,5329.0,103466
2021-06-02 09:38:52,5329.0,103469
2021-06-02 09:38:53,5329.0,103469
2021-06-02 09:38:54,5329.0,103469
2021-06-02 09:38:55,5326.6,103509
2021-06-02 09:38:56,5326.6,103509
2021-06-02 09:38:59,5328.8,103569
2021-06-02 09:38:59,5328.8,103569
2021-06-02 09:39:00,5328.8,103574
2021-06-02 09:39:01,5328.8,103574
2021-06-02 09:39:03,5326.5,103579
2021-06-02 09:39:04,5328.65,103580
2021-06-02 09:39:05,5326.5,103628
2021-06-02 09:39:06,5325.4,103647
2021-06-02 09:39:07,5326.5,103678
2021-06-02 09:39:08,5328.0,103679
2021-06-02 09:39:08,5328.55,103682
2021-06-02 09:39:09,5325.25,103697
2021-06-02 09:39:10,5325.35,103702
2021-06-02 09:39:11,5325.25,103743
2021-06-02 09:39:12,5326.5,103745
2021-06-02 09:39:13,5326.5,103745
2021-06-02 09:39:14,5326.5,103745
2021-06-02 09:39:15,5327.7,103867
2021-06-02 09:39:16,5327.85,103881
2021-06-02 09:39:17,5327.85,103881
2021-06-02 09:39:18,5325.7,103889
2021-06-02 09:39:20,5325.55,103892
2021-06-02 09:39:21,5325.55,103892
2021-06-02 09:39:22,5326.0,103894
2021-06-02 09:39:23,5325.65,103945
2021-06-02 09:39:24,5328.2,103953
2021-06-02 09:39:25,5328.2,103953
2021-06-02 09:39:27,5328.5,103954
2021-06-02 09:39:28,5328.5,103954
2021-06-02 09:39:29,5327.0,104890
2021-06-02 09:39:30,5327.0,104987
2021-06-02 09:39:31,5326.65,105057
2021-06-02 09:39:32,5326.65,105066
2021-06-02 09:39:33,5326.65,105066
2021-06-02 09:39:34,5326.65,105066
2021-06-02 09:39:35,5326.65,105066
2021-06-02 09:39:36,5326.5,105070
2021-06-02 09:39:37,5326.5,105115
2021-06-02 09:39:38,5328.8,105120
2021-06-02 09:39:39,5328.8,105121
2021-06-02 09:39:40,5326.55,105125
2021-06-02 09:39:41,5328.95,105126
2021-06-02 09:39:41,5328.75,105131
2021-06-02 09:39:42,5328.9,105132
2021-06-02 09:39:43,5328.9,105132
2021-06-02 09:39:45,5326.55,105167
2021-06-02 09:39:46,5328.5,105171
2021-06-02 09:39:47,5328.5,105171
2021-06-02 09:39:48,5328.5,105171
2021-06-02 09:39:51,5326.55,105237
2021-06-02 09:39:52,5326.55,105286
2021-06-02 09:39:53,5326.3,105314
2021-06-02 09:39:54,5328.0,105316
2021-06-02 09:39:55,5328.0,105316
2021-06-02 09:39:56,5328.0,105316
2021-06-02 09:39:57,5328.0,105316
2021-06-02 09:39:58,5328.0,105329
2021-06-02 09:39:59,5328.0,105331
2021-06-02 09:40:00,5328.0,105331
2021-06-02 09:40:01,5328.0,105333
2021-06-02 09:40:02,5328.0,105333
2021-06-02 09:40:03,5328.0,105333
2021-06-02 09:40:04,5328.0,105334
2021-06-02 09:40:05,5328.0,105334
2021-06-02 09:40:06,5327.0,105366
2021-06-02 09:40:07,5327.0,105367
2021-06-02 09:40:08,5327.0,105395
2021-06-02 09:40:09,5328.0,105405
2021-06-02 09:40:10,5328.0,105407
2021-06-02 09:40:11,5328.0,105407
2021-06-02 09:40:12,5326.3,105554
2021-06-02 09:40:13,5326.65,105570
2021-06-02 09:40:14,5326.65,105572
2021-06-02 09:40:15,5326.65,105583
2021-06-02 09:40:16,5326.65,105584
2021-06-02 09:40:17,5326.65,105586
2021-06-02 09:40:18,5325.05,105593
2021-06-02 09:40:19,5326.55,105594
2021-06-02 09:40:20,5325.05,105638
2021-06-02 09:40:21,5325.0,105704
2021-06-02 09:40:22,5324.0,107633
2021-06-02 09:40:23,5326.0,107751
2021-06-02 09:40:24,5326.05,107852
2021-06-02 09:40:24,5326.1,107873
2021-06-02 09:40:26,5326.5,107950
2021-06-02 09:40:27,5326.6,107981
2021-06-02 09:40:28,5327.3,108048
2021-06-02 09:40:28,5327.25,108061
2021-06-02 09:40:29,5327.3,108063
2021-06-02 09:40:31,5327.3,108063
2021-06-02 09:40:32,5327.3,108063
2021-06-02 09:40:33,5327.3,108063
2021-06-02 09:40:34,5327.3,108063
2021-06-02 09:40:35,5326.55,108073
2021-06-02 09:40:36,5326.55,108117
2021-06-02 09:40:37,5327.0,108143
2021-06-02 09:40:38,5327.0,108159
2021-06-02 09:40:39,5327.25,108162
2021-06-02 09:40:40,5327.25,108162
2021-06-02 09:40:41,5327.05,108163
2021-06-02 09:40:42,5327.05,108163
2021-06-02 09:40:43,5324.85,108198
2021-06-02 09:40:44,5324.1,108199
2021-06-02 09:40:45,5327.0,108206
2021-06-02 09:40:45,5326.95,108207
2021-06-02 09:40:47,5326.95,108207
2021-06-02 09:40:48,5326.95,108207
2021-06-02 09:40:49,5326.95,108207
2021-06-02 09:40:50,5326.95,108207
2021-06-02 09:40:51,5324.5,108251
2021-06-02 09:40:52,5324.5,108251
2021-06-02 09:40:53,5326.95,108252
2021-06-02 09:40:54,5326.95,108252
2021-06-02 09:40:55,5324.5,108253
2021-06-02 09:40:56,5324.5,108253
2021-06-02 09:40:57,5324.5,108253
2021-06-02 09:40:58,5324.5,108253
2021-06-02 09:41:00,5324.5,108253
2021-06-02 09:41:01,5324.5,108304
2021-06-02 09:41:02,5324.5,108304
2021-06-02 09:41:03,5324.5,108304
2021-06-02 09:41:04,5324.5,108304
2021-06-02 09:41:06,5326.5,108325
2021-06-02 09:41:05,5324.55,108324
2021-06-02 09:41:07,5326.5,108349
2021-06-02 09:41:08,5324.5,108394
2021-06-02 09:41:09,5324.5,108394
2021-06-02 09:41:10,5326.45,108397
2021-06-02 09:41:11,5326.0,108402
2021-06-02 09:41:12,5326.3,108406
2021-06-02 09:41:13,5326.0,108436
2021-06-02 09:41:14,5326.3,108437
2021-06-02 09:41:15,5326.3,108437
2021-06-02 09:41:16,5326.3,108437
2021-06-02 09:41:17,5326.3,108437
2021-06-02 09:41:18,5326.3,108437
2021-06-02 09:41:19,5326.3,108437
2021-06-02 09:41:20,5324.5,108439
2021-06-02 09:41:20,5324.5,108439
2021-06-02 09:41:21,5324.1,108452
2021-06-02 09:41:23,5324.0,108461
2021-06-02 09:41:24,5324.0,108461
2021-06-02 09:41:25,5324.0,108503
2021-06-02 09:41:26,5324.0,108503
2021-06-02 09:41:27,5324.0,108503
2021-06-02 09:41:28,5324.1,108513
2021-06-02 09:41:29,5324.05,108563
2021-06-02 09:41:29,5324.05,108563
2021-06-02 09:41:30,5324.05,108568
2021-06-02 09:41:32,5324.05,108568
2021-06-02 09:41:33,5324.05,108568
2021-06-02 09:41:34,5324.05,108568
2021-06-02 09:41:35,5324.05,108568
2021-06-02 09:41:36,5324.0,108586
2021-06-02 09:41:37,5324.05,108624
2021-06-02 09:41:39,5324.05,108624
2021-06-02 09:41:38,5324.05,108624
2021-06-02 09:41:40,5325.8,108625
2021-06-02 09:41:41,5323.0,108725
2021-06-02 09:41:42,5324.95,108735
2021-06-02 09:41:43,5325.15,108736
2021-06-02 09:41:44,5325.15,108737
2021-06-02 09:41:45,5325.15,108737
2021-06-02 09:41:46,5325.15,108737
2021-06-02 09:41:47,5325.15,108737
2021-06-02 09:41:48,5325.15,108737
2021-06-02 09:41:49,5325.15,108737
2021-06-02 09:41:50,5325.15,108737
2021-06-02 09:41:51,5324.05,108773
2021-06-02 09:41:52,5323.0,108818
2021-06-02 09:41:53,5324.05,108823
2021-06-02 09:41:54,5324.05,108823
2021-06-02 09:41:55,5323.0,108827
2021-06-02 09:41:56,5324.05,108833
2021-06-02 09:41:57,5323.0,108838
2021-06-02 09:41:58,5323.0,108838
2021-06-02 09:41:59,5323.0,108859
2021-06-02 09:42:00,5325.0,108862
2021-06-02 09:42:01,5325.0,108881
2021-06-02 09:42:02,5325.0,108893
2021-06-02 09:42:03,5325.0,108895
2021-06-02 09:42:04,5325.0,108906
2021-06-02 09:42:05,5323.0,108947
2021-06-02 09:42:06,5325.0,108951
2021-06-02 09:42:07,5325.05,108985
2021-06-02 09:42:08,5325.1,108989
2021-06-02 09:42:09,5325.1,108990
2021-06-02 09:42:10,5325.1,108990
2021-06-02 09:42:11,5325.1,108990
2021-06-02 09:42:12,5323.0,109000
2021-06-02 09:42:13,5323.0,109000
2021-06-02 09:42:14,5323.0,109000
2021-06-02 09:42:15,5322.45,109029
2021-06-02 09:42:16,5322.45,109029
2021-06-02 09:42:17,5322.45,109029
2021-06-02 09:42:18,5322.45,109029
2021-06-02 09:42:19,5323.0,109058
2021-06-02 09:42:20,5323.0,109058
2021-06-02 09:42:22,5322.05,109106
2021-06-02 09:42:23,5323.0,109111
2021-06-02 09:42:24,5325.0,109211
2021-06-02 09:42:25,5325.0,109218
2021-06-02 09:42:26,5325.0,109219
2021-06-02 09:42:27,5325.0,109219
2021-06-02 09:42:28,5325.0,109227
2021-06-02 09:42:29,5325.0,109228
2021-06-02 09:42:30,5322.05,109478
2021-06-02 09:42:31,5324.7,109501
2021-06-02 09:42:32,5324.7,109503
2021-06-02 09:42:33,5324.7,109504
2021-06-02 09:42:34,5324.7,109504
2021-06-02 09:42:35,5323.3,109510
2021-06-02 09:42:36,5322.8,109521
2021-06-02 09:42:37,5322.8,109551
2021-06-02 09:42:39,5322.8,109551
2021-06-02 09:42:38,5322.8,109551
2021-06-02 09:42:40,5322.8,109551
2021-06-02 09:42:41,5322.9,109560
2021-06-02 09:42:42,5322.9,109563
2021-06-02 09:42:43,5323.15,109585
2021-06-02 09:42:44,5324.5,109592
2021-06-02 09:42:45,5324.5,109593
2021-06-02 09:42:46,5324.5,109593
2021-06-02 09:42:47,5324.5,109593
2021-06-02 09:42:48,5324.5,109593
2021-06-02 09:42:49,5324.5,109593
2021-06-02 09:42:50,5323.05,109626
2021-06-02 09:42:51,5322.9,109656
2021-06-02 09:42:52,5322.9,109656
2021-06-02 09:42:53,5322.5,109671
2021-06-02 09:42:54,5323.05,109676
2021-06-02 09:42:55,5324.55,109686
2021-06-02 09:42:56,5324.55,109687
2021-06-02 09:42:57,5324.55,109687
2021-06-02 09:42:58,5324.55,109687
2021-06-02 09:42:59,5322.5,109731
2021-06-02 09:43:00,5321.05,109751
2021-06-02 09:43:01,5321.05,109799
2021-06-02 09:43:02,5321.05,109799
2021-06-02 09:43:03,5321.05,109801
2021-06-02 09:43:05,5320.0,109956
2021-06-02 09:43:06,5321.9,110292
2021-06-02 09:43:07,5322.05,110324
2021-06-02 09:43:08,5322.65,110350
2021-06-02 09:43:09,5322.65,110353
2021-06-02 09:43:10,5322.65,110354
2021-06-02 09:43:11,5322.65,110354
2021-06-02 09:43:12,5322.65,110354
2021-06-02 09:43:13,5322.65,110354
2021-06-02 09:43:14,5322.65,110355
2021-06-02 09:43:15,5322.65,110355
2021-06-02 09:43:16,5322.55,110371
2021-06-02 09:43:17,5321.0,110412
2021-06-02 09:43:18,5322.0,110420
2021-06-02 09:43:19,5322.0,110421
2021-06-02 09:43:20,5322.0,110718
2021-06-02 09:43:21,5322.35,110865
2021-06-02 09:43:22,5324.0,110893
2021-06-02 09:43:23,5321.95,110996
2021-06-02 09:43:24,5323.85,111007
2021-06-02 09:43:25,5323.0,111013
2021-06-02 09:43:26,5324.0,111036
2021-06-02 09:43:27,5325.0,111335
2021-06-02 09:43:28,5325.55,111415
2021-06-02 09:43:29,5327.4,111540
2021-06-02 09:43:30,5328.0,111554
2021-06-02 09:43:31,5327.4,111556
2021-06-02 09:43:32,5327.4,111556
2021-06-02 09:43:33,5327.4,111556
2021-06-02 09:43:34,5327.4,111556
2021-06-02 09:43:35,5325.95,111660
2021-06-02 09:43:36,5325.95,111691
2021-06-02 09:43:37,5328.1,111701
2021-06-02 09:43:38,5328.15,111706
2021-06-02 09:43:39,5328.15,111712
2021-06-02 09:43:40,5328.15,111712
2021-06-02 09:43:41,5328.15,111712
2021-06-02 09:43:42,5329.7,111747
2021-06-02 09:43:43,5329.85,111751
2021-06-02 09:43:44,5329.85,111751
2021-06-02 09:43:47,5329.85,111751
2021-06-02 09:43:47,5329.85,111751
2021-06-02 09:43:48,5329.85,111751
2021-06-02 09:43:49,5329.85,111751
2021-06-02 09:43:50,5328.15,111822
2021-06-02 09:43:51,5329.8,111832
2021-06-02 09:43:53,5330.0,112163
2021-06-02 09:43:53,5332.1,112179
2021-06-02 09:43:54,5332.2,112197
2021-06-02 09:43:55,5332.15,112214
2021-06-02 09:43:56,5332.1,112217
2021-06-02 09:43:57,5332.1,112217
2021-06-02 09:43:58,5330.0,112227
2021-06-02 09:43:59,5332.3,112229
2021-06-02 09:44:01,5332.3,112229
2021-06-02 09:44:01,5332.3,112229
2021-06-02 09:44:02,5332.3,112239
2021-06-02 09:44:03,5332.2,112240
2021-06-02 09:44:04,5332.2,112240
2021-06-02 09:44:05,5330.0,112279
2021-06-02 09:44:06,5330.0,112279
2021-06-02 09:44:07,5332.15,112313
2021-06-02 09:44:08,5332.15,112318
2021-06-02 09:44:09,5332.2,112322
2021-06-02 09:44:10,5332.2,112322
2021-06-02 09:44:11,5332.2,112322
2021-06-02 09:44:13,5332.2,112322
2021-06-02 09:44:14,5332.25,112324
2021-06-02 09:44:15,5330.0,112340
2021-06-02 09:44:16,5330.0,112340
2021-06-02 09:44:17,5330.0,112340
2021-06-02 09:44:19,5332.0,112342
2021-06-02 09:44:19,5332.0,112342
2021-06-02 09:44:20,5330.0,112399
2021-06-02 09:44:22,5330.0,112403
2021-06-02 09:44:22,5330.0,112405
2021-06-02 09:44:23,5330.0,112406
2021-06-02 09:44:24,5328.35,112511
2021-06-02 09:44:25,5330.0,112516
2021-06-02 09:44:27,5330.0,112545
2021-06-02 09:44:27,5330.0,112542
2021-06-02 09:44:28,5330.0,112546
2021-06-02 09:44:29,5330.0,112546
2021-06-02 09:44:31,5331.3,112550
2021-06-02 09:44:31,5331.3,112550
2021-06-02 09:44:32,5329.0,112558
2021-06-02 09:44:33,5331.3,112559
2021-06-02 09:44:34,5331.3,112560
2021-06-02 09:44:35,5331.3,112565
2021-06-02 09:44:36,5330.0,112602
2021-06-02 09:44:37,5332.0,112618
2021-06-02 09:44:38,5332.05,112642
2021-06-02 09:44:39,5332.2,112696
2021-06-02 09:44:41,5331.05,113152
2021-06-02 09:44:41,5331.05,113152
2021-06-02 09:44:42,5332.0,113172
2021-06-02 09:44:43,5331.15,113177
2021-06-02 09:44:44,5333.85,113217
2021-06-02 09:44:45,5334.2,113597
2021-06-02 09:44:46,5335.5,113654
2021-06-02 09:44:47,5336.5,113894
2021-06-02 09:44:48,5334.45,113944
2021-06-02 09:44:49,5334.55,114035
2021-06-02 09:44:51,5337.0,114050
2021-06-02 09:44:52,5337.5,114052
2021-06-02 09:44:53,5338.45,114196
2021-06-02 09:44:53,5338.45,114215
2021-06-02 09:44:54,5338.55,114218
2021-06-02 09:44:55,5338.55,114218
2021-06-02 09:44:56,5334.45,114299
2021-06-02 09:44:57,5338.0,114308
2021-06-02 09:44:58,5338.3,114309
2021-06-02 09:44:59,5337.0,114319
2021-06-02 09:45:00,5338.5,114338
2021-06-02 09:45:01,5338.5,114341
2021-06-02 09:45:02,5339.0,114489
2021-06-02 09:45:03,5339.95,114509
2021-06-02 09:45:04,5340.6,115717
2021-06-02 09:45:05,5340.05,115724
2021-06-02 09:45:06,5343.4,116007
2021-06-02 09:45:08,5343.3,116112
2021-06-02 09:45:08,5343.3,116127
2021-06-02 09:45:09,5340.5,116139
2021-06-02 09:45:10,5340.15,116240
2021-06-02 09:45:11,5343.0,116252
2021-06-02 09:45:12,5343.0,116253
2021-06-02 09:45:13,5343.0,116282
2021-06-02 09:45:14,5340.7,116311
2021-06-02 09:45:15,5343.45,116340
2021-06-02 09:45:16,5343.35,116429
2021-06-02 09:45:17,5343.0,116433
2021-06-02 09:45:19,5343.0,116440
2021-06-02 09:45:19,5343.0,116443
2021-06-02 09:45:20,5341.0,116503
2021-06-02 09:45:21,5340.7,116548
2021-06-02 09:45:22,5340.7,116570
2021-06-02 09:45:23,5341.0,116573
2021-06-02 09:45:24,5341.0,116574
2021-06-02 09:45:25,5341.05,116595
2021-06-02 09:45:27,5340.0,116849
2021-06-02 09:45:27,5342.9,116880
2021-06-02 09:45:28,5342.95,116894
2021-06-02 09:45:29,5341.0,116902
2021-06-02 09:45:30,5342.95,116903
2021-06-02 09:45:31,5342.95,116903
2021-06-02 09:45:32,5341.0,116913
2021-06-02 09:45:33,5342.0,117166
2021-06-02 09:45:34,5342.1,117209
2021-06-02 09:45:35,5344.0,117214
2021-06-02 09:45:36,5341.05,117775
2021-06-02 09:45:37,5343.95,117838
2021-06-02 09:45:38,5343.95,117896
2021-06-02 09:45:39,5343.95,117946
2021-06-02 09:45:40,5342.95,117948
2021-06-02 09:45:41,5343.95,117954
2021-06-02 09:45:42,5343.95,117955
2021-06-02 09:45:43,5343.95,117955
2021-06-02 09:45:44,5343.95,118005
2021-06-02 09:45:45,5343.95,118016
2021-06-02 09:45:47,5343.0,118023
2021-06-02 09:45:47,5343.0,118023
2021-06-02 09:45:49,5341.5,118484
2021-06-02 09:45:49,5342.85,118528
2021-06-02 09:45:51,5341.05,118661
2021-06-02 09:45:52,5343.55,118676
2021-06-02 09:45:53,5342.0,118698
2021-06-02 09:45:53,5343.4,118701
2021-06-02 09:45:54,5342.0,118756
2021-06-02 09:45:55,5342.0,118793
2021-06-02 09:45:56,5343.95,118881
2021-06-02 09:45:57,5343.95,118897
2021-06-02 09:45:58,5342.95,118900
2021-06-02 09:45:59,5341.0,119260
2021-06-02 09:46:00,5339.15,119394
2021-06-02 09:46:01,5341.45,119409
2021-06-02 09:46:02,5341.45,119409
2021-06-02 09:46:03,5339.5,119416
2021-06-02 09:46:04,5342.45,119427
2021-06-02 09:46:06,5342.4,119428
2021-06-02 09:46:07,5342.45,119705
2021-06-02 09:46:08,5343.0,119752
2021-06-02 09:46:10,5341.0,119778
2021-06-02 09:46:11,5341.0,119858
2021-06-02 09:46:12,5342.8,119868
2021-06-02 09:46:13,5342.9,119878
2021-06-02 09:46:13,5342.9,119879
2021-06-02 09:46:14,5342.9,119879
2021-06-02 09:46:15,5341.0,119932
2021-06-02 09:46:16,5344.0,120158
2021-06-02 09:46:17,5344.4,120407
2021-06-02 09:46:18,5343.95,120413
2021-06-02 09:46:19,5344.2,120445
2021-06-02 09:46:20,5344.2,120450
2021-06-02 09:46:22,5344.0,120500
2021-06-02 09:46:22,5343.8,120506
2021-06-02 09:46:23,5343.8,120507
2021-06-02 09:46:25,5343.8,120547
2021-06-02 09:46:26,5343.8,120552
2021-06-02 09:46:27,5342.0,120577
2021-06-02 09:46:27,5343.8,120585
2021-06-02 09:46:29,5345.9,121592
2021-06-02 09:46:30,5344.0,121670
2021-06-02 09:46:31,5346.0,121750
2021-06-02 09:46:32,5343.35,121771
2021-06-02 09:46:33,5344.0,121800
2021-06-02 09:46:34,5345.0,121802
2021-06-02 09:46:35,5346.95,121914
2021-06-02 09:46:36,5346.9,122031
2021-06-02 09:46:37,5345.0,122079
2021-06-02 09:46:39,5347.05,122140
2021-06-02 09:46:42,5348.95,122977
2021-06-02 09:46:43,5346.05,123043
2021-06-02 09:46:43,5349.0,123051
2021-06-02 09:46:44,5349.0,123102
2021-06-02 09:46:45,5346.05,123118
2021-06-02 09:46:46,5349.0,123179
2021-06-02 09:46:47,5349.0,123281
2021-06-02 09:46:48,5350.0,128410
2021-06-02 09:46:49,5350.0,128410
2021-06-02 09:46:50,5349.0,128412
2021-06-02 09:46:52,5350.0,128512
2021-06-02 09:46:53,5350.0,128546
2021-06-02 09:46:54,5350.95,128671
2021-06-02 09:46:54,5350.95,128671
2021-06-02 09:46:55,5350.0,128687
2021-06-02 09:46:56,5348.55,128698
2021-06-02 09:46:57,5350.0,128699
2021-06-02 09:46:58,5350.0,128704
2021-06-02 09:46:59,5350.0,128704
2021-06-02 09:47:00,5348.15,128748
2021-06-02 09:47:01,5345.5,128783
2021-06-02 09:47:02,5345.25,128796
2021-06-02 09:47:03,5341.95,129697
2021-06-02 09:47:04,5345.65,129742
2021-06-02 09:47:07,5342.0,129900
2021-06-02 09:47:08,5343.5,129905
2021-06-02 09:47:09,5343.55,129917
2021-06-02 09:47:09,5345.15,129919
2021-06-02 09:47:10,5345.15,129920
2021-06-02 09:47:11,5345.15,129920
2021-06-02 09:47:12,5341.8,129965
2021-06-02 09:47:13,5341.8,129965
2021-06-02 09:47:14,5344.75,129999
2021-06-02 09:47:15,5344.85,130019
2021-06-02 09:47:16,5344.85,130021
2021-06-02 09:47:17,5344.85,130022
2021-06-02 09:47:18,5344.85,130022
2021-06-02 09:47:20,5344.85,130022
2021-06-02 09:47:21,5344.8,130322
2021-06-02 09:47:22,5345.0,130373
2021-06-02 09:47:23,5346.45,130391
2021-06-02 09:47:24,5347.75,130396
2021-06-02 09:47:25,5347.75,130396
2021-06-02 09:47:26,5348.0,130405
2021-06-02 09:47:27,5346.1,130446
2021-06-02 09:47:28,5346.1,130456
2021-06-02 09:47:29,5346.1,130529
2021-06-02 09:47:30,5344.5,130547
2021-06-02 09:47:31,5344.5,130547
2021-06-02 09:47:31,5344.5,130547
2021-06-02 09:47:32,5344.5,130547
2021-06-02 09:47:33,5344.5,130558
2021-06-02 09:47:34,5345.0,130598
2021-06-02 09:47:35,5345.7,130601
2021-06-02 09:47:36,5345.0,130608
2021-06-02 09:47:38,5345.5,130693
2021-06-02 09:47:39,5346.65,130703
2021-06-02 09:47:40,5346.6,130705
2021-06-02 09:47:41,5345.0,130713
2021-06-02 09:47:42,5345.0,130718
2021-06-02 09:47:43,5345.0,130718
2021-06-02 09:47:44,5345.0,130728
2021-06-02 09:47:45,5345.0,130729
2021-06-02 09:47:46,5345.0,130737
2021-06-02 09:47:47,5344.5,130740
2021-06-02 09:47:47,5344.5,130740
2021-06-02 09:47:48,5344.5,130741
2021-06-02 09:47:49,5344.5,130741
2021-06-02 09:47:50,5344.05,130801
2021-06-02 09:47:51,5346.9,130858
2021-06-02 09:47:52,5346.8,130865
2021-06-02 09:47:53,5344.1,130882
2021-06-02 09:47:54,5346.75,130884
2021-06-02 09:47:56,5346.75,130884
2021-06-02 09:47:57,5346.8,130894
2021-06-02 09:47:58,5346.8,130895
2021-06-02 09:47:59,5344.3,130940
2021-06-02 09:48:00,5344.4,130970
2021-06-02 09:48:01,5346.55,130973
2021-06-02 09:48:02,5344.35,131002
2021-06-02 09:48:03,5344.35,131007
2021-06-02 09:48:04,5344.35,131007
2021-06-02 09:48:04,5344.35,131007
2021-06-02 09:48:06,5344.0,131218
2021-06-02 09:48:07,5344.0,131271
2021-06-02 09:48:08,5341.45,131279
2021-06-02 09:48:09,5344.0,131320
2021-06-02 09:48:10,5342.0,131330
2021-06-02 09:48:11,5342.0,131340
2021-06-02 09:48:12,5341.0,131391
2021-06-02 09:48:13,5342.0,131392
2021-06-02 09:48:13,5342.0,131392
2021-06-02 09:48:14,5342.0,131392
2021-06-02 09:48:15,5342.05,131429
2021-06-02 09:48:16,5342.0,131529
2021-06-02 09:48:17,5344.4,131539
2021-06-02 09:48:18,5342.2,131541
2021-06-02 09:48:19,5342.15,131543
2021-06-02 09:48:20,5343.85,131552
2021-06-02 09:48:22,5344.35,131613
2021-06-02 09:48:22,5344.35,131613
2021-06-02 09:48:24,5344.3,131620
2021-06-02 09:48:25,5344.95,131670
2021-06-02 09:48:26,5343.45,131676
2021-06-02 09:48:27,5343.45,131676
2021-06-02 09:48:28,5343.0,131679
2021-06-02 09:48:29,5343.0,131682
2021-06-02 09:48:30,5343.0,131692
2021-06-02 09:48:31,5343.0,131696
2021-06-02 09:48:31,5343.0,131696
2021-06-02 09:48:33,5343.0,131696
2021-06-02 09:48:33,5343.0,131696
2021-06-02 09:48:35,5343.0,131696
2021-06-02 09:48:36,5342.2,131721
2021-06-02 09:48:37,5343.45,131771
2021-06-02 09:48:38,5344.0,131834
2021-06-02 09:48:39,5343.45,131843
2021-06-02 09:48:40,5343.45,131843
2021-06-02 09:48:41,5343.0,131887
2021-06-02 09:48:41,5343.0,131887
2021-06-02 09:48:42,5343.0,131887
2021-06-02 09:48:43,5344.0,131894
2021-06-02 09:48:44,5344.0,131905
2021-06-02 09:48:45,5344.0,131906
2021-06-02 09:48:46,5343.45,131908
2021-06-02 09:48:48,5342.25,131915
2021-06-02 09:48:49,5342.25,131915
2021-06-02 09:48:50,5342.25,131915
2021-06-02 09:48:51,5342.25,131937
2021-06-02 09:48:52,5342.15,131945
2021-06-02 09:48:52,5342.15,131945
2021-06-02 09:48:53,5342.15,131945
2021-06-02 09:48:55,5342.25,131955
2021-06-02 09:48:56,5342.15,131965
2021-06-02 09:48:57,5342.2,131969
2021-06-02 09:48:58,5342.0,131979
2021-06-02 09:48:59,5343.45,131991
2021-06-02 09:49:00,5342.0,131993
2021-06-02 09:49:00,5342.0,132030
2021-06-02 09:49:01,5342.0,132030
2021-06-02 09:49:02,5342.0,132030
2021-06-02 09:49:04,5342.0,132032
2021-06-02 09:49:05,5341.1,132082
2021-06-02 09:49:06,5343.0,132083
2021-06-02 09:49:07,5343.0,132133
2021-06-02 09:49:07,5343.0,132133
2021-06-02 09:49:08,5344.5,132507
2021-06-02 09:49:10,5346.0,132522
2021-06-02 09:49:10,5346.0,132542
2021-06-02 09:49:11,5344.0,132556
2021-06-02 09:49:13,5346.0,132621
2021-06-02 09:49:14,5343.65,132655
2021-06-02 09:49:15,5343.25,132659
2021-06-02 09:49:16,5345.65,132711
2021-06-02 09:49:18,5345.65,132715
2021-06-02 09:49:19,5344.0,132749
2021-06-02 09:49:20,5343.45,132754
2021-06-02 09:49:21,5345.9,132805
2021-06-02 09:49:22,5343.5,132832
2021-06-02 09:49:23,5344.1,132837
2021-06-02 09:49:24,5345.6,132858
2021-06-02 09:49:25,5343.55,132862
2021-06-02 09:49:26,5343.55,132862
2021-06-02 09:49:26,5343.55,132862
2021-06-02 09:49:27,5343.6,132865
2021-06-02 09:49:28,5343.6,132866
2021-06-02 09:49:29,5343.6,132891
2021-06-02 09:49:30,5345.9,132921
2021-06-02 09:49:31,5345.9,132923
2021-06-02 09:49:32,5343.7,132943
2021-06-02 09:49:33,5345.9,132945
2021-06-02 09:49:34,5343.7,132951
2021-06-02 09:49:35,5343.7,132963
2021-06-02 09:49:37,5343.7,132989
2021-06-02 09:49:37,5343.7,132989
2021-06-02 09:49:39,5343.75,132997
2021-06-02 09:49:40,5343.75,132997
2021-06-02 09:49:40,5343.75,132997
2021-06-02 09:49:41,5343.75,132997
2021-06-02 09:49:42,5344.45,133001
2021-06-02 09:49:43,5344.45,133001
2021-06-02 09:49:45,5344.0,133039
2021-06-02 09:49:46,5344.0,133040
2021-06-02 09:49:47,5343.6,133169
2021-06-02 09:49:47,5343.6,133175
2021-06-02 09:49:48,5343.6,133202
2021-06-02 09:49:49,5343.6,133255
2021-06-02 09:49:51,5343.6,133364
2021-06-02 09:49:52,5343.6,133376
2021-06-02 09:49:52,5343.6,133377
2021-06-02 09:49:53,5343.4,133382
2021-06-02 09:49:54,5343.6,133383
2021-06-02 09:49:56,5343.6,133383
2021-06-02 09:49:57,5343.6,133383
2021-06-02 09:49:58,5343.6,133383
2021-06-02 09:49:59,5343.4,133385
2021-06-02 09:50:01,5343.4,133391
2021-06-02 09:50:02,5343.0,133396
2021-06-02 09:50:03,5343.4,133400
2021-06-02 09:50:04,5343.4,133400
2021-06-02 09:50:05,5343.4,133400
2021-06-02 09:50:06,5343.0,133431
2021-06-02 09:50:07,5343.6,133578
2021-06-02 09:50:08,5343.6,133593
2021-06-02 09:50:09,5343.6,133596
2021-06-02 09:50:10,5343.6,133607
2021-06-02 09:50:11,5343.6,133608
2021-06-02 09:50:12,5343.0,133613
2021-06-02 09:50:13,5343.0,133825
2021-06-02 09:50:14,5343.6,133834
2021-06-02 09:50:15,5343.6,133834
2021-06-02 09:50:16,5343.0,133842
2021-06-02 09:50:16,5343.0,133842
2021-06-02 09:50:17,5343.0,133842
2021-06-02 09:50:18,5343.0,133842
2021-06-02 09:50:20,5343.0,133867
2021-06-02 09:50:21,5343.0,133908
2021-06-02 09:50:22,5343.0,133908
2021-06-02 09:50:23,5343.0,133933
2021-06-02 09:50:24,5343.0,133933
2021-06-02 09:50:25,5343.0,134227
2021-06-02 09:50:26,5341.0,134258
2021-06-02 09:50:26,5341.0,134258
2021-06-02 09:50:27,5341.0,134258
2021-06-02 09:50:28,5341.0,134258
2021-06-02 09:50:30,5341.05,134263
2021-06-02 09:50:31,5340.05,134368
2021-06-02 09:50:32,5341.05,134404
2021-06-02 09:50:32,5341.05,134404
2021-06-02 09:50:33,5341.05,134404
2021-06-02 09:50:35,5341.05,134412
2021-06-02 09:50:36,5341.05,134412
2021-06-02 09:50:37,5342.85,134476
2021-06-02 09:50:38,5340.35,134551
2021-06-02 09:50:39,5342.0,134559
2021-06-02 09:50:40,5342.0,134560
2021-06-02 09:50:41,5339.95,134694
2021-06-02 09:50:42,5339.0,134969
2021-06-02 09:50:43,5339.95,135028
2021-06-02 09:50:44,5339.95,135066
2021-06-02 09:50:45,5339.95,135071
2021-06-02 09:50:46,5338.75,135077
2021-06-02 09:50:47,5342.0,135130
2021-06-02 09:50:48,5343.55,135571
2021-06-02 09:50:48,5343.6,135611
2021-06-02 09:50:49,5343.6,135620
2021-06-02 09:50:50,5343.55,135626
2021-06-02 09:50:52,5341.6,135631
2021-06-02 09:50:53,5341.05,135650
2021-06-02 09:50:54,5341.05,135650
2021-06-02 09:50:55,5341.05,135650
2021-06-02 09:50:56,5341.0,135659
2021-06-02 09:50:57,5341.0,135659
2021-06-02 09:50:58,5341.1,135664
2021-06-02 09:50:59,5342.0,135669
2021-06-02 09:51:00,5341.0,135671
2021-06-02 09:51:01,5341.0,135706
2021-06-02 09:51:02,5341.0,135706
2021-06-02 09:51:03,5341.0,135706
2021-06-02 09:51:04,5339.7,135856
2021-06-02 09:51:05,5343.0,135908
2021-06-02 09:51:06,5342.7,135913
2021-06-02 09:51:07,5342.55,135948
2021-06-02 09:51:08,5340.15,135962
2021-06-02 09:51:09,5342.45,135964
2021-06-02 09:51:10,5340.15,135965
2021-06-02 09:51:10,5340.15,135965
2021-06-02 09:51:11,5340.15,135965
2021-06-02 09:51:12,5340.15,135965
2021-06-02 09:51:14,5340.15,135965
2021-06-02 09:51:15,5340.2,135966
2021-06-02 09:51:16,5342.3,136012
2021-06-02 09:51:17,5343.4,136200
2021-06-02 09:51:18,5343.5,136220
2021-06-02 09:51:19,5343.6,136465
2021-06-02 09:51:20,5342.45,136493
2021-06-02 09:51:21,5343.6,136496
2021-06-02 09:51:22,5343.6,136496
2021-06-02 09:51:23,5343.6,136496
2021-06-02 09:51:24,5343.6,136496
2021-06-02 09:51:25,5341.5,136796
2021-06-02 09:51:26,5343.6,136816
2021-06-02 09:51:27,5342.5,136819
2021-06-02 09:51:28,5342.5,136820
2021-06-02 09:51:29,5342.5,136820
2021-06-02 09:51:29,5342.5,136820
2021-06-02 09:51:30,5341.6,136826
2021-06-02 09:51:31,5341.6,136826
2021-06-02 09:51:33,5340.65,136866
2021-06-02 09:51:34,5340.65,136866
2021-06-02 09:51:35,5341.05,136867
2021-06-02 09:51:36,5341.05,136872
2021-06-02 09:51:37,5341.05,136912
2021-06-02 09:51:38,5341.05,136913
2021-06-02 09:51:38,5341.05,136913
2021-06-02 09:51:40,5341.05,136913
2021-06-02 09:51:42,5340.7,136918
2021-06-02 09:51:43,5341.6,137118
2021-06-02 09:51:44,5341.6,137129
2021-06-02 09:51:45,5341.6,137131
2021-06-02 09:51:46,5341.6,137131
2021-06-02 09:51:47,5341.35,137183
2021-06-02 09:51:47,5341.35,137186
2021-06-02 09:51:48,5341.35,137186
2021-06-02 09:51:51,5341.0,137230
2021-06-02 09:51:52,5341.6,137233
2021-06-02 09:51:53,5341.6,137233
2021-06-02 09:51:54,5341.6,137233
2021-06-02 09:51:55,5341.6,137233
2021-06-02 09:51:56,5341.6,137233
2021-06-02 09:51:57,5341.6,137238
2021-06-02 09:51:58,5341.0,137245
2021-06-02 09:51:58,5341.0,137245
2021-06-02 09:51:59,5341.0,137245
2021-06-02 09:52:00,5341.0,137262
2021-06-02 09:52:01,5341.0,137266
2021-06-02 09:52:03,5341.0,137266
2021-06-02 09:52:04,5339.15,137269
2021-06-02 09:52:05,5341.0,137301
2021-06-02 09:52:06,5339.0,137310
2021-06-02 09:52:07,5340.4,137359
2021-06-02 09:52:08,5340.4,137359
2021-06-02 09:52:08,5340.4,137359
2021-06-02 09:52:10,5340.4,137359
2021-06-02 09:52:11,5336.45,137816
2021-06-02 09:52:12,5339.5,137897
2021-06-02 09:52:13,5339.5,137933
2021-06-02 09:52:14,5337.05,137945
2021-06-02 09:52:15,5337.05,137962
2021-06-02 09:52:16,5336.5,137992
2021-06-02 09:52:17,5336.5,137992
2021-06-02 09:52:18,5335.8,138002
2021-06-02 09:52:19,5335.3,138118
2021-06-02 09:52:20,5337.05,138137
2021-06-02 09:52:21,5335.3,138153
2021-06-02 09:52:22,5337.05,138156
2021-06-02 09:52:23,5337.05,138156
2021-06-02 09:52:24,5337.05,138156
2021-06-02 09:52:26,5335.6,138177
2021-06-02 09:52:27,5338.65,138427
2021-06-02 09:52:28,5338.1,138577
2021-06-02 09:52:29,5338.1,138592
2021-06-02 09:52:30,5338.1,138592
2021-06-02 09:52:31,5338.1,138593
2021-06-02 09:52:32,5336.05,138603
2021-06-02 09:52:33,5335.6,138613
2021-06-02 09:52:34,5335.6,138613
2021-06-02 09:52:35,5337.3,138624
2021-06-02 09:52:36,5337.8,138688
2021-06-02 09:52:37,5337.75,138723
2021-06-02 09:52:38,5335.6,138744
2021-06-02 09:52:39,5337.7,138746
2021-06-02 09:52:40,5337.7,138746
2021-06-02 09:52:41,5337.7,138746
2021-06-02 09:52:42,5337.7,138746
2021-06-02 09:52:43,5337.7,138746
2021-06-02 09:52:44,5337.7,138746
2021-06-02 09:52:45,5335.95,138748
2021-06-02 09:52:46,5337.7,138749
2021-06-02 09:52:47,5337.7,138749
2021-06-02 09:52:48,5337.7,138749
2021-06-02 09:52:49,5337.7,138749
2021-06-02 09:52:50,5335.95,138769
2021-06-02 09:52:51,5335.0,138779
2021-06-02 09:52:52,5335.0,138779
2021-06-02 09:52:54,5335.0,138779
2021-06-02 09:52:55,5335.0,138779
2021-06-02 09:52:56,5335.0,138796
2021-06-02 09:52:57,5335.0,138803
2021-06-02 09:52:58,5337.05,138819
2021-06-02 09:52:59,5337.05,138826
2021-06-02 09:53:00,5337.05,138826
2021-06-02 09:53:01,5337.05,138865
2021-06-02 09:53:02,5337.05,138895
2021-06-02 09:53:03,5337.05,138895
2021-06-02 09:53:04,5337.7,138912
2021-06-02 09:53:05,5337.7,138963
2021-06-02 09:53:06,5337.05,138992
2021-06-02 09:53:07,5339.65,139651
2021-06-02 09:53:08,5339.65,139716
2021-06-02 09:53:09,5339.65,139726
2021-06-02 09:53:10,5338.4,139738
2021-06-02 09:53:11,5339.65,139744
2021-06-02 09:53:12,5339.65,139744
2021-06-02 09:53:13,5339.65,139744
2021-06-02 09:53:14,5339.65,139744
2021-06-02 09:53:15,5338.5,139747
2021-06-02 09:53:16,5338.5,139747
2021-06-02 09:53:17,5338.0,139757
2021-06-02 09:53:18,5338.0,139757
2021-06-02 09:53:19,5341.4,140382
2021-06-02 09:53:20,5341.55,140444
2021-06-02 09:53:21,5340.5,140453
2021-06-02 09:53:22,5342.0,140554
2021-06-02 09:53:23,5342.0,140582
2021-06-02 09:53:24,5343.0,140590
2021-06-02 09:53:26,5343.0,140708
2021-06-02 09:53:25,5343.0,140699
2021-06-02 09:53:27,5343.5,140711
2021-06-02 09:53:28,5341.8,140749
2021-06-02 09:53:29,5343.5,140757
2021-06-02 09:53:30,5343.5,140757
2021-06-02 09:53:31,5343.5,140757
2021-06-02 09:53:32,5341.7,140760
2021-06-02 09:53:33,5341.7,140760
2021-06-02 09:53:34,5341.6,140780
2021-06-02 09:53:35,5341.65,140809
2021-06-02 09:53:36,5341.65,140820
2021-06-02 09:53:37,5343.5,140855
2021-06-02 09:53:38,5343.5,140858
2021-06-02 09:53:39,5341.65,140861
2021-06-02 09:53:40,5343.6,141032
2021-06-02 09:53:41,5343.6,141047
2021-06-02 09:53:42,5343.6,141049
2021-06-02 09:53:43,5343.6,141089
2021-06-02 09:53:44,5343.6,141093
2021-06-02 09:53:45,5343.6,141093
2021-06-02 09:53:46,5343.6,141163
2021-06-02 09:53:47,5343.6,141170
2021-06-02 09:53:48,5343.6,141171
2021-06-02 09:53:49,5343.6,141171
2021-06-02 09:53:50,5343.5,141172
2021-06-02 09:53:51,5343.5,141211
2021-06-02 09:53:52,5343.6,141215
2021-06-02 09:53:53,5343.0,141250
2021-06-02 09:53:54,5341.6,141301
2021-06-02 09:53:55,5343.0,141309
2021-06-02 09:53:56,5341.5,141390
2021-06-02 09:53:57,5341.5,141395
2021-06-02 09:53:58,5341.5,141395
2021-06-02 09:53:59,5338.25,141498
2021-06-02 09:54:00,5341.0,141560
2021-06-02 09:54:01,5341.0,141563
2021-06-02 09:54:02,5341.0,141563
2021-06-02 09:54:03,5341.0,141563
2021-06-02 09:54:04,5341.0,141563
2021-06-02 09:54:05,5341.0,141563
2021-06-02 09:54:06,5342.5,141583
2021-06-02 09:54:07,5341.9,141617
2021-06-02 09:54:08,5341.85,141619
2021-06-02 09:54:09,5341.8,141623
2021-06-02 09:54:10,5340.5,141631
2021-06-02 09:54:11,5342.5,141632
2021-06-02 09:54:12,5342.5,141632
2021-06-02 09:54:13,5342.5,141632
2021-06-02 09:54:14,5342.5,141632
2021-06-02 09:54:15,5340.0,141693
2021-06-02 09:54:16,5340.0,141704
2021-06-02 09:54:17,5340.0,141705
2021-06-02 09:54:18,5340.0,141705
2021-06-02 09:54:20,5340.0,141705
2021-06-02 09:54:20,5340.0,141705
2021-06-02 09:54:21,5339.1,141806
2021-06-02 09:54:22,5340.0,141809
2021-06-02 09:54:23,5340.0,141810
2021-06-02 09:54:24,5340.0,141812
2021-06-02 09:54:25,5340.0,141812
2021-06-02 09:54:27,5340.0,141812
2021-06-02 09:54:28,5340.0,141812
2021-06-02 09:54:29,5340.0,141812
2021-06-02 09:54:30,5339.1,141847
2021-06-02 09:54:31,5339.1,141847
2021-06-02 09:54:32,5339.1,141847
2021-06-02 09:54:33,5339.1,141847
2021-06-02 09:54:34,5338.0,141885
2021-06-02 09:54:35,5337.0,141924
2021-06-02 09:54:36,5338.0,141928
2021-06-02 09:54:37,5337.6,141929
2021-06-02 09:54:38,5338.45,141939
2021-06-02 09:54:39,5338.45,141940
2021-06-02 09:54:40,5338.45,141940
2021-06-02 09:54:41,5337.65,141970
2021-06-02 09:54:42,5338.45,141972
2021-06-02 09:54:43,5336.2,142175
2021-06-02 09:54:44,5339.1,142191
2021-06-02 09:54:45,5337.0,142193
2021-06-02 09:54:46,5337.0,142200
2021-06-02 09:54:47,5339.1,142201
2021-06-02 09:54:48,5339.1,142202
2021-06-02 09:54:50,5339.1,142202
2021-06-02 09:54:50,5339.1,142202
2021-06-02 09:54:51,5339.0,142291
2021-06-02 09:54:52,5338.5,142303
2021-06-02 09:54:53,5340.0,142304
2021-06-02 09:54:54,5341.1,142354
2021-06-02 09:54:55,5341.1,142354
2021-06-02 09:54:56,5341.5,142362
2021-06-02 09:54:57,5341.5,142362
2021-06-02 09:54:58,5341.5,142362
2021-06-02 09:54:59,5341.5,142362
2021-06-02 09:55:00,5341.5,142362
2021-06-02 09:55:01,5339.45,142454
2021-06-02 09:55:02,5341.5,142464
2021-06-02 09:55:03,5341.5,142482
2021-06-02 09:55:04,5341.0,142594
2021-06-02 09:55:05,5344.8,142972
2021-06-02 09:55:06,5344.95,143304
2021-06-02 09:55:07,5345.0,143359
2021-06-02 09:55:08,5345.0,143374
2021-06-02 09:55:09,5347.0,143475
2021-06-02 09:55:10,5345.0,143486
2021-06-02 09:55:12,5346.85,143487
2021-06-02 09:55:13,5346.85,143487
2021-06-02 09:55:14,5346.85,143487
2021-06-02 09:55:14,5346.95,143493
2021-06-02 09:55:15,5345.05,143500
2021-06-02 09:55:16,5346.95,143565
2021-06-02 09:55:17,5346.95,143575
2021-06-02 09:55:18,5346.95,143577
2021-06-02 09:55:19,5346.85,143592
2021-06-02 09:55:20,5345.0,143647
2021-06-02 09:55:21,5347.7,143700
2021-06-02 09:55:22,5345.05,143752
2021-06-02 09:55:23,5345.05,143784
2021-06-02 09:55:24,5345.0,143788
2021-06-02 09:55:25,5347.0,143789
2021-06-02 09:55:27,5347.0,143789
2021-06-02 09:55:28,5347.0,143789
2021-06-02 09:55:28,5347.0,143789
2021-06-02 09:55:29,5348.0,144064
2021-06-02 09:55:30,5345.05,144092
2021-06-02 09:55:31,5347.3,144095
2021-06-02 09:55:32,5347.3,144095
2021-06-02 09:55:33,5344.0,144207
2021-06-02 09:55:35,5340.0,144233
2021-06-02 09:55:36,5340.0,144234
2021-06-02 09:55:37,5341.5,144271
2021-06-02 09:55:38,5341.7,144275
2021-06-02 09:55:39,5341.7,144275
2021-06-02 09:55:40,5341.85,144285
2021-06-02 09:55:41,5340.05,144439
2021-06-02 09:55:42,5342.15,144455
2021-06-02 09:55:43,5343.0,144456
2021-06-02 09:55:44,5343.0,144456
2021-06-02 09:55:45,5340.5,144463
2021-06-02 09:55:46,5343.0,144464
2021-06-02 09:55:47,5343.0,144464
2021-06-02 09:55:48,5343.0,144464
2021-06-02 09:55:49,5343.0,144464
2021-06-02 09:55:50,5341.15,144504
2021-06-02 09:55:51,5342.85,144506
2021-06-02 09:55:52,5343.0,144512
2021-06-02 09:55:53,5342.85,144513
2021-06-02 09:55:54,5343.0,144522
2021-06-02 09:55:55,5343.0,144524
2021-06-02 09:55:57,5343.0,144524
2021-06-02 09:55:57,5343.0,144524
2021-06-02 09:55:58,5343.0,144524
2021-06-02 09:56:00,5343.0,144527
2021-06-02 09:56:02,5343.0,144528
2021-06-02 09:56:03,5341.25,144530
2021-06-02 09:56:04,5341.25,144531
2021-06-02 09:56:05,5341.25,144531
2021-06-02 09:56:05,5341.25,144531
2021-06-02 09:56:06,5341.25,144552
2021-06-02 09:56:07,5341.25,144569
2021-06-02 09:56:08,5341.25,144569
2021-06-02 09:56:09,5341.25,144569
2021-06-02 09:56:10,5341.25,144569
2021-06-02 09:56:11,5341.25,144569
2021-06-02 09:56:12,5341.25,144569
2021-06-02 09:56:13,5341.25,144569
2021-06-02 09:56:15,5341.6,144599
2021-06-02 09:56:16,5341.6,144602
2021-06-02 09:56:17,5341.6,144602
2021-06-02 09:56:18,5341.6,144602
2021-06-02 09:56:19,5341.6,144602
2021-06-02 09:56:20,5341.25,144679
2021-06-02 09:56:21,5341.25,144679
2021-06-02 09:56:22,5341.25,144679
2021-06-02 09:56:24,5341.25,144679
2021-06-02 09:56:24,5341.25,144679
2021-06-02 09:56:25,5341.0,144683
2021-06-02 09:56:27,5341.0,144683
2021-06-02 09:56:28,5341.0,144683
2021-06-02 09:56:29,5338.3,144703
2021-06-02 09:56:29,5338.3,144703
2021-06-02 09:56:30,5338.85,144763
2021-06-02 09:56:31,5338.85,144763
2021-06-02 09:56:33,5341.0,144764
2021-06-02 09:56:34,5338.9,144814
2021-06-02 09:56:34,5338.9,144814
2021-06-02 09:56:35,5338.9,144814
2021-06-02 09:56:36,5338.9,144814
2021-06-02 09:56:37,5340.55,144827
2021-06-02 09:56:38,5338.45,144860
2021-06-02 09:56:39,5338.85,144867
2021-06-02 09:56:40,5338.95,144872
2021-06-02 09:56:41,5341.0,144873
2021-06-02 09:56:42,5341.25,144914
2021-06-02 09:56:43,5341.25,144918
2021-06-02 09:56:44,5341.25,144919
2021-06-02 09:56:45,5341.0,144922
2021-06-02 09:56:47,5341.0,144922
2021-06-02 09:56:48,5341.0,144922
2021-06-02 09:56:49,5340.0,144933
2021-06-02 09:56:50,5341.0,144934
2021-06-02 09:56:51,5340.0,144975
2021-06-02 09:56:52,5340.0,144975
2021-06-02 09:56:53,5341.25,145005
2021-06-02 09:56:54,5341.25,145005
2021-06-02 09:56:55,5341.25,145005
2021-06-02 09:56:56,5341.25,145005
2021-06-02 09:56:58,5341.25,145012
2021-06-02 09:56:59,5340.0,145015
2021-06-02 09:57:00,5340.0,145015
2021-06-02 09:57:01,5340.0,145128
2021-06-02 09:57:02,5338.15,145139
2021-06-02 09:57:02,5340.0,145140
2021-06-02 09:57:04,5340.0,145140
2021-06-02 09:57:05,5340.0,145140
2021-06-02 09:57:05,5340.0,145140
2021-06-02 09:57:06,5338.25,145163
2021-06-02 09:57:07,5340.0,145168
2021-06-02 09:57:08,5340.05,145179
2021-06-02 09:57:10,5340.55,145180
2021-06-02 09:57:11,5340.55,145180
2021-06-02 09:57:11,5340.55,145180
2021-06-02 09:57:12,5340.55,145180
2021-06-02 09:57:13,5340.05,145181
2021-06-02 09:57:15,5341.05,145191
2021-06-02 09:57:16,5340.05,145217
2021-06-02 09:57:17,5340.05,145217
2021-06-02 09:57:18,5340.05,145217
2021-06-02 09:57:19,5340.05,145217
2021-06-02 09:57:20,5340.05,145217
2021-06-02 09:57:20,5338.6,145227
2021-06-02 09:57:21,5340.95,145228
2021-06-02 09:57:22,5338.55,145236
2021-06-02 09:57:23,5338.5,145240
2021-06-02 09:57:25,5338.55,145242
2021-06-02 09:57:26,5340.55,145257
2021-06-02 09:57:27,5340.55,145257
2021-06-02 09:57:28,5340.55,145257
2021-06-02 09:57:30,5338.5,145310
2021-06-02 09:57:31,5340.5,145315
2021-06-02 09:57:33,5340.5,145315
2021-06-02 09:57:34,5338.75,145333
2021-06-02 09:57:34,5338.75,145333
2021-06-02 09:57:35,5340.6,145354
2021-06-02 09:57:36,5340.05,145367
2021-06-02 09:57:37,5340.0,145381
2021-06-02 09:57:39,5340.55,145383
2021-06-02 09:57:40,5340.55,145383
2021-06-02 09:57:40,5340.55,145383
2021-06-02 09:57:41,5340.55,145383
2021-06-02 09:57:42,5340.55,145383
2021-06-02 09:57:43,5340.55,145383
2021-06-02 09:57:44,5340.5,145433
2021-06-02 09:57:46,5340.55,145439
2021-06-02 09:57:48,5340.5,145467
2021-06-02 09:57:49,5340.55,145590
2021-06-02 09:57:50,5340.6,145595
2021-06-02 09:57:51,5340.55,145612
2021-06-02 09:57:52,5340.6,145634
2021-06-02 09:57:52,5340.6,145634
2021-06-02 09:57:53,5340.6,145636
2021-06-02 09:57:55,5340.6,145655
2021-06-02 09:57:56,5340.6,145655
2021-06-02 09:57:57,5340.55,145757
2021-06-02 09:57:59,5340.55,145757
2021-06-02 09:58:00,5340.55,145757
2021-06-02 09:58:02,5340.55,145788
2021-06-02 09:58:03,5340.6,145791
2021-06-02 09:58:04,5340.55,145811
2021-06-02 09:58:05,5340.45,145877
2021-06-02 09:58:05,5340.45,145877
2021-06-02 09:58:06,5340.45,145877
2021-06-02 09:58:07,5340.55,145903
2021-06-02 09:58:08,5340.55,145911
2021-06-02 09:58:10,5339.0,145917
2021-06-02 09:58:10,5340.55,145918
2021-06-02 09:58:11,5340.55,145918
2021-06-02 09:58:12,5339.0,145938
2021-06-02 09:58:13,5340.55,145940
2021-06-02 09:58:14,5340.55,145940
2021-06-02 09:58:16,5340.55,145941
2021-06-02 09:58:17,5340.55,145941
2021-06-02 09:58:18,5340.55,145941
2021-06-02 09:58:19,5340.5,145944
2021-06-02 09:58:19,5340.5,145944
2021-06-02 09:58:20,5339.0,145991
2021-06-02 09:58:21,5339.0,145991
2021-06-02 09:58:22,5338.5,146021
2021-06-02 09:58:23,5339.0,146022
2021-06-02 09:58:25,5339.0,146022
2021-06-02 09:58:26,5338.5,146025
2021-06-02 09:58:27,5338.5,146025
2021-06-02 09:58:27,5338.5,146025
2021-06-02 09:58:28,5338.5,146025
2021-06-02 09:58:29,5338.5,146025
2021-06-02 09:58:30,5338.5,146056
2021-06-02 09:58:32,5338.5,146116
2021-06-02 09:58:33,5338.5,146116
2021-06-02 09:58:34,5338.5,146125
2021-06-02 09:58:35,5338.5,146125
2021-06-02 09:58:35,5338.5,146125
2021-06-02 09:58:36,5338.5,146125
2021-06-02 09:58:37,5340.0,146159
2021-06-02 09:58:39,5340.0,146160
2021-06-02 09:58:40,5340.45,146161
2021-06-02 09:58:41,5340.45,146162
2021-06-02 09:58:42,5340.45,146162
2021-06-02 09:58:43,5340.6,146167
2021-06-02 09:58:44,5340.6,146167
2021-06-02 09:58:45,5340.6,146167
2021-06-02 09:58:46,5340.6,146167
2021-06-02 09:58:46,5340.6,146167
2021-06-02 09:58:47,5340.6,146167
2021-06-02 09:58:48,5340.6,146167
2021-06-02 09:58:50,5340.6,146167
2021-06-02 09:58:51,5339.0,146193
2021-06-02 09:58:52,5338.5,146216
2021-06-02 09:58:53,5338.5,146216
2021-06-02 09:58:54,5340.9,146314
2021-06-02 09:58:54,5340.25,146321
2021-06-02 09:58:55,5340.25,146321
2021-06-02 09:58:57,5340.25,146321
2021-06-02 09:58:58,5339.0,146334
2021-06-02 09:58:59,5340.25,146336
2021-06-02 09:58:59,5340.25,146336
2021-06-02 09:59:00,5338.5,146565
2021-06-02 09:59:01,5340.8,146586
2021-06-02 09:59:03,5340.0,146588
2021-06-02 09:59:04,5340.0,146588
2021-06-02 09:59:05,5340.0,146588
2021-06-02 09:59:06,5340.0,146588
2021-06-02 09:59:08,5340.8,146693
2021-06-02 09:59:08,5338.85,146686
2021-06-02 09:59:09,5340.8,146694
2021-06-02 09:59:10,5340.8,146694
2021-06-02 09:59:12,5340.8,146694
2021-06-02 09:59:13,5341.0,146708
2021-06-02 09:59:15,5341.1,146710
2021-06-02 09:59:16,5340.5,146847
2021-06-02 09:59:17,5340.5,146847
2021-06-02 09:59:18,5340.5,146847
2021-06-02 09:59:19,5340.8,146858
2021-06-02 09:59:19,5340.8,146858
2021-06-02 09:59:20,5340.8,146858
2021-06-02 09:59:22,5340.8,146858
2021-06-02 09:59:23,5340.8,146858
2021-06-02 09:59:24,5338.55,146883
2021-06-02 09:59:25,5338.55,146883
2021-06-02 09:59:25,5338.55,146883
2021-06-02 09:59:26,5340.2,146884
2021-06-02 09:59:28,5340.2,146884
2021-06-02 09:59:29,5340.2,146884
2021-06-02 09:59:30,5340.2,146884
2021-06-02 09:59:31,5340.2,146884
2021-06-02 09:59:31,5340.2,146884
2021-06-02 09:59:32,5338.5,146902
2021-06-02 09:59:34,5338.5,146902
2021-06-02 09:59:35,5338.5,146947
2021-06-02 09:59:36,5338.5,146982
2021-06-02 09:59:37,5338.5,147029
2021-06-02 09:59:37,5339.9,147034
2021-06-02 09:59:38,5339.9,147034
2021-06-02 09:59:40,5338.5,147035
2021-06-02 09:59:41,5337.0,147168
2021-06-02 09:59:42,5338.5,147178
2021-06-02 09:59:42,5338.5,147178
2021-06-02 09:59:43,5337.5,147260
2021-06-02 09:59:45,5339.9,147261
2021-06-02 09:59:46,5339.9,147261
2021-06-02 09:59:47,5337.5,147263
2021-06-02 09:59:47,5337.5,147263
2021-06-02 09:59:48,5337.5,147266
2021-06-02 09:59:49,5337.5,147266
2021-06-02 09:59:51,5337.5,147276
2021-06-02 09:59:52,5337.5,147276
2021-06-02 09:59:53,5337.5,147276
2021-06-02 09:59:53,5337.5,147276
2021-06-02 09:59:54,5337.5,147282
2021-06-02 09:59:55,5336.9,147291
2021-06-02 09:59:57,5339.4,147391
2021-06-02 09:59:58,5339.4,147391
2021-06-02 09:59:59,5336.8,147392
2021-06-02 10:00:00,5336.8,147415
2021-06-02 10:00:00,5336.8,147392
2021-06-02 10:00:01,5336.8,147415
2021-06-02 10:00:02,5336.8,147415
2021-06-02 10:00:03,5336.8,147415
2021-06-02 10:00:05,5336.8,147415
2021-06-02 10:00:06,5336.0,147424
2021-06-02 10:00:07,5336.6,147449
2021-06-02 10:00:08,5336.85,147472
2021-06-02 10:00:08,5336.85,147472
2021-06-02 10:00:09,5336.85,147472
2021-06-02 10:00:10,5336.85,147472
2021-06-02 10:00:11,5336.9,147482
2021-06-02 10:00:13,5336.9,147482
2021-06-02 10:00:14,5336.9,147482
2021-06-02 10:00:15,5338.0,147485
2021-06-02 10:00:16,5338.0,147485
2021-06-02 10:00:17,5338.0,147485
2021-06-02 10:00:17,5336.95,147486
2021-06-02 10:00:18,5336.95,147486
2021-06-02 10:00:19,5336.95,147486
2021-06-02 10:00:21,5336.95,147502
2021-06-02 10:00:22,5336.95,147512
2021-06-02 10:00:23,5336.95,147512
2021-06-02 10:00:24,5336.95,147512
2021-06-02 10:00:25,5336.8,147514
2021-06-02 10:00:25,5336.8,147514
2021-06-02 10:00:26,5336.8,147514
2021-06-02 10:00:28,5336.8,147514
2021-06-02 10:00:29,5336.0,147664
2021-06-02 10:00:30,5336.8,147677
2021-06-02 10:00:31,5336.8,147678
2021-06-02 10:00:32,5336.0,147681
2021-06-02 10:00:33,5335.55,147825
2021-06-02 10:00:34,5336.75,148000
2021-06-02 10:00:35,5335.0,148204
2021-06-02 10:00:36,5336.6,148212
2021-06-02 10:00:38,5335.0,148450
2021-06-02 10:00:38,5335.0,148450
2021-06-02 10:00:40,5335.0,148458
2021-06-02 10:00:41,5335.0,148459
2021-06-02 10:00:42,5334.7,148509
2021-06-02 10:00:43,5335.0,148514
2021-06-02 10:00:43,5335.0,148539
2021-06-02 10:00:45,5334.9,148717
2021-06-02 10:00:46,5336.0,148725
2021-06-02 10:00:47,5336.0,148725
2021-06-02 10:00:48,5335.0,148811
2021-06-02 10:00:49,5335.0,148811
2021-06-02 10:00:49,5335.0,148811
2021-06-02 10:00:51,5335.0,148813
2021-06-02 10:00:52,5335.0,148813
2021-06-02 10:00:53,5334.2,148823
2021-06-02 10:00:54,5334.2,148823
2021-06-02 10:00:55,5334.9,148824
2021-06-02 10:00:56,5335.0,148837
2021-06-02 10:00:57,5334.5,148876
2021-06-02 10:00:58,5334.5,148884
2021-06-02 10:00:59,5334.5,148889
2021-06-02 10:01:00,5334.5,148889
2021-06-02 10:01:01,5336.8,149519
2021-06-02 10:01:02,5337.0,149568
2021-06-02 10:01:02,5337.0,149573
2021-06-02 10:01:03,5337.0,149574
2021-06-02 10:01:05,5336.0,149577
2021-06-02 10:01:06,5337.0,149579
2021-06-02 10:01:07,5337.0,149615
2021-06-02 10:01:08,5337.05,149640
2021-06-02 10:01:09,5338.0,149643
2021-06-02 10:01:10,5338.0,149644
2021-06-02 10:01:10,5338.0,149644
2021-06-02 10:01:12,5337.15,149645
2021-06-02 10:01:13,5337.15,149663
2021-06-02 10:01:14,5338.1,149665
2021-06-02 10:01:15,5338.1,149665
2021-06-02 10:01:16,5337.05,149685
2021-06-02 10:01:16,5337.05,149685
2021-06-02 10:01:18,5337.05,149685
2021-06-02 10:01:19,5337.15,149686
2021-06-02 10:01:20,5337.15,149690
2021-06-02 10:01:21,5337.15,149726
2021-06-02 10:01:22,5338.1,149730
2021-06-02 10:01:23,5337.15,149749
2021-06-02 10:01:24,5337.15,149749
2021-06-02 10:01:25,5337.15,149749
2021-06-02 10:01:26,5337.15,149749
2021-06-02 10:01:27,5337.15,149749
2021-06-02 10:01:28,5337.15,149753
2021-06-02 10:01:29,5337.15,149753
2021-06-02 10:01:30,5337.15,149753
2021-06-02 10:01:30,5337.15,149753
2021-06-02 10:01:32,5337.15,149753
2021-06-02 10:01:33,5336.9,149754
2021-06-02 10:01:34,5336.9,149754
2021-06-02 10:01:35,5336.9,149754
2021-06-02 10:01:36,5335.05,149759
2021-06-02 10:01:36,5335.05,149759
2021-06-02 10:01:38,5335.05,149792
2021-06-02 10:01:39,5335.05,149792
2021-06-02 10:01:40,5335.15,149863
2021-06-02 10:01:41,5335.15,149878
2021-06-02 10:01:41,5337.45,149879
2021-06-02 10:01:43,5335.3,149889
2021-06-02 10:01:44,5337.45,149890
2021-06-02 10:01:45,5337.45,149890
2021-06-02 10:01:46,5337.45,149890
2021-06-02 10:01:47,5335.1,149940
2021-06-02 10:01:48,5337.0,149947
2021-06-02 10:01:50,5337.0,149948
2021-06-02 10:01:51,5335.05,149980
2021-06-02 10:01:52,5335.05,149981
2021-06-02 10:01:53,5335.05,149982
2021-06-02 10:01:53,5335.05,149982
2021-06-02 10:01:54,5335.05,149982
2021-06-02 10:01:56,5335.05,150016
2021-06-02 10:01:57,5337.0,150023
2021-06-02 10:01:58,5337.0,150024
2021-06-02 10:01:59,5337.0,150024
2021-06-02 10:02:00,5337.0,150024
2021-06-02 10:02:01,5337.0,150024
2021-06-02 10:02:02,5337.0,150024
2021-06-02 10:02:03,5337.0,150024
2021-06-02 10:02:04,5335.4,150025
2021-06-02 10:02:04,5335.4,150025
2021-06-02 10:02:06,5335.4,150046
2021-06-02 10:02:07,5335.4,150060
2021-06-02 10:02:08,5335.4,150060
2021-06-02 10:02:09,5335.4,150060
2021-06-02 10:02:10,5335.4,150060
2021-06-02 10:02:11,5335.45,150069
2021-06-02 10:02:12,5336.8,150071
2021-06-02 10:02:13,5335.45,150198
2021-06-02 10:02:13,5337.0,150205
2021-06-02 10:02:15,5337.0,150206
2021-06-02 10:02:15,5337.0,150206
2021-06-02 10:02:17,5337.0,150206
2021-06-02 10:02:17,5337.0,150206
2021-06-02 10:02:19,5335.45,150216
2021-06-02 10:02:20,5337.0,150217
2021-06-02 10:02:21,5335.5,150221
2021-06-02 10:02:22,5335.05,150237
2021-06-02 10:02:23,5335.05,150245
2021-06-02 10:02:24,5335.5,150246
2021-06-02 10:02:25,5335.05,150276
2021-06-02 10:02:25,5335.5,150279
2021-06-02 10:02:26,5335.05,150288
2021-06-02 10:02:27,5335.05,150288
2021-06-02 10:02:28,5335.5,150289
2021-06-02 10:02:29,5335.5,150289
2021-06-02 10:02:30,5335.1,150308
2021-06-02 10:02:32,5335.5,150325
2021-06-02 10:02:33,5335.5,150327
2021-06-02 10:02:34,5335.1,150328
2021-06-02 10:02:35,5335.1,150347
2021-06-02 10:02:36,5336.0,150349
2021-06-02 10:02:37,5336.0,150382
2021-06-02 10:02:38,5336.0,150386
2021-06-02 10:02:38,5336.0,150386
2021-06-02 10:02:40,5336.0,150386
2021-06-02 10:02:41,5335.1,150390
2021-06-02 10:02:42,5335.1,150390
2021-06-02 10:02:43,5335.1,150390
2021-06-02 10:02:44,5335.1,150390
2021-06-02 10:02:45,5334.65,150811
2021-06-02 10:02:46,5337.0,150941
2021-06-02 10:02:47,5337.45,150944
2021-06-02 10:02:48,5338.0,150946
2021-06-02 10:02:49,5339.35,150993
2021-06-02 10:02:51,5339.3,151004
2021-06-02 10:02:50,5337.35,151003
2021-06-02 10:02:52,5337.35,151011
2021-06-02 10:02:53,5335.05,151069
2021-06-02 10:02:54,5336.05,151071
2021-06-02 10:02:55,5336.05,151071
2021-06-02 10:02:56,5336.05,151073
2021-06-02 10:02:57,5336.05,151080
2021-06-02 10:02:58,5336.05,151080
2021-06-02 10:03:00,5335.0,151084
2021-06-02 10:02:59,5335.0,151084
2021-06-02 10:03:01,5335.0,151115
2021-06-02 10:03:02,5335.0,151115
2021-06-02 10:03:03,5335.0,151115
2021-06-02 10:03:04,5332.9,151215
2021-06-02 10:03:05,5332.9,151215
2021-06-02 10:03:06,5332.9,151215
2021-06-02 10:03:07,5332.9,151215
2021-06-02 10:03:08,5334.85,151340
2021-06-02 10:03:09,5338.0,151346
2021-06-02 10:03:10,5338.75,151377
2021-06-02 10:03:11,5338.5,151380
2021-06-02 10:03:12,5338.5,151380
2021-06-02 10:03:13,5338.5,151380
2021-06-02 10:03:14,5338.5,151380
2021-06-02 10:03:15,5337.45,151381
2021-06-02 10:03:16,5337.45,151381
2021-06-02 10:03:17,5337.45,151381
2021-06-02 10:03:18,5335.0,151401
2021-06-02 10:03:19,5337.45,151402
2021-06-02 10:03:20,5337.45,151403
2021-06-02 10:03:21,5336.05,151415
2021-06-02 10:03:22,5334.7,151416
2021-06-02 10:03:23,5334.7,151416
2021-06-02 10:03:24,5334.7,151416
2021-06-02 10:03:25,5334.7,151418
2021-06-02 10:03:26,5334.7,151418
2021-06-02 10:03:27,5334.0,151420
2021-06-02 10:03:28,5334.7,151421
2021-06-02 10:03:29,5334.7,151421
2021-06-02 10:03:30,5334.7,151421
2021-06-02 10:03:31,5334.0,151447
2021-06-02 10:03:32,5334.0,151453
2021-06-02 10:03:33,5334.0,151453
2021-06-02 10:03:34,5334.0,151453
2021-06-02 10:03:35,5334.0,151453
2021-06-02 10:03:36,5332.95,151485
2021-06-02 10:03:37,5335.55,151518
2021-06-02 10:03:38,5335.55,151518
2021-06-02 10:03:39,5335.55,151518
2021-06-02 10:03:40,5335.55,151518
2021-06-02 10:03:41,5335.55,151518
2021-06-02 10:03:42,5335.55,151518
2021-06-02 10:03:43,5335.55,151518
2021-06-02 10:03:44,5335.55,151518
2021-06-02 10:03:45,5335.55,151518
2021-06-02 10:03:46,5335.55,151518
2021-06-02 10:03:47,5334.7,151519
2021-06-02 10:03:48,5334.7,151519
2021-06-02 10:03:50,5334.7,151519
2021-06-02 10:03:51,5334.0,151548
2021-06-02 10:03:52,5333.5,151588
2021-06-02 10:03:53,5336.4,151638
2021-06-02 10:03:54,5333.1,151644
2021-06-02 10:03:55,5333.1,151644
2021-06-02 10:03:56,5333.1,151644
2021-06-02 10:03:57,5333.2,151655
2021-06-02 10:03:58,5333.2,151655
2021-06-02 10:03:59,5333.2,151655
2021-06-02 10:04:00,5334.6,151685
2021-06-02 10:04:01,5334.6,151690
2021-06-02 10:04:02,5334.6,151690
2021-06-02 10:04:03,5334.6,151694
2021-06-02 10:04:04,5334.6,151694
2021-06-02 10:04:05,5334.0,151697
2021-06-02 10:04:06,5334.0,151721
2021-06-02 10:04:07,5332.6,151726
2021-06-02 10:04:08,5334.5,151751
2021-06-02 10:04:09,5332.65,151778
2021-06-02 10:04:10,5334.95,151782
2021-06-02 10:04:11,5335.45,152297
2021-06-02 10:04:12,5337.7,152412
2021-06-02 10:04:13,5337.95,152460
2021-06-02 10:04:14,5336.4,152474
2021-06-02 10:04:15,5338.0,152476
2021-06-02 10:04:16,5338.0,152476
2021-06-02 10:04:17,5337.5,152479
2021-06-02 10:04:18,5336.35,152497
2021-06-02 10:04:19,5338.0,152500
2021-06-02 10:04:20,5338.0,152500
2021-06-02 10:04:21,5336.35,152505
2021-06-02 10:04:22,5336.35,152505
2021-06-02 10:04:23,5336.35,152505
2021-06-02 10:04:24,5335.6,152519
2021-06-02 10:04:25,5336.35,152523
2021-06-02 10:04:27,5337.0,152541
2021-06-02 10:04:26,5335.35,152540
2021-06-02 10:04:28,5337.0,152541
2021-06-02 10:04:29,5337.0,152541
2021-06-02 10:04:30,5337.0,152541
2021-06-02 10:04:31,5337.0,152541
2021-06-02 10:04:32,5337.0,152541
2021-06-02 10:04:33,5335.6,152543
2021-06-02 10:04:34,5336.5,152544
2021-06-02 10:04:35,5335.6,152561
2021-06-02 10:04:36,5334.0,152585
2021-06-02 10:04:37,5334.0,152592
2021-06-02 10:04:38,5334.0,152592
2021-06-02 10:04:39,5334.0,152592
2021-06-02 10:04:40,5335.5,152597
2021-06-02 10:04:41,5335.5,152597
2021-06-02 10:04:42,5335.5,152597
2021-06-02 10:04:44,5335.5,152597
2021-06-02 10:04:43,5335.5,152597
2021-06-02 10:04:45,5335.5,152597
2021-06-02 10:04:46,5335.5,152597
2021-06-02 10:04:48,5335.5,152597
2021-06-02 10:04:49,5335.5,152635
2021-06-02 10:04:50,5334.25,152668
2021-06-02 10:04:51,5336.75,152672
2021-06-02 10:04:52,5336.8,152699
2021-06-02 10:04:53,5336.8,152701
2021-06-02 10:04:54,5336.8,152701
2021-06-02 10:04:55,5336.8,152701
2021-06-02 10:04:57,5336.8,152701
2021-06-02 10:04:58,5336.75,152707
2021-06-02 10:04:58,5336.75,152707
2021-06-02 10:04:59,5334.85,152722
2021-06-02 10:05:00,5334.7,152736
2021-06-02 10:05:01,5335.95,152886
2021-06-02 10:05:02,5335.5,152894
2021-06-02 10:05:03,5335.5,152895
2021-06-02 10:05:04,5335.5,152895
2021-06-02 10:05:05,5335.75,152896
2021-06-02 10:05:06,5335.75,152896
2021-06-02 10:05:07,5335.8,152931
2021-06-02 10:05:08,5335.7,152941
2021-06-02 10:05:09,5333.3,152944
2021-06-02 10:05:11,5335.7,152945
2021-06-02 10:05:11,5335.7,152945
2021-06-02 10:05:12,5335.7,152945
2021-06-02 10:05:13,5335.7,152945
2021-06-02 10:05:14,5335.7,152945
2021-06-02 10:05:17,5335.0,153107
2021-06-02 10:05:18,5335.5,153108
2021-06-02 10:05:19,5335.5,153108
2021-06-02 10:05:21,5335.2,153116
2021-06-02 10:05:21,5335.2,153116
2021-06-02 10:05:22,5335.2,153116
2021-06-02 10:05:23,5335.2,153116
2021-06-02 10:05:24,5335.2,153116
2021-06-02 10:05:25,5335.2,153116
2021-06-02 10:05:26,5335.65,153166
2021-06-02 10:05:27,5335.7,153170
2021-06-02 10:05:28,5335.7,153170
2021-06-02 10:05:29,5335.7,153170
2021-06-02 10:05:30,5335.75,153215
2021-06-02 10:05:31,5335.75,153220
2021-06-02 10:05:32,5335.75,153220
2021-06-02 10:05:33,5335.75,153222
2021-06-02 10:05:34,5335.75,153223
2021-06-02 10:05:35,5335.0,153238
2021-06-02 10:05:36,5335.0,153238
2021-06-02 10:05:37,5335.75,153257
2021-06-02 10:05:38,5336.0,153258
2021-06-02 10:05:39,5334.0,153358
2021-06-02 10:05:40,5335.85,153367
2021-06-02 10:05:41,5335.95,153368
2021-06-02 10:05:42,5334.0,153369
2021-06-02 10:05:43,5334.0,153369
2021-06-02 10:05:44,5334.0,153369
2021-06-02 10:05:45,5334.0,153369
2021-06-02 10:05:46,5334.0,153402
2021-06-02 10:05:47,5335.95,153405
2021-06-02 10:05:48,5335.95,153405
2021-06-02 10:05:49,5335.95,153405
2021-06-02 10:05:50,5335.95,153405
2021-06-02 10:05:51,5335.95,153405
2021-06-02 10:05:52,5335.95,153405
2021-06-02 10:05:53,5335.95,153405
2021-06-02 10:05:54,5334.0,153413
2021-06-02 10:05:55,5333.5,153448
2021-06-02 10:05:56,5335.05,153530
2021-06-02 10:05:57,5335.05,153538
2021-06-02 10:05:58,5333.45,153652
2021-06-02 10:05:59,5336.7,153864
2021-06-02 10:06:00,5336.4,153885
2021-06-02 10:06:01,5336.0,153887
2021-06-02 10:06:02,5332.85,153927
2021-06-02 10:06:03,5334.05,153928
2021-06-02 10:06:04,5334.05,153929
2021-06-02 10:06:05,5332.55,153959
2021-06-02 10:06:06,5334.05,153962
2021-06-02 10:06:07,5334.05,153975
2021-06-02 10:06:08,5335.0,153976
2021-06-02 10:06:10,5335.0,153976
2021-06-02 10:06:11,5335.0,153976
2021-06-02 10:06:11,5335.0,153976
2021-06-02 10:06:12,5335.0,153976
2021-06-02 10:06:13,5335.0,153976
2021-06-02 10:06:14,5334.1,153977
2021-06-02 10:06:15,5334.1,154001
2021-06-02 10:06:16,5334.1,154002
2021-06-02 10:06:17,5334.1,154003
2021-06-02 10:06:18,5335.0,154043
2021-06-02 10:06:19,5332.6,154054
2021-06-02 10:06:21,5334.8,154055
2021-06-02 10:06:20,5334.8,154055
2021-06-02 10:06:22,5332.6,154061
2021-06-02 10:06:23,5332.6,154061
2021-06-02 10:06:24,5332.6,154062
2021-06-02 10:06:25,5334.6,154063
