timestamp,ltp,volume
2021-06-02 09:15:54,1507.15,184136
2021-06-02 09:15:56,1507.1,185452
2021-06-02 09:15:56,1507.0,185472
2021-06-02 09:15:57,1507.0,185472
2021-06-02 09:15:58,1507.9,185629
2021-06-02 09:15:59,1507.7,186149
2021-06-02 09:16:00,1507.9,186917
2021-06-02 09:16:01,1507.2,187122
2021-06-02 09:16:02,1507.85,187142
2021-06-02 09:16:05,1507.35,190237
2021-06-02 09:16:06,1507.45,190951
2021-06-02 09:16:07,1507.95,191671
2021-06-02 09:16:07,1507.5,191603
2021-06-02 09:16:08,1507.95,192311
2021-06-02 09:16:09,1507.0,197995
2021-06-02 09:16:10,1507.4,198943
2021-06-02 09:16:12,1507.0,205111
2021-06-02 09:16:13,1507.0,208942
2021-06-02 09:16:14,1506.35,209771
2021-06-02 09:16:14,1506.55,209486
2021-06-02 09:16:15,1505.6,210867
2021-06-02 09:16:16,1506.1,212079
2021-06-02 09:16:17,1507.0,212487
2021-06-02 09:16:19,1506.45,212539
2021-06-02 09:16:20,1506.45,213581
2021-06-02 09:16:20,1506.45,214243
2021-06-02 09:16:21,1505.6,214375
2021-06-02 09:16:22,1505.0,216260
2021-06-02 09:16:23,1505.0,218518
2021-06-02 09:16:24,1505.0,218731
2021-06-02 09:16:25,1504.95,220495
2021-06-02 09:16:27,1505.35,221936
2021-06-02 09:16:30,1505.45,222589
2021-06-02 09:16:31,1505.3,223184
2021-06-02 09:16:32,1505.3,223545
2021-06-02 09:16:32,1505.3,223545
2021-06-02 09:16:33,1506.0,223753
2021-06-02 09:16:34,1506.0,223918
2021-06-02 09:16:35,1506.0,224024
2021-06-02 09:16:36,1506.05,224866
2021-06-02 09:16:37,1506.6,225382
2021-06-02 09:16:38,1506.7,225582
2021-06-02 09:16:40,1506.65,226499
2021-06-02 09:16:40,1506.95,226795
2021-06-02 09:16:41,1507.0,227046
2021-06-02 09:16:43,1507.0,227184
2021-06-02 09:16:44,1506.6,228539
2021-06-02 09:16:45,1505.65,232657
2021-06-02 09:16:46,1506.35,233583
2021-06-02 09:16:47,1506.65,234293
2021-06-02 09:16:48,1506.2,235260
2021-06-02 09:16:49,1506.0,236138
2021-06-02 09:16:49,1506.0,236138
2021-06-02 09:16:50,1506.7,236443
2021-06-02 09:16:51,1506.45,236652
2021-06-02 09:16:53,1506.65,236702
2021-06-02 09:16:54,1506.7,236850
2021-06-02 09:16:55,1506.7,237046
2021-06-02 09:16:55,1506.7,237209
2021-06-02 09:16:56,1506.45,237250
2021-06-02 09:16:58,1506.0,238841
2021-06-02 09:16:59,1506.4,239361
2021-06-02 09:17:00,1506.7,239736
2021-06-02 09:17:01,1506.7,240680
2021-06-02 09:17:02,1506.5,240747
2021-06-02 09:17:03,1506.7,241386
2021-06-02 09:17:04,1507.0,241778
2021-06-02 09:17:05,1506.75,241972
2021-06-02 09:17:06,1507.0,242147
2021-06-02 09:17:07,1506.75,242198
2021-06-02 09:17:08,1506.8,242249
2021-06-02 09:17:08,1506.8,242254
2021-06-02 09:17:09,1506.8,242390
2021-06-02 09:17:11,1507.0,242834
2021-06-02 09:17:12,1507.0,243416
2021-06-02 09:17:13,1506.8,245064
2021-06-02 09:17:14,1506.85,245543
2021-06-02 09:17:15,1506.75,246320
2021-06-02 09:17:16,1506.85,246695
2021-06-02 09:17:16,1506.75,246792
2021-06-02 09:17:17,1506.85,247832
2021-06-02 09:17:18,1506.75,248140
2021-06-02 09:17:20,1506.75,248842
2021-06-02 09:17:21,1507.05,249301
2021-06-02 09:17:22,1507.25,249731
2021-06-02 09:17:23,1507.0,249929
2021-06-02 09:17:23,1507.15,249930
2021-06-02 09:17:24,1507.25,250059
2021-06-02 09:17:25,1507.1,250154
2021-06-02 09:17:26,1507.0,251715
2021-06-02 09:17:27,1507.0,252092
2021-06-02 09:17:29,1507.0,253241
2021-06-02 09:17:30,1507.4,253319
2021-06-02 09:17:31,1506.75,254490
2021-06-02 09:17:32,1506.7,255122
2021-06-02 09:17:33,1507.45,255379
2021-06-02 09:17:34,1507.05,255782
2021-06-02 09:17:35,1507.15,256833
2021-06-02 09:17:35,1507.0,256885
2021-06-02 09:17:36,1507.0,256885
2021-06-02 09:17:37,1506.85,258151
2021-06-02 09:17:39,1507.05,258306
2021-06-02 09:17:40,1507.0,258426
2021-06-02 09:17:41,1507.0,258613
2021-06-02 09:17:42,1507.0,258672
2021-06-02 09:17:43,1507.45,258861
2021-06-02 09:17:44,1507.35,259069
2021-06-02 09:17:44,1507.35,259069
2021-06-02 09:17:45,1507.05,259866
2021-06-02 09:17:46,1507.1,259904
2021-06-02 09:17:47,1507.1,260571
2021-06-02 09:17:49,1507.4,260581
2021-06-02 09:17:50,1507.15,260635
2021-06-02 09:17:51,1507.15,261186
2021-06-02 09:17:52,1507.15,261416
2021-06-02 09:17:52,1507.45,261446
2021-06-02 09:17:53,1507.15,261568
2021-06-02 09:17:55,1507.15,261819
2021-06-02 09:17:56,1507.45,261838
2021-06-02 09:17:57,1507.45,261857
2021-06-02 09:17:57,1507.45,261857
2021-06-02 09:17:58,1507.45,261858
2021-06-02 09:18:00,1507.5,262208
2021-06-02 09:18:01,1507.6,263910
2021-06-02 09:18:02,1507.1,264494
2021-06-02 09:18:03,1507.45,264627
2021-06-02 09:18:04,1507.1,265312
2021-06-02 09:18:04,1507.2,265413
2021-06-02 09:18:05,1505.45,269747
2021-06-02 09:18:06,1507.2,273220
2021-06-02 09:18:08,1506.35,273694
2021-06-02 09:18:09,1507.05,273978
2021-06-02 09:18:10,1507.05,274359
2021-06-02 09:18:10,1507.05,274359
2021-06-02 09:18:11,1506.45,274366
2021-06-02 09:18:12,1506.45,274454
2021-06-02 09:18:14,1507.1,274467
2021-06-02 09:18:15,1506.5,275007
2021-06-02 09:18:16,1506.35,276446
2021-06-02 09:18:17,1507.0,276893
2021-06-02 09:18:17,1507.0,276944
2021-06-02 09:18:18,1506.45,277296
2021-06-02 09:18:19,1506.45,277296
2021-06-02 09:18:21,1506.9,277670
2021-06-02 09:18:23,1507.0,277738
2021-06-02 09:18:24,1507.0,277740
2021-06-02 09:18:25,1506.7,277750
2021-06-02 09:18:25,1506.7,277750
2021-06-02 09:18:26,1506.7,277798
2021-06-02 09:18:27,1506.7,278710
2021-06-02 09:18:29,1507.0,278761
2021-06-02 09:18:30,1506.7,279393
2021-06-02 09:18:31,1506.7,279922
2021-06-02 09:18:32,1506.7,279985
2021-06-02 09:18:33,1507.0,280271
2021-06-02 09:18:33,1507.0,280332
2021-06-02 09:18:34,1507.0,280687
2021-06-02 09:18:36,1507.0,286727
2021-06-02 09:18:37,1507.0,288829
2021-06-02 09:18:38,1506.95,290535
2021-06-02 09:18:38,1507.0,290783
2021-06-02 09:18:39,1506.95,291241
2021-06-02 09:18:42,1506.95,291468
2021-06-02 09:18:43,1506.95,292871
2021-06-02 09:18:44,1506.95,292871
2021-06-02 09:18:45,1506.95,293889
2021-06-02 09:18:46,1506.7,293903
2021-06-02 09:18:46,1506.7,293903
2021-06-02 09:18:47,1506.75,294483
2021-06-02 09:18:48,1506.7,295033
2021-06-02 09:18:50,1506.7,295086
2021-06-02 09:18:51,1506.9,295286
2021-06-02 09:18:52,1506.7,295287
2021-06-02 09:18:52,1506.7,295287
2021-06-02 09:18:53,1506.9,295352
2021-06-02 09:18:54,1506.75,295697
2021-06-02 09:18:55,1506.9,295698
2021-06-02 09:18:57,1506.9,295705
2021-06-02 09:18:58,1506.7,296305
2021-06-02 09:18:59,1506.8,296505
2021-06-02 09:18:59,1506.8,296505
2021-06-02 09:19:01,1506.75,297122
2021-06-02 09:19:02,1506.6,297978
2021-06-02 09:19:03,1506.75,298102
2021-06-02 09:19:04,1506.85,300581
2021-06-02 09:19:04,1506.85,300581
2021-06-02 09:19:06,1506.85,301124
2021-06-02 09:19:07,1506.8,301129
2021-06-02 09:19:09,1506.85,301458
2021-06-02 09:19:10,1507.45,305779
2021-06-02 09:19:11,1507.85,306465
2021-06-02 09:19:11,1507.55,306430
2021-06-02 09:19:12,1507.55,306469
2021-06-02 09:19:14,1507.85,306533
2021-06-02 09:19:15,1508.0,309768
2021-06-02 09:19:16,1507.75,311574
2021-06-02 09:19:17,1507.75,312146
2021-06-02 09:19:18,1508.0,312346
2021-06-02 09:19:20,1508.0,314208
2021-06-02 09:19:21,1507.85,314212
2021-06-02 09:19:21,1508.0,314210
2021-06-02 09:19:23,1507.6,315596
2021-06-02 09:19:24,1507.6,316160
2021-06-02 09:19:25,1507.6,316512
2021-06-02 09:19:26,1507.7,317393
2021-06-02 09:19:27,1507.75,317623
2021-06-02 09:19:28,1507.8,317691
2021-06-02 09:19:28,1507.8,317691
2021-06-02 09:19:29,1507.65,317695
2021-06-02 09:19:31,1507.6,318303
2021-06-02 09:19:32,1507.55,319318
2021-06-02 09:19:33,1506.8,319749
2021-06-02 09:19:34,1507.2,319859
2021-06-02 09:19:35,1507.2,320173
2021-06-02 09:19:35,1507.2,320173
2021-06-02 09:19:36,1507.2,320175
2021-06-02 09:19:38,1507.5,320605
2021-06-02 09:19:39,1507.5,320615
2021-06-02 09:19:40,1507.1,320637
2021-06-02 09:19:41,1507.1,321031
2021-06-02 09:19:42,1507.8,321363
2021-06-02 09:19:43,1507.8,321363
2021-06-02 09:19:43,1507.8,321363
2021-06-02 09:19:45,1507.8,321364
2021-06-02 09:19:46,1507.95,322041
2021-06-02 09:19:47,1507.8,322064
2021-06-02 09:19:48,1507.6,322194
2021-06-02 09:19:48,1507.6,322194
2021-06-02 09:19:50,1507.6,322194
2021-06-02 09:19:51,1507.6,324015
2021-06-02 09:19:52,1507.5,324720
2021-06-02 09:19:53,1507.15,328504
2021-06-02 09:19:54,1507.5,328548
2021-06-02 09:19:54,1507.6,328605
2021-06-02 09:19:56,1507.6,329001
2021-06-02 09:19:57,1507.6,329336
2021-06-02 09:19:58,1507.55,329641
2021-06-02 09:19:59,1507.0,329825
2021-06-02 09:20:00,1506.75,331859
2021-06-02 09:20:01,1506.95,331926
2021-06-02 09:20:01,1506.95,331926
2021-06-02 09:20:03,1506.75,332744
2021-06-02 09:20:04,1506.75,333134
2021-06-02 09:20:05,1506.95,334019
2021-06-02 09:20:06,1506.95,334019
2021-06-02 09:20:08,1507.35,334044
2021-06-02 09:20:08,1507.35,334044
2021-06-02 09:20:09,1506.95,334300
2021-06-02 09:20:11,1507.35,334314
2021-06-02 09:20:12,1507.1,334717
2021-06-02 09:20:13,1506.8,334840
2021-06-02 09:20:14,1507.25,334844
2021-06-02 09:20:15,1506.35,335406
2021-06-02 09:20:16,1506.35,335406
2021-06-02 09:20:17,1506.55,335467
2021-06-02 09:20:17,1507.15,335555
2021-06-02 09:20:19,1506.8,335729
2021-06-02 09:20:20,1506.8,335729
2021-06-02 09:20:21,1507.25,336107
2021-06-02 09:20:22,1506.5,336207
2021-06-02 09:20:23,1506.5,336231
2021-06-02 09:20:24,1506.5,336251
2021-06-02 09:20:25,1506.8,336254
2021-06-02 09:20:26,1507.15,336484
2021-06-02 09:20:27,1507.1,336534
2021-06-02 09:20:27,1507.1,336535
2021-06-02 09:20:29,1507.25,336550
2021-06-02 09:20:30,1506.75,336669
2021-06-02 09:20:31,1507.15,337319
2021-06-02 09:20:32,1506.6,337345
2021-06-02 09:20:33,1507.2,337915
2021-06-02 09:20:34,1507.2,337915
2021-06-02 09:20:35,1506.55,338040
2021-06-02 09:20:35,1506.55,338040
2021-06-02 09:20:37,1506.55,338150
2021-06-02 09:20:38,1506.95,338253
2021-06-02 09:20:39,1506.95,338253
2021-06-02 09:20:40,1506.35,338409
2021-06-02 09:20:42,1507.0,346880
2021-06-02 09:20:43,1507.1,351931
2021-06-02 09:20:44,1506.5,354781
2021-06-02 09:20:45,1506.3,355390
2021-06-02 09:20:46,1506.7,355943
2021-06-02 09:20:47,1506.3,356793
2021-06-02 09:20:48,1506.2,356920
2021-06-02 09:20:48,1506.2,356920
2021-06-02 09:20:50,1506.2,357020
2021-06-02 09:20:51,1506.0,358052
2021-06-02 09:20:52,1505.65,358172
2021-06-02 09:20:53,1505.45,358395
2021-06-02 09:20:54,1504.95,360203
2021-06-02 09:20:55,1504.75,360458
2021-06-02 09:20:56,1504.75,360533
2021-06-02 09:20:57,1504.75,360574
2021-06-02 09:20:58,1505.0,360774
2021-06-02 09:20:59,1505.0,360774
2021-06-02 09:21:00,1504.55,361345
2021-06-02 09:21:01,1504.35,361473
2021-06-02 09:21:01,1505.05,361479
2021-06-02 09:21:02,1505.0,361721
2021-06-02 09:21:04,1505.0,361805
2021-06-02 09:21:05,1504.6,362208
2021-06-02 09:21:06,1504.3,363359
2021-06-02 09:21:07,1504.45,363498
2021-06-02 09:21:08,1504.45,363498
2021-06-02 09:21:09,1505.0,363665
2021-06-02 09:21:10,1504.8,364253
2021-06-02 09:21:11,1504.8,364259
2021-06-02 09:21:12,1505.0,364511
2021-06-02 09:21:13,1504.8,365113
2021-06-02 09:21:14,1504.8,365317
2021-06-02 09:21:15,1504.65,365874
2021-06-02 09:21:16,1504.65,365874
2021-06-02 09:21:17,1504.7,365919
2021-06-02 09:21:18,1505.5,366152
2021-06-02 09:21:19,1504.95,366302
2021-06-02 09:21:20,1504.8,366323
2021-06-02 09:21:21,1504.8,366323
2021-06-02 09:21:22,1505.0,366375
2021-06-02 09:21:23,1504.8,366382
2021-06-02 09:21:24,1504.8,366398
2021-06-02 09:21:25,1504.8,366398
2021-06-02 09:21:26,1504.8,366508
2021-06-02 09:21:27,1505.0,366511
2021-06-02 09:21:28,1505.0,366629
2021-06-02 09:21:29,1505.0,366699
2021-06-02 09:21:30,1504.8,367341
2021-06-02 09:21:31,1504.8,367352
2021-06-02 09:21:32,1505.0,367353
2021-06-02 09:21:33,1504.8,367963
2021-06-02 09:21:34,1504.75,368187
2021-06-02 09:21:35,1505.0,369446
2021-06-02 09:21:37,1504.35,370243
2021-06-02 09:21:36,1504.35,370243
2021-06-02 09:21:38,1504.35,370553
2021-06-02 09:21:39,1504.2,371097
2021-06-02 09:21:40,1503.4,379581
2021-06-02 09:21:41,1504.2,380591
2021-06-02 09:21:42,1504.25,381080
2021-06-02 09:21:43,1504.4,381672
2021-06-02 09:21:44,1504.35,382652
2021-06-02 09:21:45,1504.2,382665
2021-06-02 09:21:46,1504.2,383252
2021-06-02 09:21:47,1504.15,383563
2021-06-02 09:21:48,1503.7,383723
2021-06-02 09:21:49,1503.85,383733
2021-06-02 09:21:50,1504.2,384487
2021-06-02 09:21:51,1504.2,385042
2021-06-02 09:21:52,1504.2,385073
2021-06-02 09:21:53,1504.2,385163
2021-06-02 09:21:54,1504.8,385214
2021-06-02 09:21:55,1504.25,385491
2021-06-02 09:21:56,1504.25,386715
2021-06-02 09:21:57,1504.25,386715
2021-06-02 09:21:58,1503.85,387941
2021-06-02 09:21:59,1503.95,387973
2021-06-02 09:22:00,1503.5,388968
2021-06-02 09:22:01,1503.75,389213
2021-06-02 09:22:02,1503.75,389915
2021-06-02 09:22:03,1503.9,396996
2021-06-02 09:22:04,1504.3,397008
2021-06-02 09:22:05,1504.3,397008
2021-06-02 09:22:06,1504.75,397018
2021-06-02 09:22:07,1504.3,397118
2021-06-02 09:22:08,1504.5,397248
2021-06-02 09:22:09,1503.75,397500
2021-06-02 09:22:10,1503.75,398010
2021-06-02 09:22:11,1504.3,398126
2021-06-02 09:22:12,1503.75,398793
2021-06-02 09:22:13,1504.4,398799
2021-06-02 09:22:14,1503.75,399135
2021-06-02 09:22:15,1503.75,399137
2021-06-02 09:22:16,1503.75,399985
2021-06-02 09:22:17,1503.75,399994
2021-06-02 09:22:18,1504.25,400034
2021-06-02 09:22:19,1503.75,400196
2021-06-02 09:22:20,1503.75,400336
2021-06-02 09:22:21,1503.75,400336
2021-06-02 09:22:22,1504.15,400696
2021-06-02 09:22:23,1503.8,400849
2021-06-02 09:22:24,1504.15,400851
2021-06-02 09:22:25,1503.8,400856
2021-06-02 09:22:26,1504.0,401450
2021-06-02 09:22:27,1504.15,401761
2021-06-02 09:22:28,1504.15,401761
2021-06-02 09:22:29,1504.15,401775
2021-06-02 09:22:30,1504.1,402348
2021-06-02 09:22:31,1503.55,403874
2021-06-02 09:22:32,1504.1,404179
2021-06-02 09:22:33,1504.1,404179
2021-06-02 09:22:34,1503.65,404285
2021-06-02 09:22:35,1503.65,404428
2021-06-02 09:22:36,1504.1,404586
2021-06-02 09:22:37,1503.65,404669
2021-06-02 09:22:38,1503.65,404669
2021-06-02 09:22:39,1503.85,404694
2021-06-02 09:22:40,1504.0,404695
2021-06-02 09:22:41,1504.0,404696
2021-06-02 09:22:42,1503.85,405199
2021-06-02 09:22:43,1504.0,405249
2021-06-02 09:22:44,1504.3,406991
2021-06-02 09:22:45,1504.5,407012
2021-06-02 09:22:46,1504.5,407594
2021-06-02 09:22:47,1504.5,407656
2021-06-02 09:22:48,1504.5,407742
2021-06-02 09:22:49,1504.5,407818
2021-06-02 09:22:50,1504.8,407821
2021-06-02 09:22:51,1504.5,407908
2021-06-02 09:22:52,1505.0,408032
2021-06-02 09:22:53,1504.5,408232
2021-06-02 09:22:54,1504.45,408749
2021-06-02 09:22:55,1504.7,409308
2021-06-02 09:22:56,1504.75,410711
2021-06-02 09:22:57,1504.4,411183
2021-06-02 09:22:58,1504.8,411851
2021-06-02 09:22:59,1504.3,411859
2021-06-02 09:23:00,1504.5,411869
2021-06-02 09:23:01,1504.65,412447
2021-06-02 09:23:02,1504.0,412448
2021-06-02 09:23:03,1504.0,414533
2021-06-02 09:23:04,1504.0,414534
2021-06-02 09:23:05,1504.75,414691
2021-06-02 09:23:06,1504.7,415245
2021-06-02 09:23:08,1504.5,415498
2021-06-02 09:23:07,1504.4,415302
2021-06-02 09:23:09,1504.4,415646
2021-06-02 09:23:10,1504.4,416050
2021-06-02 09:23:11,1504.5,416379
2021-06-02 09:23:12,1504.5,417670
2021-06-02 09:23:13,1504.5,417756
2021-06-02 09:23:16,1503.95,422147
2021-06-02 09:23:17,1503.95,422184
2021-06-02 09:23:18,1504.45,422310
2021-06-02 09:23:19,1503.95,422397
2021-06-02 09:23:20,1504.0,422647
2021-06-02 09:23:21,1504.5,422752
2021-06-02 09:23:23,1504.55,422834
2021-06-02 09:23:23,1504.55,422834
2021-06-02 09:23:24,1504.5,432900
2021-06-02 09:23:25,1504.85,435183
2021-06-02 09:23:26,1504.7,436802
2021-06-02 09:23:27,1505.0,438392
2021-06-02 09:23:28,1505.0,438434
2021-06-02 09:23:30,1505.0,438496
2021-06-02 09:23:30,1505.0,438497
2021-06-02 09:23:31,1505.0,439109
2021-06-02 09:23:32,1505.0,439396
2021-06-02 09:23:33,1505.0,439471
2021-06-02 09:23:35,1505.0,439471
2021-06-02 09:23:35,1505.0,439525
2021-06-02 09:23:36,1504.75,439666
2021-06-02 09:23:37,1504.75,439666
2021-06-02 09:23:38,1504.6,440824
2021-06-02 09:23:39,1504.6,440994
2021-06-02 09:23:40,1504.55,441071
2021-06-02 09:23:41,1504.5,442415
2021-06-02 09:23:42,1504.0,442525
2021-06-02 09:23:44,1504.5,442877
2021-06-02 09:23:44,1504.5,442877
2021-06-02 09:23:45,1504.0,443542
2021-06-02 09:23:46,1504.0,443561
2021-06-02 09:23:47,1504.5,443866
2021-06-02 09:23:49,1504.75,444142
2021-06-02 09:23:49,1504.75,444142
2021-06-02 09:23:50,1504.5,444155
2021-06-02 09:23:51,1504.25,444205
2021-06-02 09:23:52,1504.25,445152
2021-06-02 09:23:54,1504.15,445294
2021-06-02 09:23:54,1504.2,445305
2021-06-02 09:23:55,1504.5,445945
2021-06-02 09:23:56,1504.5,446577
2021-06-02 09:23:57,1504.5,448093
2021-06-02 09:23:59,1504.95,449721
2021-06-02 09:23:59,1505.0,449722
2021-06-02 09:24:00,1504.65,450315
2021-06-02 09:24:01,1504.7,450319
2021-06-02 09:24:02,1504.7,450319
2021-06-02 09:24:04,1504.7,450436
2021-06-02 09:24:04,1504.7,450436
2021-06-02 09:24:05,1504.7,450436
2021-06-02 09:24:06,1504.95,450475
2021-06-02 09:24:07,1504.7,454206
2021-06-02 09:24:08,1504.9,455615
2021-06-02 09:24:09,1504.95,457320
2021-06-02 09:24:11,1504.9,457359
2021-06-02 09:24:11,1504.95,457449
2021-06-02 09:24:12,1504.9,457563
2021-06-02 09:24:13,1504.9,457660
2021-06-02 09:24:14,1504.95,459712
2021-06-02 09:24:15,1504.9,460770
2021-06-02 09:24:16,1504.9,460911
2021-06-02 09:24:18,1504.9,461081
2021-06-02 09:24:18,1505.0,461096
2021-06-02 09:24:19,1505.0,461145
2021-06-02 09:24:20,1505.0,461145
2021-06-02 09:24:21,1504.95,461961
2021-06-02 09:24:22,1505.0,464559
2021-06-02 09:24:24,1505.0,465318
2021-06-02 09:24:24,1504.95,465101
2021-06-02 09:24:25,1505.0,466138
2021-06-02 09:24:26,1505.0,466982
2021-06-02 09:24:27,1505.0,467618
2021-06-02 09:24:29,1504.95,467750
2021-06-02 09:24:29,1505.6,468923
2021-06-02 09:24:30,1504.95,469661
2021-06-02 09:24:31,1505.0,469823
2021-06-02 09:24:32,1505.0,469942
2021-06-02 09:24:34,1505.0,470156
2021-06-02 09:24:34,1505.0,470156
2021-06-02 09:24:35,1505.0,470156
2021-06-02 09:24:36,1505.5,470160
2021-06-02 09:24:37,1505.0,470229
2021-06-02 09:24:38,1504.9,470559
2021-06-02 09:24:39,1504.9,470559
2021-06-02 09:24:40,1505.15,471338
2021-06-02 09:24:41,1504.5,471493
2021-06-02 09:24:42,1505.05,471680
2021-06-02 09:24:43,1505.0,471746
2021-06-02 09:24:44,1505.0,471755
2021-06-02 09:24:45,1505.0,472458
2021-06-02 09:24:46,1505.05,472587
2021-06-02 09:24:47,1505.1,472588
2021-06-02 09:24:49,1505.0,472777
2021-06-02 09:24:49,1505.0,472777
2021-06-02 09:24:50,1505.2,472902
2021-06-02 09:24:51,1505.55,473002
2021-06-02 09:24:52,1505.2,474024
2021-06-02 09:24:54,1505.2,474244
2021-06-02 09:24:54,1505.6,474564
2021-06-02 09:24:55,1505.6,474564
2021-06-02 09:24:56,1505.55,474812
2021-06-02 09:24:57,1505.55,474812
2021-06-02 09:24:59,1505.35,474866
2021-06-02 09:24:59,1505.35,474866
2021-06-02 09:25:00,1505.25,475448
2021-06-02 09:25:01,1505.25,475448
2021-06-02 09:25:02,1505.5,475620
2021-06-02 09:25:03,1505.5,475664
2021-06-02 09:25:04,1505.6,476084
2021-06-02 09:25:05,1505.6,476135
2021-06-02 09:25:06,1505.35,476156
2021-06-02 09:25:07,1505.35,476157
2021-06-02 09:25:09,1505.6,476172
2021-06-02 09:25:09,1505.6,476172
2021-06-02 09:25:10,1505.6,476277
2021-06-02 09:25:11,1505.6,476292
2021-06-02 09:25:12,1505.5,476555
2021-06-02 09:25:13,1505.5,476605
2021-06-02 09:25:14,1505.5,476756
2021-06-02 09:25:15,1505.1,477464
2021-06-02 09:25:17,1505.5,477474
2021-06-02 09:25:17,1505.5,477474
2021-06-02 09:25:18,1505.1,477728
2021-06-02 09:25:19,1505.05,477748
2021-06-02 09:25:20,1505.0,477998
2021-06-02 09:25:21,1505.35,478025
2021-06-02 09:25:23,1505.5,478175
2021-06-02 09:25:24,1505.5,478438
2021-06-02 09:25:25,1505.5,478438
2021-06-02 09:25:26,1505.3,478443
2021-06-02 09:25:26,1505.3,478443
2021-06-02 09:25:27,1505.3,478463
2021-06-02 09:25:28,1505.5,478949
2021-06-02 09:25:29,1505.5,480752
2021-06-02 09:25:30,1505.5,481318
2021-06-02 09:25:31,1505.55,481653
2021-06-02 09:25:32,1505.5,482116
2021-06-02 09:25:33,1505.55,482163
2021-06-02 09:25:34,1505.55,482165
2021-06-02 09:25:35,1505.55,482202
2021-06-02 09:25:36,1505.55,482208
2021-06-02 09:25:37,1505.55,482208
2021-06-02 09:25:38,1505.55,482208
2021-06-02 09:25:39,1505.55,482217
2021-06-02 09:25:40,1505.55,482259
2021-06-02 09:25:41,1505.6,482284
2021-06-02 09:25:42,1505.6,482371
2021-06-02 09:25:44,1505.5,483687
2021-06-02 09:25:45,1505.6,483707
2021-06-02 09:25:46,1505.5,484299
2021-06-02 09:25:47,1505.6,484309
2021-06-02 09:25:47,1505.6,484309
2021-06-02 09:25:48,1505.55,484521
2021-06-02 09:25:49,1505.55,485162
2021-06-02 09:25:50,1505.6,485430
2021-06-02 09:25:51,1505.6,485610
2021-06-02 09:25:52,1505.6,485610
2021-06-02 09:25:53,1505.4,490504
2021-06-02 09:25:54,1505.1,492260
2021-06-02 09:25:55,1505.45,492265
2021-06-02 09:25:57,1505.45,492526
2021-06-02 09:25:58,1505.1,492531
2021-06-02 09:25:58,1505.1,492531
2021-06-02 09:25:59,1505.1,492617
2021-06-02 09:26:00,1505.4,493230
2021-06-02 09:26:02,1505.1,493403
2021-06-02 09:26:03,1505.1,496388
2021-06-02 09:26:03,1505.1,496388
2021-06-02 09:26:04,1505.4,497260
2021-06-02 09:26:05,1505.05,497870
2021-06-02 09:26:06,1505.35,498045
2021-06-02 09:26:08,1505.35,498118
2021-06-02 09:26:09,1505.1,498248
2021-06-02 09:26:09,1505.1,498247
2021-06-02 09:26:10,1505.1,498396
2021-06-02 09:26:11,1505.35,498401
2021-06-02 09:26:12,1505.0,498740
2021-06-02 09:26:13,1505.0,498782
2021-06-02 09:26:14,1504.95,499127
2021-06-02 09:26:15,1504.5,499804
2021-06-02 09:26:16,1505.05,499839
2021-06-02 09:26:17,1504.55,499851
2021-06-02 09:26:18,1504.9,499852
2021-06-02 09:26:20,1504.9,499862
2021-06-02 09:26:21,1504.9,499875
2021-06-02 09:26:22,1505.05,500038
2021-06-02 09:26:23,1504.55,500160
2021-06-02 09:26:24,1504.6,500179
2021-06-02 09:26:25,1504.9,500323
2021-06-02 09:26:26,1505.0,500676
2021-06-02 09:26:27,1504.55,500710
2021-06-02 09:26:28,1504.55,500717
2021-06-02 09:26:29,1504.55,500717
2021-06-02 09:26:30,1504.55,500923
2021-06-02 09:26:31,1504.45,501664
2021-06-02 09:26:32,1505.0,501716
2021-06-02 09:26:34,1505.0,501986
2021-06-02 09:26:35,1504.5,502021
2021-06-02 09:26:36,1504.5,502040
2021-06-02 09:26:37,1504.4,502441
2021-06-02 09:26:38,1504.4,502451
2021-06-02 09:26:39,1505.0,502466
2021-06-02 09:26:40,1504.5,502536
2021-06-02 09:26:41,1504.5,502536
2021-06-02 09:26:42,1504.95,502712
2021-06-02 09:26:43,1504.55,502834
2021-06-02 09:26:44,1504.5,504805
2021-06-02 09:26:45,1504.25,505397
2021-06-02 09:26:46,1504.9,505708
2021-06-02 09:26:47,1504.9,505708
2021-06-02 09:26:49,1504.65,506014
2021-06-02 09:26:50,1504.5,506070
2021-06-02 09:26:51,1504.65,506122
2021-06-02 09:26:52,1504.3,506863
2021-06-02 09:26:53,1504.3,507027
2021-06-02 09:26:54,1504.5,507451
2021-06-02 09:26:55,1504.5,507580
2021-06-02 09:26:56,1504.3,507595
2021-06-02 09:26:57,1504.3,507595
2021-06-02 09:26:58,1504.3,507695
2021-06-02 09:26:59,1504.25,507841
2021-06-02 09:27:00,1504.3,510233
2021-06-02 09:27:01,1504.1,511222
2021-06-02 09:27:02,1504.1,511255
2021-06-02 09:27:03,1504.3,512311
2021-06-02 09:27:04,1504.1,512353
2021-06-02 09:27:05,1504.1,512406
2021-06-02 09:27:06,1504.3,512416
2021-06-02 09:27:07,1504.3,512416
2021-06-02 09:27:08,1504.1,512522
2021-06-02 09:27:09,1504.1,512527
2021-06-02 09:27:11,1504.1,512679
2021-06-02 09:27:12,1504.1,512797
2021-06-02 09:27:13,1504.1,513137
2021-06-02 09:27:14,1504.1,513566
2021-06-02 09:27:15,1504.3,514274
2021-06-02 09:27:17,1504.3,514572
2021-06-02 09:27:18,1504.3,514623
2021-06-02 09:27:19,1504.3,514774
2021-06-02 09:27:20,1504.3,514789
2021-06-02 09:27:21,1504.3,514789
2021-06-02 09:27:22,1504.25,514819
2021-06-02 09:27:23,1504.25,514912
2021-06-02 09:27:24,1504.3,515018
2021-06-02 09:27:25,1504.3,518418
2021-06-02 09:27:26,1504.3,519198
2021-06-02 09:27:27,1503.7,526741
2021-06-02 09:27:28,1503.75,526873
2021-06-02 09:27:29,1503.75,527464
2021-06-02 09:27:29,1503.8,527564
2021-06-02 09:27:30,1503.55,528222
2021-06-02 09:27:31,1503.55,528222
2021-06-02 09:27:32,1503.65,528839
2021-06-02 09:27:33,1503.65,528892
2021-06-02 09:27:34,1503.75,528922
2021-06-02 09:27:35,1503.65,528930
2021-06-02 09:27:36,1503.75,529030
2021-06-02 09:27:38,1503.75,529560
2021-06-02 09:27:39,1503.65,529655
2021-06-02 09:27:40,1503.2,529977
2021-06-02 09:27:41,1503.2,530275
2021-06-02 09:27:42,1503.6,530465
2021-06-02 09:27:43,1503.0,531045
2021-06-02 09:27:44,1503.0,531117
2021-06-02 09:27:45,1503.0,531677
2021-06-02 09:27:46,1503.45,531928
2021-06-02 09:27:46,1503.0,531927
2021-06-02 09:27:47,1503.45,531928
2021-06-02 09:27:48,1503.5,531942
2021-06-02 09:27:49,1503.5,531962
2021-06-02 09:27:50,1503.65,532462
2021-06-02 09:27:51,1503.5,532482
2021-06-02 09:27:52,1503.5,533532
2021-06-02 09:27:53,1503.0,534186
2021-06-02 09:27:54,1503.0,534711
2021-06-02 09:27:55,1503.5,534721
2021-06-02 09:27:56,1503.05,535230
2021-06-02 09:27:57,1503.45,535335
2021-06-02 09:27:58,1503.45,535390
2021-06-02 09:27:59,1503.0,535394
2021-06-02 09:28:00,1503.45,535963
2021-06-02 09:28:01,1502.8,536192
2021-06-02 09:28:02,1503.35,536222
2021-06-02 09:28:03,1502.85,536464
2021-06-02 09:28:04,1503.35,536498
2021-06-02 09:28:05,1502.8,536534
2021-06-02 09:28:06,1502.8,536635
2021-06-02 09:28:07,1502.8,536845
2021-06-02 09:28:08,1503.35,536968
2021-06-02 09:28:09,1503.35,537008
2021-06-02 09:28:10,1503.35,537018
2021-06-02 09:28:11,1502.95,537248
2021-06-02 09:28:12,1503.3,537327
2021-06-02 09:28:13,1502.9,537374
2021-06-02 09:28:14,1503.3,537376
2021-06-02 09:28:15,1503.3,537558
2021-06-02 09:28:17,1502.9,537678
2021-06-02 09:28:18,1503.25,538262
2021-06-02 09:28:19,1502.9,538692
2021-06-02 09:28:20,1502.9,538712
2021-06-02 09:28:21,1502.75,539180
2021-06-02 09:28:22,1503.25,539480
2021-06-02 09:28:23,1502.9,539583
2021-06-02 09:28:24,1502.9,539612
2021-06-02 09:28:25,1502.95,539614
2021-06-02 09:28:28,1502.55,540885
2021-06-02 09:28:29,1502.9,540902
2021-06-02 09:28:30,1502.5,541749
2021-06-02 09:28:31,1502.5,542335
2021-06-02 09:28:32,1502.5,543000
2021-06-02 09:28:33,1502.5,543527
2021-06-02 09:28:34,1502.5,543731
2021-06-02 09:28:34,1502.5,543781
2021-06-02 09:28:35,1503.0,544634
2021-06-02 09:28:36,1502.5,544672
2021-06-02 09:28:37,1502.5,545267
2021-06-02 09:28:38,1503.0,545639
2021-06-02 09:28:39,1502.5,545698
2021-06-02 09:28:40,1502.5,545739
2021-06-02 09:28:41,1502.5,545850
2021-06-02 09:28:42,1502.4,546396
2021-06-02 09:28:43,1501.85,548334
2021-06-02 09:28:44,1502.45,549014
2021-06-02 09:28:45,1502.45,549014
2021-06-02 09:28:46,1502.0,549213
2021-06-02 09:28:47,1502.0,549611
2021-06-02 09:28:48,1502.0,549983
2021-06-02 09:28:49,1501.75,551326
2021-06-02 09:28:50,1501.9,551332
2021-06-02 09:28:51,1501.85,552413
2021-06-02 09:28:52,1502.15,556992
2021-06-02 09:28:53,1502.15,557069
2021-06-02 09:28:54,1502.5,557272
2021-06-02 09:28:55,1502.45,557325
2021-06-02 09:28:56,1501.7,558711
2021-06-02 09:28:57,1502.15,558895
2021-06-02 09:28:58,1502.0,559155
2021-06-02 09:28:59,1502.2,559305
2021-06-02 09:29:00,1502.2,559351
2021-06-02 09:29:01,1502.5,559689
2021-06-02 09:29:02,1502.2,559840
2021-06-02 09:29:03,1502.05,559906
2021-06-02 09:29:04,1502.5,559967
2021-06-02 09:29:05,1502.5,559967
2021-06-02 09:29:06,1502.05,560014
2021-06-02 09:29:08,1502.5,560732
2021-06-02 09:29:09,1502.15,560762
2021-06-02 09:29:10,1502.5,560764
2021-06-02 09:29:11,1502.2,560823
2021-06-02 09:29:12,1502.15,561078
2021-06-02 09:29:13,1502.05,561249
2021-06-02 09:29:14,1502.5,561455
2021-06-02 09:29:15,1502.0,562576
2021-06-02 09:29:16,1502.35,562615
2021-06-02 09:29:17,1502.45,562792
2021-06-02 09:29:18,1502.0,562822
2021-06-02 09:29:19,1502.45,563040
2021-06-02 09:29:20,1502.1,563350
2021-06-02 09:29:21,1501.75,564829
2021-06-02 09:29:22,1502.65,565535
2021-06-02 09:29:23,1502.75,565835
2021-06-02 09:29:24,1502.0,567014
2021-06-02 09:29:24,1502.05,567034
2021-06-02 09:29:25,1502.5,567035
2021-06-02 09:29:26,1502.1,567092
2021-06-02 09:29:27,1502.35,567684
2021-06-02 09:29:28,1502.25,567786
2021-06-02 09:29:29,1502.9,568152
2021-06-02 09:29:30,1502.65,568362
2021-06-02 09:29:31,1502.3,568369
2021-06-02 09:29:33,1502.35,569445
2021-06-02 09:29:34,1502.85,569760
2021-06-02 09:29:35,1502.6,569895
2021-06-02 09:29:36,1502.5,579788
2021-06-02 09:29:37,1502.7,580127
2021-06-02 09:29:38,1502.5,580179
2021-06-02 09:29:39,1502.85,580232
2021-06-02 09:29:40,1502.9,581362
2021-06-02 09:29:41,1502.6,582845
2021-06-02 09:29:42,1503.0,587977
2021-06-02 09:29:43,1502.5,592469
2021-06-02 09:29:44,1502.9,592752
2021-06-02 09:29:45,1503.0,593277
2021-06-02 09:29:46,1503.0,593349
2021-06-02 09:29:47,1502.5,594911
2021-06-02 09:29:48,1502.9,595047
2021-06-02 09:29:49,1503.0,595547
2021-06-02 09:29:50,1502.95,595974
2021-06-02 09:29:51,1502.5,596020
2021-06-02 09:29:52,1502.5,596674
2021-06-02 09:29:53,1502.9,596726
2021-06-02 09:29:53,1502.5,596727
2021-06-02 09:29:54,1502.9,596847
2021-06-02 09:29:55,1502.5,596860
2021-06-02 09:29:56,1502.7,596881
2021-06-02 09:29:57,1502.7,596897
2021-06-02 09:29:59,1502.75,596927
2021-06-02 09:30:00,1502.75,597079
2021-06-02 09:30:01,1502.9,597205
2021-06-02 09:30:02,1502.75,597446
2021-06-02 09:30:03,1502.7,597557
2021-06-02 09:30:04,1502.7,597570
2021-06-02 09:30:05,1502.5,598081
2021-06-02 09:30:06,1502.75,598261
2021-06-02 09:30:07,1502.5,598698
2021-06-02 09:30:08,1502.5,598768
2021-06-02 09:30:09,1502.5,598788
2021-06-02 09:30:10,1502.5,598803
2021-06-02 09:30:11,1502.5,599446
2021-06-02 09:30:12,1502.5,599657
2021-06-02 09:30:13,1502.5,599896
2021-06-02 09:30:14,1502.5,600453
2021-06-02 09:30:15,1502.7,600458
2021-06-02 09:30:16,1502.9,600754
2021-06-02 09:30:17,1502.7,601018
2021-06-02 09:30:18,1502.7,601018
2021-06-02 09:30:19,1503.0,601350
2021-06-02 09:30:20,1503.0,603095
2021-06-02 09:30:21,1502.6,604388
2021-06-02 09:30:22,1502.5,604709
2021-06-02 09:30:23,1502.5,604757
2021-06-02 09:30:24,1502.7,604779
2021-06-02 09:30:25,1502.7,604791
2021-06-02 09:30:26,1502.7,604921
2021-06-02 09:30:27,1502.7,604976
2021-06-02 09:30:28,1502.9,605201
2021-06-02 09:30:29,1503.0,605318
2021-06-02 09:30:30,1502.7,605336
2021-06-02 09:30:31,1502.7,605341
2021-06-02 09:30:32,1502.7,605341
2021-06-02 09:30:33,1502.7,605421
2021-06-02 09:30:33,1502.7,605421
2021-06-02 09:30:35,1502.85,605527
2021-06-02 09:30:35,1502.7,605567
2021-06-02 09:30:36,1502.45,606076
2021-06-02 09:30:37,1502.5,606277
2021-06-02 09:30:38,1502.5,606327
2021-06-02 09:30:39,1502.5,607103
2021-06-02 09:30:40,1502.9,607265
2021-06-02 09:30:41,1502.5,607320
2021-06-02 09:30:43,1502.9,607843
2021-06-02 09:30:43,1503.0,607920
2021-06-02 09:30:45,1502.55,607947
2021-06-02 09:30:45,1502.9,608051
2021-06-02 09:30:46,1503.0,608094
2021-06-02 09:30:47,1503.0,611085
2021-06-02 09:30:48,1502.95,611581
2021-06-02 09:30:49,1503.0,612158
2021-06-02 09:30:50,1503.5,614204
2021-06-02 09:30:51,1503.1,614382
2021-06-02 09:30:53,1503.5,614452
2021-06-02 09:30:54,1503.15,614835
2021-06-02 09:30:55,1503.15,615217
2021-06-02 09:30:56,1503.15,616350
2021-06-02 09:30:57,1503.55,618572
2021-06-02 09:30:58,1503.75,618604
2021-06-02 09:30:59,1503.55,619245
2021-06-02 09:31:00,1503.55,619295
2021-06-02 09:31:01,1503.75,619827
2021-06-02 09:31:02,1503.55,619963
2021-06-02 09:31:04,1503.55,620028
2021-06-02 09:31:04,1503.55,620028
2021-06-02 09:31:05,1503.55,620103
2021-06-02 09:31:06,1503.55,620245
2021-06-02 09:31:07,1503.55,620245
2021-06-02 09:31:08,1503.55,620246
2021-06-02 09:31:09,1503.7,620247
2021-06-02 09:31:10,1503.55,620310
2021-06-02 09:31:11,1503.75,620321
2021-06-02 09:31:12,1503.55,620389
2021-06-02 09:31:13,1503.55,620545
2021-06-02 09:31:14,1503.75,620567
2021-06-02 09:31:15,1503.65,620587
2021-06-02 09:31:16,1503.65,620587
2021-06-02 09:31:17,1503.65,620804
2021-06-02 09:31:18,1503.65,620825
2021-06-02 09:31:19,1503.75,621083
2021-06-02 09:31:20,1503.75,621083
2021-06-02 09:31:21,1503.55,621153
2021-06-02 09:31:22,1503.55,621187
2021-06-02 09:31:24,1503.55,621222
2021-06-02 09:31:25,1503.55,621229
2021-06-02 09:31:26,1503.55,621279
2021-06-02 09:31:27,1503.65,621281
2021-06-02 09:31:28,1503.75,621283
2021-06-02 09:31:29,1503.75,621792
2021-06-02 09:31:30,1503.75,621901
2021-06-02 09:31:32,1503.75,622057
2021-06-02 09:31:33,1503.8,622797
2021-06-02 09:31:34,1503.8,622822
2021-06-02 09:31:35,1503.8,622893
2021-06-02 09:31:36,1503.75,623215
2021-06-02 09:31:37,1503.9,623482
2021-06-02 09:31:38,1503.75,623601
2021-06-02 09:31:39,1503.75,623601
2021-06-02 09:31:40,1503.8,623722
2021-06-02 09:31:41,1503.8,623725
2021-06-02 09:31:42,1504.0,624841
2021-06-02 09:31:43,1504.0,625029
2021-06-02 09:31:44,1504.0,625179
2021-06-02 09:31:45,1504.0,631547
2021-06-02 09:31:46,1504.4,633228
2021-06-02 09:31:47,1504.5,634338
2021-06-02 09:31:49,1503.85,634655
2021-06-02 09:31:48,1504.0,634497
2021-06-02 09:31:50,1504.5,634748
2021-06-02 09:31:51,1504.25,634843
2021-06-02 09:31:52,1504.25,634883
2021-06-02 09:31:53,1504.2,635035
2021-06-02 09:31:54,1504.1,635066
2021-06-02 09:31:55,1504.2,635075
2021-06-02 09:31:56,1504.1,635223
2021-06-02 09:31:57,1504.1,635223
2021-06-02 09:31:58,1504.25,635376
2021-06-02 09:31:59,1504.5,635760
2021-06-02 09:32:01,1504.4,636397
2021-06-02 09:32:03,1504.5,636633
2021-06-02 09:32:02,1504.5,636633
2021-06-02 09:32:04,1504.5,636659
2021-06-02 09:32:05,1504.4,636662
2021-06-02 09:32:06,1504.5,636909
2021-06-02 09:32:07,1504.5,636909
2021-06-02 09:32:08,1504.3,640898
2021-06-02 09:32:09,1504.4,641661
2021-06-02 09:32:10,1503.9,641666
2021-06-02 09:32:11,1504.05,641697
2021-06-02 09:32:12,1504.5,641907
2021-06-02 09:32:13,1504.5,641907
2021-06-02 09:32:14,1504.1,642007
2021-06-02 09:32:15,1503.75,645465
2021-06-02 09:32:16,1503.9,646194
2021-06-02 09:32:17,1503.6,646244
2021-06-02 09:32:18,1504.1,646279
2021-06-02 09:32:19,1504.0,648868
2021-06-02 09:32:20,1504.0,648868
2021-06-02 09:32:21,1504.1,648883
2021-06-02 09:32:22,1504.5,649035
2021-06-02 09:32:23,1504.45,649103
2021-06-02 09:32:24,1504.45,649105
2021-06-02 09:32:25,1504.5,649246
2021-06-02 09:32:26,1504.5,649246
2021-06-02 09:32:27,1504.4,649683
2021-06-02 09:32:28,1504.0,649684
2021-06-02 09:32:29,1504.4,650149
2021-06-02 09:32:30,1504.4,650517
2021-06-02 09:32:31,1504.4,650517
2021-06-02 09:32:32,1504.4,650520
2021-06-02 09:32:33,1504.4,650672
2021-06-02 09:32:34,1504.4,650682
2021-06-02 09:32:35,1504.05,650702
2021-06-02 09:32:36,1504.4,650706
2021-06-02 09:32:37,1504.15,650738
2021-06-02 09:32:38,1504.4,650743
2021-06-02 09:32:39,1504.45,651910
2021-06-02 09:32:40,1503.8,652326
2021-06-02 09:32:41,1504.3,652340
2021-06-02 09:32:42,1504.4,652440
2021-06-02 09:32:43,1504.45,652940
2021-06-02 09:32:44,1504.45,653242
2021-06-02 09:32:46,1504.1,654823
2021-06-02 09:32:47,1504.45,654923
2021-06-02 09:32:48,1504.1,654926
2021-06-02 09:32:49,1504.35,655026
2021-06-02 09:32:50,1504.4,655049
2021-06-02 09:32:51,1504.4,655049
2021-06-02 09:32:52,1504.4,655113
2021-06-02 09:32:53,1504.4,655113
2021-06-02 09:32:54,1504.45,655222
2021-06-02 09:32:55,1504.45,655229
2021-06-02 09:32:56,1504.45,655232
2021-06-02 09:32:57,1504.45,655417
2021-06-02 09:32:58,1504.45,655558
2021-06-02 09:32:59,1504.4,655647
2021-06-02 09:33:00,1504.45,655648
2021-06-02 09:33:01,1504.45,655860
2021-06-02 09:33:02,1504.5,655973
2021-06-02 09:33:03,1504.5,655988
2021-06-02 09:33:04,1504.45,656078
2021-06-02 09:33:05,1504.5,656218
2021-06-02 09:33:06,1504.75,657100
2021-06-02 09:33:07,1504.5,657316
2021-06-02 09:33:08,1504.5,657316
2021-06-02 09:33:09,1504.75,657416
2021-06-02 09:33:10,1504.75,657693
2021-06-02 09:33:11,1504.75,657693
2021-06-02 09:33:12,1505.0,658226
2021-06-02 09:33:13,1505.0,658226
2021-06-02 09:33:14,1504.3,675527
2021-06-02 09:33:15,1504.6,678429
2021-06-02 09:33:16,1504.6,678539
2021-06-02 09:33:17,1504.8,679170
2021-06-02 09:33:18,1505.0,679777
2021-06-02 09:33:19,1505.0,680065
2021-06-02 09:33:20,1505.0,680616
2021-06-02 09:33:21,1504.9,680618
2021-06-02 09:33:22,1504.95,680656
2021-06-02 09:33:23,1505.0,685240
2021-06-02 09:33:24,1505.0,686844
2021-06-02 09:33:25,1505.0,686844
2021-06-02 09:33:26,1505.0,686887
2021-06-02 09:33:27,1504.95,687189
2021-06-02 09:33:28,1504.95,687190
2021-06-02 09:33:29,1504.95,687190
2021-06-02 09:33:30,1504.95,687190
2021-06-02 09:33:31,1504.95,688210
2021-06-02 09:33:32,1504.95,688284
2021-06-02 09:33:33,1505.0,688337
2021-06-02 09:33:34,1505.0,688356
2021-06-02 09:33:35,1505.0,688356
2021-06-02 09:33:36,1505.0,688396
2021-06-02 09:33:37,1505.0,688469
2021-06-02 09:33:38,1504.95,688473
2021-06-02 09:33:39,1505.0,688547
2021-06-02 09:33:40,1504.95,688548
2021-06-02 09:33:41,1505.0,688579
2021-06-02 09:33:42,1505.0,688579
2021-06-02 09:33:43,1504.95,688580
2021-06-02 09:33:44,1505.0,696487
2021-06-02 09:33:45,1504.95,697813
2021-06-02 09:33:46,1505.0,698590
2021-06-02 09:33:47,1505.0,698956
2021-06-02 09:33:48,1504.95,699496
2021-06-02 09:33:49,1504.95,699902
2021-06-02 09:33:50,1504.95,699905
2021-06-02 09:33:51,1505.0,700229
2021-06-02 09:33:52,1505.0,700234
2021-06-02 09:33:53,1504.95,700241
2021-06-02 09:33:54,1505.0,700254
2021-06-02 09:33:55,1505.0,700254
2021-06-02 09:33:56,1505.0,700258
2021-06-02 09:33:57,1504.95,700404
2021-06-02 09:33:58,1505.0,700606
2021-06-02 09:33:59,1504.95,700757
2021-06-02 09:34:00,1504.9,703104
2021-06-02 09:34:01,1505.0,703159
2021-06-02 09:34:02,1504.95,703467
2021-06-02 09:34:03,1505.35,705388
2021-06-02 09:34:04,1505.5,706037
2021-06-02 09:34:05,1506.0,708157
2021-06-02 09:34:06,1506.0,708280
2021-06-02 09:34:07,1506.0,708536
2021-06-02 09:34:08,1505.8,708554
2021-06-02 09:34:09,1506.0,709966
2021-06-02 09:34:10,1506.2,711428
2021-06-02 09:34:11,1506.2,712012
2021-06-02 09:34:12,1506.25,713938
2021-06-02 09:34:13,1506.1,717522
2021-06-02 09:34:14,1506.45,718657
2021-06-02 09:34:15,1506.0,720399
2021-06-02 09:34:16,1506.0,727976
2021-06-02 09:34:17,1506.0,727976
2021-06-02 09:34:18,1506.45,728296
2021-06-02 09:34:19,1506.5,728547
2021-06-02 09:34:20,1506.5,728688
2021-06-02 09:34:21,1506.5,728880
2021-06-02 09:34:22,1506.5,729031
2021-06-02 09:34:23,1506.5,729083
2021-06-02 09:34:24,1506.45,731288
2021-06-02 09:34:25,1507.0,731826
2021-06-02 09:34:26,1506.85,731951
2021-06-02 09:34:27,1506.55,734315
2021-06-02 09:34:28,1506.85,734562
2021-06-02 09:34:29,1506.5,735676
2021-06-02 09:34:30,1506.5,736047
2021-06-02 09:34:31,1506.95,736793
2021-06-02 09:34:32,1506.4,737152
2021-06-02 09:34:33,1507.0,737599
2021-06-02 09:34:34,1506.65,737619
2021-06-02 09:34:35,1507.0,738223
2021-06-02 09:34:36,1507.0,738345
2021-06-02 09:34:37,1506.65,738864
2021-06-02 09:34:38,1507.0,739324
2021-06-02 09:34:39,1506.65,739528
2021-06-02 09:34:40,1507.0,740551
2021-06-02 09:34:41,1506.75,740993
2021-06-02 09:34:42,1507.0,741224
2021-06-02 09:34:43,1506.65,741705
2021-06-02 09:34:44,1506.65,741891
2021-06-02 09:34:45,1506.55,742353
2021-06-02 09:34:46,1507.0,742360
2021-06-02 09:34:48,1506.75,742482
2021-06-02 09:34:49,1507.0,743270
2021-06-02 09:34:49,1507.0,743548
2021-06-02 09:34:51,1507.0,743548
2021-06-02 09:34:51,1507.0,743548
2021-06-02 09:34:52,1507.0,743747
2021-06-02 09:34:53,1506.85,743751
2021-06-02 09:34:54,1507.0,753155
2021-06-02 09:34:55,1507.7,758624
2021-06-02 09:34:56,1507.1,760328
2021-06-02 09:34:57,1507.3,760363
2021-06-02 09:34:58,1507.85,761807
2021-06-02 09:34:59,1507.4,761977
2021-06-02 09:35:01,1507.7,763640
2021-06-02 09:35:02,1507.7,763716
2021-06-02 09:35:03,1507.75,765776
2021-06-02 09:35:04,1507.95,765780
2021-06-02 09:35:05,1507.65,766887
2021-06-02 09:35:06,1507.65,766939
2021-06-02 09:35:07,1507.65,767170
2021-06-02 09:35:08,1507.65,767732
2021-06-02 09:35:09,1508.0,768502
2021-06-02 09:35:10,1508.0,768706
2021-06-02 09:35:11,1507.65,768737
2021-06-02 09:35:12,1507.65,768941
2021-06-02 09:35:13,1507.65,769074
2021-06-02 09:35:14,1507.8,769090
2021-06-02 09:35:15,1507.95,769091
2021-06-02 09:35:16,1507.8,770238
2021-06-02 09:35:17,1507.95,771063
2021-06-02 09:35:18,1507.8,771271
2021-06-02 09:35:19,1507.95,771342
2021-06-02 09:35:20,1507.95,771403
2021-06-02 09:35:21,1507.8,771408
2021-06-02 09:35:22,1507.95,771451
2021-06-02 09:35:23,1507.95,772068
2021-06-02 09:35:24,1508.0,772688
2021-06-02 09:35:25,1507.95,775327
2021-06-02 09:35:26,1508.25,776596
2021-06-02 09:35:27,1508.25,776597
2021-06-02 09:35:28,1508.0,777638
2021-06-02 09:35:29,1508.0,777748
2021-06-02 09:35:30,1508.0,778048
2021-06-02 09:35:31,1507.95,778111
2021-06-02 09:35:32,1508.0,778156
2021-06-02 09:35:33,1508.0,778219
2021-06-02 09:35:34,1507.55,779775
2021-06-02 09:35:35,1507.9,779828
2021-06-02 09:35:36,1507.95,779863
2021-06-02 09:35:37,1508.0,780361
2021-06-02 09:35:38,1508.0,780376
2021-06-02 09:35:40,1507.35,781235
2021-06-02 09:35:41,1507.4,781243
2021-06-02 09:35:42,1506.95,781891
2021-06-02 09:35:43,1506.9,782318
2021-06-02 09:35:44,1507.0,782390
2021-06-02 09:35:45,1507.0,782390
2021-06-02 09:35:46,1506.9,782693
2021-06-02 09:35:47,1507.0,785972
2021-06-02 09:35:48,1507.0,787010
2021-06-02 09:35:49,1506.95,787015
2021-06-02 09:35:50,1507.0,787025
2021-06-02 09:35:51,1507.0,787025
2021-06-02 09:35:52,1506.95,787050
2021-06-02 09:35:54,1507.0,787055
2021-06-02 09:35:54,1506.5,787084
2021-06-02 09:35:56,1506.95,787584
2021-06-02 09:35:57,1506.45,787885
2021-06-02 09:35:57,1506.5,787905
2021-06-02 09:35:58,1506.5,787905
2021-06-02 09:35:59,1506.85,787925
2021-06-02 09:36:00,1506.5,787941
2021-06-02 09:36:01,1506.5,787944
2021-06-02 09:36:02,1506.5,787993
2021-06-02 09:36:03,1506.5,788113
2021-06-02 09:36:04,1506.8,788123
2021-06-02 09:36:05,1506.1,788246
2021-06-02 09:36:06,1506.6,788462
2021-06-02 09:36:07,1506.5,788866
2021-06-02 09:36:08,1506.3,788923
2021-06-02 09:36:09,1506.55,788964
2021-06-02 09:36:10,1506.5,789004
2021-06-02 09:36:11,1506.3,789068
2021-06-02 09:36:12,1506.5,789088
2021-06-02 09:36:13,1506.5,789093
2021-06-02 09:36:15,1506.5,791283
2021-06-02 09:36:16,1506.5,791286
2021-06-02 09:36:18,1505.95,792504
2021-06-02 09:36:19,1505.65,792789
2021-06-02 09:36:20,1505.65,792799
2021-06-02 09:36:21,1506.0,792800
2021-06-02 09:36:22,1506.0,792800
2021-06-02 09:36:23,1505.65,792801
2021-06-02 09:36:24,1505.65,792802
2021-06-02 09:36:25,1505.95,793187
2021-06-02 09:36:26,1505.95,793312
2021-06-02 09:36:28,1505.35,793432
2021-06-02 09:36:29,1505.3,793942
2021-06-02 09:36:30,1505.95,793974
2021-06-02 09:36:31,1505.95,794074
2021-06-02 09:36:32,1505.25,794388
2021-06-02 09:36:33,1505.85,794396
2021-06-02 09:36:34,1505.8,794424
2021-06-02 09:36:35,1505.3,794791
2021-06-02 09:36:36,1505.3,794792
2021-06-02 09:36:37,1505.75,794813
2021-06-02 09:36:38,1505.3,795149
2021-06-02 09:36:39,1505.2,795492
2021-06-02 09:36:40,1505.85,795742
2021-06-02 09:36:41,1505.85,795894
2021-06-02 09:36:42,1505.95,795904
2021-06-02 09:36:43,1505.85,796014
2021-06-02 09:36:43,1505.85,796014
2021-06-02 09:36:44,1505.05,798067
2021-06-02 09:36:45,1505.8,798068
2021-06-02 09:36:46,1505.8,798167
2021-06-02 09:36:47,1505.8,798647
2021-06-02 09:36:48,1505.5,798668
2021-06-02 09:36:49,1505.5,798901
2021-06-02 09:36:51,1505.05,799118
2021-06-02 09:36:52,1505.05,799161
2021-06-02 09:36:53,1505.05,799182
2021-06-02 09:36:54,1505.45,799206
2021-06-02 09:36:55,1505.05,799366
2021-06-02 09:36:56,1505.05,799470
2021-06-02 09:36:57,1505.45,799871
2021-06-02 09:36:58,1505.05,799872
2021-06-02 09:36:59,1505.05,799888
2021-06-02 09:37:00,1505.05,800108
2021-06-02 09:37:01,1505.45,800110
2021-06-02 09:37:02,1505.45,800110
2021-06-02 09:37:03,1505.45,800110
2021-06-02 09:37:03,1505.45,800110
2021-06-02 09:37:04,1505.45,800152
2021-06-02 09:37:05,1505.45,800152
2021-06-02 09:37:06,1505.45,800152
2021-06-02 09:37:07,1505.3,800177
2021-06-02 09:37:08,1505.3,800181
2021-06-02 09:37:09,1505.05,800391
2021-06-02 09:37:11,1505.05,800392
2021-06-02 09:37:12,1505.05,800392
2021-06-02 09:37:13,1505.0,801142
2021-06-02 09:37:13,1505.0,801142
2021-06-02 09:37:14,1505.45,801193
2021-06-02 09:37:15,1505.3,801259
2021-06-02 09:37:16,1504.85,802520
2021-06-02 09:37:17,1505.05,802524
2021-06-02 09:37:18,1505.05,802526
2021-06-02 09:37:19,1505.3,802643
2021-06-02 09:37:20,1505.05,802745
2021-06-02 09:37:21,1505.05,802775
2021-06-02 09:37:22,1505.0,802797
2021-06-02 09:37:25,1505.3,802802
2021-06-02 09:37:27,1505.0,802886
2021-06-02 09:37:28,1505.0,802886
2021-06-02 09:37:29,1505.0,802886
2021-06-02 09:37:30,1505.05,802891
2021-06-02 09:37:31,1505.05,803164
2021-06-02 09:37:32,1505.0,803241
2021-06-02 09:37:33,1505.0,803371
2021-06-02 09:37:34,1505.0,803381
2021-06-02 09:37:35,1505.0,803381
2021-06-02 09:37:36,1505.0,803436
2021-06-02 09:37:37,1504.95,803681
2021-06-02 09:37:38,1504.4,803945
2021-06-02 09:37:39,1504.45,804395
2021-06-02 09:37:40,1504.85,804700
2021-06-02 09:37:42,1504.85,804705
2021-06-02 09:37:43,1504.85,804705
2021-06-02 09:37:44,1504.5,804807
2021-06-02 09:37:45,1504.95,804809
2021-06-02 09:37:46,1504.6,804847
2021-06-02 09:37:47,1505.05,805218
2021-06-02 09:37:48,1504.7,805238
2021-06-02 09:37:50,1504.7,805343
2021-06-02 09:37:51,1505.0,805347
2021-06-02 09:37:52,1505.0,805858
2021-06-02 09:37:53,1505.0,806269
2021-06-02 09:37:55,1505.0,812528
2021-06-02 09:37:57,1505.2,814065
2021-06-02 09:37:58,1505.2,814090
2021-06-02 09:37:58,1505.2,814090
2021-06-02 09:37:59,1505.75,814148
2021-06-02 09:38:00,1505.75,814249
2021-06-02 09:38:01,1505.8,814410
2021-06-02 09:38:02,1505.35,814416
2021-06-02 09:38:03,1505.8,814429
2021-06-02 09:38:05,1505.8,814429
2021-06-02 09:38:06,1505.75,814430
2021-06-02 09:38:07,1505.75,814430
2021-06-02 09:38:07,1505.3,814707
2021-06-02 09:38:08,1505.3,814713
2021-06-02 09:38:09,1505.7,814728
2021-06-02 09:38:10,1505.3,815361
2021-06-02 09:38:11,1505.3,815361
2021-06-02 09:38:12,1505.3,815505
2021-06-02 09:38:13,1505.75,816365
2021-06-02 09:38:14,1505.3,816368
2021-06-02 09:38:15,1505.3,816408
2021-06-02 09:38:16,1505.3,816428
2021-06-02 09:38:17,1505.3,816428
2021-06-02 09:38:18,1505.35,816445
2021-06-02 09:38:19,1505.35,816445
2021-06-02 09:38:21,1505.35,816577
2021-06-02 09:38:22,1505.25,816627
2021-06-02 09:38:23,1505.65,816679
2021-06-02 09:38:24,1505.25,816801
2021-06-02 09:38:25,1505.25,816860
2021-06-02 09:38:26,1505.15,816868
2021-06-02 09:38:27,1505.75,817055
2021-06-02 09:38:28,1505.5,817075
2021-06-02 09:38:29,1505.65,817080
2021-06-02 09:38:30,1505.75,817608
2021-06-02 09:38:30,1505.75,817608
2021-06-02 09:38:32,1505.75,817669
2021-06-02 09:38:33,1505.75,818120
2021-06-02 09:38:34,1505.75,818120
2021-06-02 09:38:35,1505.75,818130
2021-06-02 09:38:36,1505.7,818292
2021-06-02 09:38:37,1505.7,818667
2021-06-02 09:38:37,1505.7,818668
2021-06-02 09:38:38,1505.25,818781
2021-06-02 09:38:40,1505.35,818933
2021-06-02 09:38:41,1505.4,819196
2021-06-02 09:38:42,1505.4,819217
2021-06-02 09:38:43,1505.4,819227
2021-06-02 09:38:44,1505.0,819282
2021-06-02 09:38:45,1505.0,819283
2021-06-02 09:38:47,1505.0,819673
2021-06-02 09:38:48,1505.3,819681
2021-06-02 09:38:49,1505.7,819687
2021-06-02 09:38:50,1505.7,819707
2021-06-02 09:38:51,1505.3,820109
2021-06-02 09:38:52,1505.3,820211
2021-06-02 09:38:53,1505.7,820221
2021-06-02 09:38:54,1505.7,820242
2021-06-02 09:38:55,1505.7,820250
2021-06-02 09:38:55,1505.7,820250
2021-06-02 09:38:56,1505.7,820321
2021-06-02 09:38:57,1505.7,820521
2021-06-02 09:38:58,1505.7,820534
2021-06-02 09:38:59,1505.5,820653
2021-06-02 09:39:00,1505.35,820722
2021-06-02 09:39:01,1505.5,820723
2021-06-02 09:39:02,1505.5,820723
2021-06-02 09:39:03,1505.5,820825
2021-06-02 09:39:04,1505.35,820884
2021-06-02 09:39:05,1505.35,820884
2021-06-02 09:39:06,1505.3,821173
2021-06-02 09:39:07,1505.5,821279
2021-06-02 09:39:08,1505.5,821279
2021-06-02 09:39:09,1505.05,821765
2021-06-02 09:39:10,1505.1,822581
2021-06-02 09:39:12,1505.0,823222
2021-06-02 09:39:13,1505.35,823395
2021-06-02 09:39:14,1505.1,824396
2021-06-02 09:39:15,1505.3,824426
2021-06-02 09:39:16,1505.3,824527
2021-06-02 09:39:17,1505.3,824578
2021-06-02 09:39:18,1505.3,824667
2021-06-02 09:39:19,1505.3,824717
2021-06-02 09:39:20,1505.3,824793
2021-06-02 09:39:21,1505.3,824793
2021-06-02 09:39:22,1505.3,824868
2021-06-02 09:39:23,1505.5,824877
2021-06-02 09:39:23,1505.5,824877
2021-06-02 09:39:24,1505.3,824893
2021-06-02 09:39:25,1505.3,824894
2021-06-02 09:39:26,1505.3,824977
2021-06-02 09:39:27,1505.5,825174
2021-06-02 09:39:28,1505.5,825174
2021-06-02 09:39:29,1505.3,825291
2021-06-02 09:39:30,1505.2,825502
2021-06-02 09:39:31,1505.4,825521
2021-06-02 09:39:33,1505.4,825522
2021-06-02 09:39:34,1505.4,825522
2021-06-02 09:39:35,1504.8,826045
2021-06-02 09:39:36,1505.4,826695
2021-06-02 09:39:37,1505.35,826713
2021-06-02 09:39:38,1505.35,826713
2021-06-02 09:39:39,1505.5,826719
2021-06-02 09:39:39,1505.5,826719
2021-06-02 09:39:40,1505.1,826773
2021-06-02 09:39:41,1505.35,826778
2021-06-02 09:39:42,1505.35,826845
2021-06-02 09:39:43,1505.5,826875
2021-06-02 09:39:44,1505.5,826880
2021-06-02 09:39:45,1505.5,826890
2021-06-02 09:39:46,1505.35,826899
2021-06-02 09:39:47,1505.5,826921
2021-06-02 09:39:48,1505.5,826921
2021-06-02 09:39:50,1505.35,827056
2021-06-02 09:39:51,1505.5,828201
2021-06-02 09:39:52,1505.5,828201
2021-06-02 09:39:53,1505.35,828202
2021-06-02 09:39:54,1505.35,828202
2021-06-02 09:39:55,1505.5,828212
2021-06-02 09:39:56,1505.5,828237
2021-06-02 09:39:57,1505.5,828237
2021-06-02 09:39:58,1505.5,828237
2021-06-02 09:39:59,1505.5,828422
2021-06-02 09:40:00,1505.5,828623
2021-06-02 09:40:01,1505.4,828723
2021-06-02 09:40:02,1505.4,828723
2021-06-02 09:40:03,1505.45,828825
2021-06-02 09:40:03,1505.5,828865
2021-06-02 09:40:05,1505.45,829985
2021-06-02 09:40:05,1505.5,831983
2021-06-02 09:40:06,1505.5,831993
2021-06-02 09:40:08,1505.5,832255
2021-06-02 09:40:09,1505.5,832510
2021-06-02 09:40:10,1505.45,832530
2021-06-02 09:40:11,1505.5,832550
2021-06-02 09:40:12,1505.5,832552
2021-06-02 09:40:13,1505.5,832552
2021-06-02 09:40:14,1505.5,832552
2021-06-02 09:40:15,1505.45,834090
2021-06-02 09:40:16,1505.4,834149
2021-06-02 09:40:17,1505.45,834250
2021-06-02 09:40:18,1505.4,835406
2021-06-02 09:40:19,1505.4,835471
2021-06-02 09:40:20,1505.35,835493
2021-06-02 09:40:21,1505.35,835493
2021-06-02 09:40:21,1505.35,835493
2021-06-02 09:40:22,1505.35,835493
2021-06-02 09:40:23,1505.35,835493
2021-06-02 09:40:24,1505.4,835644
2021-06-02 09:40:25,1505.4,835644
2021-06-02 09:40:26,1505.35,835668
2021-06-02 09:40:27,1505.4,835833
2021-06-02 09:40:29,1505.4,835833
2021-06-02 09:40:29,1505.35,835853
2021-06-02 09:40:31,1505.4,835858
2021-06-02 09:40:31,1505.35,835931
2021-06-02 09:40:32,1505.35,835941
2021-06-02 09:40:33,1505.4,836271
2021-06-02 09:40:34,1505.4,836271
2021-06-02 09:40:35,1505.35,836276
2021-06-02 09:40:36,1505.35,836276
2021-06-02 09:40:38,1505.4,836295
2021-06-02 09:40:39,1505.35,836297
2021-06-02 09:40:40,1505.4,836548
2021-06-02 09:40:41,1505.3,837276
2021-06-02 09:40:42,1505.1,837311
2021-06-02 09:40:43,1505.3,837329
2021-06-02 09:40:44,1505.3,837379
2021-06-02 09:40:45,1505.3,837379
2021-06-02 09:40:46,1505.3,837379
2021-06-02 09:40:46,1505.3,837379
2021-06-02 09:40:48,1505.3,837381
2021-06-02 09:40:48,1505.3,837392
2021-06-02 09:40:49,1505.3,841543
2021-06-02 09:40:50,1505.3,841554
2021-06-02 09:40:51,1505.5,845751
2021-06-02 09:40:52,1505.9,846106
2021-06-02 09:40:53,1505.7,846209
2021-06-02 09:40:54,1505.7,846221
2021-06-02 09:40:55,1505.25,848222
2021-06-02 09:40:56,1505.25,848222
2021-06-02 09:40:57,1505.85,848237
2021-06-02 09:40:58,1505.3,848309
2021-06-02 09:40:59,1505.85,848332
2021-06-02 09:41:01,1505.85,848397
2021-06-02 09:41:03,1505.85,848487
2021-06-02 09:41:04,1505.85,848498
2021-06-02 09:41:04,1505.7,848998
2021-06-02 09:41:06,1505.7,849024
2021-06-02 09:41:06,1505.7,849024
2021-06-02 09:41:07,1505.7,849045
2021-06-02 09:41:08,1505.7,849045
2021-06-02 09:41:11,1505.7,849067
2021-06-02 09:41:12,1505.35,849073
2021-06-02 09:41:12,1505.35,849073
2021-06-02 09:41:13,1505.35,849073
2021-06-02 09:41:15,1505.35,849076
2021-06-02 09:41:16,1505.35,849081
2021-06-02 09:41:17,1505.35,849081
2021-06-02 09:41:17,1505.35,849131
2021-06-02 09:41:18,1505.35,849231
2021-06-02 09:41:19,1505.35,849231
2021-06-02 09:41:20,1505.35,849231
2021-06-02 09:41:21,1505.5,849268
2021-06-02 09:41:22,1505.4,849357
2021-06-02 09:41:23,1505.4,849467
2021-06-02 09:41:24,1505.35,849629
2021-06-02 09:41:26,1505.5,849640
2021-06-02 09:41:27,1505.35,849790
2021-06-02 09:41:28,1505.45,849791
2021-06-02 09:41:29,1505.35,849792
2021-06-02 09:41:30,1505.45,849981
2021-06-02 09:41:31,1505.35,850120
2021-06-02 09:41:31,1505.35,850120
2021-06-02 09:41:32,1505.4,850135
2021-06-02 09:41:34,1505.4,850655
2021-06-02 09:41:35,1505.4,850655
2021-06-02 09:41:36,1505.35,850810
2021-06-02 09:41:37,1505.4,850831
2021-06-02 09:41:38,1505.4,850881
2021-06-02 09:41:38,1505.4,850881
2021-06-02 09:41:39,1505.25,851222
2021-06-02 09:41:41,1505.25,851506
2021-06-02 09:41:42,1505.35,851524
2021-06-02 09:41:43,1505.0,851565
2021-06-02 09:41:44,1505.0,851665
2021-06-02 09:41:45,1505.0,851779
2021-06-02 09:41:46,1505.5,851795
2021-06-02 09:41:47,1505.5,851795
2021-06-02 09:41:47,1505.5,851795
2021-06-02 09:41:48,1505.0,851800
2021-06-02 09:41:50,1505.0,851913
2021-06-02 09:41:51,1505.0,851913
2021-06-02 09:41:52,1505.5,852047
2021-06-02 09:41:53,1505.5,852047
2021-06-02 09:41:54,1505.0,852067
2021-06-02 09:41:55,1505.0,852107
2021-06-02 09:41:56,1505.0,852107
2021-06-02 09:41:57,1505.0,852107
2021-06-02 09:41:58,1505.0,852107
2021-06-02 09:41:59,1504.7,854436
2021-06-02 09:42:00,1504.7,854656
2021-06-02 09:42:00,1505.0,854706
2021-06-02 09:42:02,1504.2,856113
2021-06-02 09:42:03,1504.65,856135
2021-06-02 09:42:04,1504.6,856604
2021-06-02 09:42:05,1504.1,856605
2021-06-02 09:42:06,1504.1,856605
2021-06-02 09:42:07,1504.5,856621
2021-06-02 09:42:08,1504.5,856643
2021-06-02 09:42:09,1503.85,857695
2021-06-02 09:42:10,1503.9,857745
2021-06-02 09:42:11,1504.0,857751
2021-06-02 09:42:12,1503.9,857781
2021-06-02 09:42:13,1503.9,857781
2021-06-02 09:42:14,1503.9,857781
2021-06-02 09:42:15,1503.9,857784
2021-06-02 09:42:16,1503.9,857785
2021-06-02 09:42:17,1503.9,857800
2021-06-02 09:42:18,1503.9,857919
2021-06-02 09:42:19,1503.9,857920
2021-06-02 09:42:20,1503.9,857920
2021-06-02 09:42:21,1503.9,858059
2021-06-02 09:42:22,1504.0,858133
2021-06-02 09:42:23,1504.0,858279
2021-06-02 09:42:24,1504.0,858282
2021-06-02 09:42:25,1504.3,858283
2021-06-02 09:42:26,1504.3,858283
2021-06-02 09:42:27,1504.0,858285
2021-06-02 09:42:28,1504.3,858296
2021-06-02 09:42:29,1504.0,858307
2021-06-02 09:42:30,1504.5,860605
2021-06-02 09:42:31,1504.5,860605
2021-06-02 09:42:32,1504.5,860605
2021-06-02 09:42:33,1504.3,860806
2021-06-02 09:42:34,1504.45,861486
2021-06-02 09:42:35,1504.45,861486
2021-06-02 09:42:36,1504.45,861486
2021-06-02 09:42:37,1504.7,861502
2021-06-02 09:42:38,1504.7,861507
2021-06-02 09:42:39,1504.7,861519
2021-06-02 09:42:40,1504.35,861896
2021-06-02 09:42:41,1504.35,861896
2021-06-02 09:42:42,1505.0,862556
2021-06-02 09:42:43,1504.95,862559
2021-06-02 09:42:44,1504.7,862636
2021-06-02 09:42:45,1504.15,864665
2021-06-02 09:42:46,1504.7,864668
2021-06-02 09:42:47,1504.7,866694
2021-06-02 09:42:48,1504.7,867194
2021-06-02 09:42:49,1504.8,867211
2021-06-02 09:42:50,1504.6,867312
2021-06-02 09:42:51,1504.6,867312
2021-06-02 09:42:53,1504.6,867312
2021-06-02 09:42:54,1504.5,867479
2021-06-02 09:42:55,1505.0,869580
2021-06-02 09:42:56,1505.0,869580
2021-06-02 09:42:57,1505.05,869655
2021-06-02 09:42:58,1504.6,870147
2021-06-02 09:42:59,1504.5,870148
2021-06-02 09:43:00,1504.5,870148
2021-06-02 09:43:01,1505.0,870939
2021-06-02 09:43:02,1505.0,890149
2021-06-02 09:43:04,1505.0,890759
2021-06-02 09:43:03,1505.0,890152
2021-06-02 09:43:05,1504.55,890765
2021-06-02 09:43:06,1504.6,891277
2021-06-02 09:43:07,1505.0,891298
2021-06-02 09:43:08,1504.5,891352
2021-06-02 09:43:09,1504.3,891357
2021-06-02 09:43:10,1504.5,891392
2021-06-02 09:43:11,1504.55,891398
2021-06-02 09:43:12,1504.25,891439
2021-06-02 09:43:13,1504.1,891539
2021-06-02 09:43:14,1503.9,892120
2021-06-02 09:43:15,1503.9,892603
2021-06-02 09:43:16,1503.95,892883
2021-06-02 09:43:17,1504.0,893004
2021-06-02 09:43:18,1503.85,893065
2021-06-02 09:43:19,1503.85,893071
2021-06-02 09:43:21,1503.45,893350
2021-06-02 09:43:20,1503.45,893350
2021-06-02 09:43:22,1503.45,893352
2021-06-02 09:43:23,1503.6,893512
2021-06-02 09:43:24,1504.0,893614
2021-06-02 09:43:25,1504.0,893670
2021-06-02 09:43:26,1503.45,893970
2021-06-02 09:43:27,1504.0,898992
2021-06-02 09:43:28,1504.25,899102
2021-06-02 09:43:29,1504.25,899107
2021-06-02 09:43:31,1503.9,899351
2021-06-02 09:43:32,1504.2,899359
2021-06-02 09:43:33,1503.9,899469
2021-06-02 09:43:34,1503.9,899469
2021-06-02 09:43:35,1503.9,899555
2021-06-02 09:43:36,1503.9,899555
2021-06-02 09:43:37,1503.5,899570
2021-06-02 09:43:38,1503.7,899627
2021-06-02 09:43:39,1503.5,899773
2021-06-02 09:43:40,1503.35,899952
2021-06-02 09:43:41,1503.1,900217
2021-06-02 09:43:42,1503.6,900318
2021-06-02 09:43:43,1503.0,903575
2021-06-02 09:43:44,1503.0,903576
2021-06-02 09:43:45,1503.0,903702
2021-06-02 09:43:46,1503.0,903719
2021-06-02 09:43:47,1502.85,903730
2021-06-02 09:43:48,1503.0,903889
2021-06-02 09:43:49,1503.0,904389
2021-06-02 09:43:50,1502.85,904480
2021-06-02 09:43:51,1502.85,904606
2021-06-02 09:43:53,1503.0,904607
2021-06-02 09:43:52,1503.0,904607
2021-06-02 09:43:54,1503.0,904632
2021-06-02 09:43:55,1502.95,904796
2021-06-02 09:43:56,1502.7,904813
2021-06-02 09:43:57,1502.0,905033
2021-06-02 09:43:58,1502.5,906083
2021-06-02 09:43:59,1503.0,907116
2021-06-02 09:44:00,1503.0,908641
2021-06-02 09:44:01,1502.6,908756
2021-06-02 09:44:02,1503.0,909756
2021-06-02 09:44:03,1503.0,910762
2021-06-02 09:44:04,1503.0,910762
2021-06-02 09:44:06,1503.0,911884
2021-06-02 09:44:07,1503.0,912150
2021-06-02 09:44:08,1503.0,912225
2021-06-02 09:44:09,1503.0,912226
2021-06-02 09:44:10,1502.95,912247
2021-06-02 09:44:11,1502.6,912349
2021-06-02 09:44:12,1502.6,912354
2021-06-02 09:44:14,1502.9,912360
2021-06-02 09:44:13,1502.6,912354
2021-06-02 09:44:15,1503.0,912666
2021-06-02 09:44:16,1503.0,912721
2021-06-02 09:44:17,1502.7,912726
2021-06-02 09:44:18,1503.0,912761
2021-06-02 09:44:19,1503.0,912866
2021-06-02 09:44:20,1502.9,912941
2021-06-02 09:44:21,1502.95,912971
2021-06-02 09:44:22,1503.0,913134
2021-06-02 09:44:23,1503.0,913339
2021-06-02 09:44:25,1503.0,913340
2021-06-02 09:44:25,1503.0,913340
2021-06-02 09:44:26,1502.9,913497
2021-06-02 09:44:27,1503.0,914515
2021-06-02 09:44:28,1502.7,916067
2021-06-02 09:44:29,1503.0,920488
2021-06-02 09:44:30,1503.0,921689
2021-06-02 09:44:31,1503.0,921689
2021-06-02 09:44:32,1503.0,921975
2021-06-02 09:44:33,1503.0,921975
2021-06-02 09:44:34,1503.0,921975
2021-06-02 09:44:35,1503.7,922160
2021-06-02 09:44:36,1503.25,922180
2021-06-02 09:44:37,1503.7,922226
2021-06-02 09:44:38,1503.5,922892
2021-06-02 09:44:39,1503.25,924140
2021-06-02 09:44:40,1503.25,924250
2021-06-02 09:44:42,1503.5,924402
2021-06-02 09:44:42,1503.5,924402
2021-06-02 09:44:43,1503.5,924408
2021-06-02 09:44:44,1503.25,924443
2021-06-02 09:44:45,1503.5,924459
2021-06-02 09:44:46,1503.25,924555
2021-06-02 09:44:47,1503.5,924565
2021-06-02 09:44:48,1503.25,924567
2021-06-02 09:44:49,1503.25,924567
2021-06-02 09:44:50,1503.5,924577
2021-06-02 09:44:52,1503.25,924599
2021-06-02 09:44:52,1503.25,924599
2021-06-02 09:44:53,1503.25,924601
2021-06-02 09:44:54,1503.45,924788
2021-06-02 09:44:55,1503.45,924788
2021-06-02 09:44:56,1503.5,924806
2021-06-02 09:44:57,1503.5,925124
2021-06-02 09:44:58,1503.4,926048
2021-06-02 09:44:59,1503.5,926078
2021-06-02 09:45:01,1503.5,926079
2021-06-02 09:45:02,1503.5,927275
2021-06-02 09:45:03,1503.4,1037522
2021-06-02 09:45:04,1503.25,1037876
2021-06-02 09:45:05,1502.95,1037883
2021-06-02 09:45:06,1502.2,1038303
2021-06-02 09:45:07,1502.45,1038339
2021-06-02 09:45:09,1501.9,1040271
2021-06-02 09:45:09,1502.0,1039066
2021-06-02 09:45:10,1501.9,1040280
2021-06-02 09:45:11,1501.9,1040280
2021-06-02 09:45:12,1502.05,1040313
2021-06-02 09:45:13,1502.05,1040323
2021-06-02 09:45:14,1502.0,1040377
2021-06-02 09:45:15,1501.4,1046136
2021-06-02 09:45:16,1501.4,1046170
2021-06-02 09:45:17,1501.2,1046618
2021-06-02 09:45:18,1501.0,1046765
2021-06-02 09:45:19,1501.45,1046988
2021-06-02 09:45:20,1501.0,1047448
2021-06-02 09:45:21,1501.0,1047504
2021-06-02 09:45:22,1501.0,1050529
2021-06-02 09:45:23,1500.65,1051020
2021-06-02 09:45:24,1500.5,1051161
2021-06-02 09:45:25,1500.1,1054071
2021-06-02 09:45:27,1500.0,1067418
2021-06-02 09:45:27,1500.0,1067428
2021-06-02 09:45:28,1499.6,1067822
2021-06-02 09:45:29,1499.75,1069182
2021-06-02 09:45:30,1500.1,1069905
2021-06-02 09:45:31,1500.25,1070360
2021-06-02 09:45:32,1500.05,1071027
2021-06-02 09:45:33,1500.1,1072010
2021-06-02 09:45:34,1501.05,1074025
2021-06-02 09:45:35,1500.45,1078348
2021-06-02 09:45:36,1500.65,1078492
2021-06-02 09:45:37,1500.65,1078521
2021-06-02 09:45:38,1500.65,1078525
2021-06-02 09:45:39,1500.75,1078544
2021-06-02 09:45:41,1501.7,1078596
2021-06-02 09:45:42,1501.9,1079200
2021-06-02 09:45:43,1501.5,1079319
2021-06-02 09:45:44,1501.25,1079352
2021-06-02 09:45:45,1501.65,1079602
2021-06-02 09:45:46,1501.0,1079952
2021-06-02 09:45:47,1501.05,1080089
2021-06-02 09:45:49,1501.6,1080111
2021-06-02 09:45:50,1501.6,1080234
2021-06-02 09:45:51,1501.05,1080306
2021-06-02 09:45:53,1501.05,1080395
2021-06-02 09:45:53,1501.55,1080320
2021-06-02 09:45:54,1501.05,1080410
2021-06-02 09:45:55,1501.0,1080466
2021-06-02 09:45:56,1501.5,1080612
2021-06-02 09:45:57,1501.6,1080808
2021-06-02 09:45:58,1501.25,1081196
2021-06-02 09:45:59,1501.05,1081360
2021-06-02 09:46:01,1501.05,1081737
2021-06-02 09:46:02,1501.7,1082425
2021-06-02 09:46:03,1501.15,1083501
2021-06-02 09:46:04,1501.2,1083674
2021-06-02 09:46:05,1502.0,1084361
2021-06-02 09:46:06,1502.0,1084872
2021-06-02 09:46:08,1501.4,1085229
2021-06-02 09:46:09,1502.0,1085294
2021-06-02 09:46:10,1501.75,1085320
2021-06-02 09:46:11,1501.75,1085425
2021-06-02 09:46:12,1502.0,1085797
2021-06-02 09:46:13,1502.0,1085898
2021-06-02 09:46:14,1502.75,1086646
2021-06-02 09:46:15,1502.65,1086747
2021-06-02 09:46:16,1502.05,1087654
2021-06-02 09:46:17,1502.0,1087964
2021-06-02 09:46:18,1502.05,1087970
2021-06-02 09:46:19,1502.0,1088220
2021-06-02 09:46:20,1502.55,1088581
2021-06-02 09:46:21,1502.0,1088873
2021-06-02 09:46:22,1502.0,1088988
2021-06-02 09:46:24,1501.85,1089058
2021-06-02 09:46:24,1501.95,1089080
2021-06-02 09:46:26,1501.5,1089436
2021-06-02 09:46:27,1501.7,1089740
2021-06-02 09:46:27,1502.3,1089755
2021-06-02 09:46:29,1502.0,1089831
2021-06-02 09:46:30,1501.65,1089866
2021-06-02 09:46:32,1501.95,1089869
2021-06-02 09:46:33,1501.65,1089930
2021-06-02 09:46:33,1501.95,1089895
2021-06-02 09:46:34,1501.65,1089994
2021-06-02 09:46:35,1501.95,1090002
2021-06-02 09:46:36,1501.9,1090327
2021-06-02 09:46:38,1502.0,1090470
2021-06-02 09:46:39,1501.35,1090860
2021-06-02 09:46:39,1501.5,1090844
2021-06-02 09:46:40,1501.6,1090989
2021-06-02 09:46:41,1501.35,1091004
2021-06-02 09:46:42,1501.55,1091054
2021-06-02 09:46:43,1501.55,1091054
2021-06-02 09:46:45,1501.8,1091391
2021-06-02 09:46:46,1502.0,1091916
2021-06-02 09:46:47,1501.95,1092007
2021-06-02 09:46:47,1501.95,1092006
2021-06-02 09:46:48,1501.95,1092007
2021-06-02 09:46:49,1502.1,1093063
2021-06-02 09:46:51,1502.9,1093443
2021-06-02 09:46:52,1502.0,1093573
2021-06-02 09:46:52,1502.55,1093574
2021-06-02 09:46:53,1502.05,1093629
2021-06-02 09:46:54,1502.05,1093629
2021-06-02 09:46:55,1502.05,1093629
2021-06-02 09:46:56,1502.05,1093629
2021-06-02 09:46:57,1502.9,1093665
2021-06-02 09:46:59,1502.75,1093692
2021-06-02 09:47:00,1503.0,1094412
2021-06-02 09:47:00,1502.65,1094419
2021-06-02 09:47:01,1502.65,1094520
2021-06-02 09:47:02,1503.0,1095539
2021-06-02 09:47:04,1503.0,1095539
2021-06-02 09:47:05,1503.0,1095577
2021-06-02 09:47:05,1503.0,1095575
2021-06-02 09:47:06,1502.75,1095640
2021-06-02 09:47:07,1503.0,1095805
2021-06-02 09:47:09,1502.9,1096084
2021-06-02 09:47:10,1502.9,1096103
2021-06-02 09:47:10,1502.9,1096103
2021-06-02 09:47:11,1502.9,1097066
2021-06-02 09:47:12,1502.2,1097459
2021-06-02 09:47:13,1502.5,1097591
2021-06-02 09:47:14,1502.5,1097592
2021-06-02 09:47:16,1502.0,1097768
2021-06-02 09:47:17,1501.9,1098077
2021-06-02 09:47:17,1502.5,1098327
2021-06-02 09:47:18,1502.5,1098352
2021-06-02 09:47:19,1502.5,1098352
2021-06-02 09:47:20,1502.5,1098352
2021-06-02 09:47:21,1502.45,1098353
2021-06-02 09:47:22,1502.45,1098353
2021-06-02 09:47:24,1502.45,1098353
2021-06-02 09:47:25,1502.2,1098553
2021-06-02 09:47:26,1502.35,1098724
2021-06-02 09:47:27,1502.15,1098754
2021-06-02 09:47:28,1502.35,1098774
2021-06-02 09:47:28,1502.15,1098824
2021-06-02 09:47:29,1502.35,1098896
2021-06-02 09:47:30,1502.25,1098897
2021-06-02 09:47:31,1502.15,1098916
2021-06-02 09:47:32,1502.25,1099018
2021-06-02 09:47:33,1502.85,1100031
2021-06-02 09:47:35,1502.85,1100302
2021-06-02 09:47:36,1502.9,1100358
2021-06-02 09:47:36,1502.9,1100358
2021-06-02 09:47:37,1502.25,1100976
2021-06-02 09:47:38,1502.9,1101138
2021-06-02 09:47:40,1502.8,1101162
2021-06-02 09:47:41,1502.25,1101265
2021-06-02 09:47:41,1502.9,1101165
2021-06-02 09:47:42,1502.9,1101282
2021-06-02 09:47:43,1502.3,1101289
2021-06-02 09:47:44,1502.9,1101424
2021-06-02 09:47:45,1502.9,1101437
2021-06-02 09:47:46,1502.35,1101446
2021-06-02 09:47:47,1502.55,1101874
2021-06-02 09:47:48,1503.0,1101919
2021-06-02 09:47:49,1502.9,1101932
2021-06-02 09:47:50,1502.9,1101938
2021-06-02 09:47:52,1502.5,1102168
2021-06-02 09:47:53,1502.9,1102233
2021-06-02 09:47:54,1502.7,1102447
2021-06-02 09:47:55,1502.7,1109193
2021-06-02 09:47:56,1502.55,1123179
2021-06-02 09:47:57,1503.0,1124803
2021-06-02 09:47:58,1502.45,1124805
2021-06-02 09:47:59,1503.0,1125045
2021-06-02 09:48:00,1503.0,1125104
2021-06-02 09:48:01,1503.0,1125116
2021-06-02 09:48:02,1502.7,1125125
2021-06-02 09:48:03,1503.0,1126087
2021-06-02 09:48:04,1502.4,1126326
2021-06-02 09:48:05,1502.4,1126371
2021-06-02 09:48:05,1502.4,1126371
2021-06-02 09:48:06,1502.4,1126433
2021-06-02 09:48:07,1502.95,1126492
2021-06-02 09:48:08,1501.95,1128140
2021-06-02 09:48:09,1502.0,1128317
2021-06-02 09:48:10,1502.6,1128585
2021-06-02 09:48:11,1502.6,1128689
2021-06-02 09:48:12,1502.0,1128826
2021-06-02 09:48:13,1502.6,1128841
2021-06-02 09:48:14,1502.9,1129342
2021-06-02 09:48:15,1502.5,1129662
2021-06-02 09:48:16,1502.35,1129780
2021-06-02 09:48:17,1502.15,1129811
2021-06-02 09:48:18,1502.2,1129846
2021-06-02 09:48:19,1502.05,1130781
2021-06-02 09:48:20,1502.75,1130963
2021-06-02 09:48:21,1502.8,1131056
2021-06-02 09:48:23,1502.8,1131166
2021-06-02 09:48:24,1502.75,1131227
2021-06-02 09:48:25,1502.55,1131281
2021-06-02 09:48:26,1502.95,1131357
2021-06-02 09:48:27,1502.95,1131415
2021-06-02 09:48:28,1502.95,1131422
2021-06-02 09:48:29,1502.8,1131477
2021-06-02 09:48:29,1502.75,1131480
2021-06-02 09:48:30,1502.8,1131521
2021-06-02 09:48:31,1502.75,1131530
2021-06-02 09:48:32,1502.95,1131543
2021-06-02 09:48:33,1502.95,1131544
2021-06-02 09:48:35,1502.95,1131568
2021-06-02 09:48:36,1502.95,1131680
2021-06-02 09:48:37,1502.55,1132079
2021-06-02 09:48:38,1503.0,1132136
2021-06-02 09:48:39,1503.0,1132136
2021-06-02 09:48:40,1503.0,1132152
2021-06-02 09:48:41,1503.0,1132153
2021-06-02 09:48:42,1502.75,1132203
2021-06-02 09:48:42,1502.8,1132218
2021-06-02 09:48:43,1502.95,1132305
2021-06-02 09:48:44,1503.0,1132314
2021-06-02 09:48:45,1503.0,1132315
2021-06-02 09:48:46,1503.0,1132436
2021-06-02 09:48:47,1503.0,1132436
2021-06-02 09:48:48,1503.0,1133147
2021-06-02 09:48:49,1503.0,1143029
2021-06-02 09:48:50,1503.0,1147595
2021-06-02 09:48:51,1502.95,1147694
2021-06-02 09:48:52,1503.1,1147758
2021-06-02 09:48:53,1502.85,1147780
2021-06-02 09:48:54,1502.95,1148083
2021-06-02 09:48:55,1502.95,1148196
2021-06-02 09:48:56,1502.5,1148701
2021-06-02 09:48:57,1502.35,1149794
2021-06-02 09:49:00,1502.1,1151165
2021-06-02 09:49:01,1502.65,1151231
2021-06-02 09:49:01,1502.8,1152231
2021-06-02 09:49:02,1502.65,1152268
2021-06-02 09:49:04,1502.2,1153278
2021-06-02 09:49:05,1502.8,1153379
2021-06-02 09:49:06,1502.95,1154403
2021-06-02 09:49:07,1502.55,1154510
2021-06-02 09:49:08,1502.95,1154602
2021-06-02 09:49:08,1503.0,1154713
2021-06-02 09:49:09,1502.95,1154733
2021-06-02 09:49:11,1502.15,1155663
2021-06-02 09:49:12,1502.5,1155984
2021-06-02 09:49:13,1502.05,1156167
2021-06-02 09:49:14,1502.0,1156758
2021-06-02 09:49:15,1502.5,1156827
2021-06-02 09:49:15,1502.5,1156828
2021-06-02 09:49:16,1502.4,1156844
2021-06-02 09:49:18,1502.0,1156925
2021-06-02 09:49:19,1502.35,1156975
2021-06-02 09:49:20,1502.35,1156997
2021-06-02 09:49:21,1502.8,1157050
2021-06-02 09:49:21,1502.8,1157050
2021-06-02 09:49:22,1502.8,1157242
2021-06-02 09:49:24,1502.8,1157261
2021-06-02 09:49:25,1502.8,1157469
2021-06-02 09:49:26,1502.0,1158484
2021-06-02 09:49:27,1502.75,1158645
2021-06-02 09:49:27,1502.75,1158645
2021-06-02 09:49:28,1502.8,1158865
2021-06-02 09:49:30,1502.8,1158887
2021-06-02 09:49:31,1502.35,1158938
2021-06-02 09:49:32,1502.8,1158960
2021-06-02 09:49:33,1502.8,1158979
2021-06-02 09:49:33,1502.35,1159009
2021-06-02 09:49:34,1502.35,1159075
2021-06-02 09:49:36,1502.35,1159649
2021-06-02 09:49:37,1502.35,1159725
2021-06-02 09:49:39,1502.35,1159784
2021-06-02 09:49:39,1502.35,1159786
2021-06-02 09:49:40,1502.0,1159927
2021-06-02 09:49:42,1502.6,1159991
2021-06-02 09:49:43,1502.55,1160095
2021-06-02 09:49:44,1502.35,1160424
2021-06-02 09:49:44,1502.35,1160424
2021-06-02 09:49:45,1502.35,1160478
2021-06-02 09:49:46,1502.35,1160484
2021-06-02 09:49:48,1502.6,1160499
2021-06-02 09:49:49,1502.35,1160583
2021-06-02 09:49:50,1502.5,1160591
2021-06-02 09:49:50,1502.5,1160591
2021-06-02 09:49:51,1502.0,1160619
2021-06-02 09:49:53,1502.35,1160623
2021-06-02 09:49:54,1502.0,1160625
2021-06-02 09:49:55,1502.0,1160625
2021-06-02 09:49:56,1502.05,1160635
2021-06-02 09:49:56,1502.05,1160635
2021-06-02 09:49:57,1502.5,1160636
2021-06-02 09:49:59,1502.45,1160723
2021-06-02 09:50:00,1502.4,1161111
2021-06-02 09:50:01,1502.4,1161150
2021-06-02 09:50:01,1502.4,1161150
2021-06-02 09:50:02,1502.45,1161154
2021-06-02 09:50:04,1502.0,1161174
2021-06-02 09:50:05,1502.4,1161184
2021-06-02 09:50:06,1502.1,1161387
2021-06-02 09:50:07,1502.1,1161435
2021-06-02 09:50:08,1502.1,1161459
2021-06-02 09:50:09,1502.0,1161550
2021-06-02 09:50:09,1502.35,1161549
2021-06-02 09:50:10,1502.35,1161559
2021-06-02 09:50:12,1502.35,1161566
2021-06-02 09:50:13,1502.35,1161568
2021-06-02 09:50:14,1502.35,1161568
2021-06-02 09:50:15,1502.35,1161575
2021-06-02 09:50:16,1502.35,1161584
2021-06-02 09:50:17,1502.35,1161885
2021-06-02 09:50:18,1502.35,1161915
2021-06-02 09:50:18,1502.35,1161915
2021-06-02 09:50:19,1502.35,1161975
2021-06-02 09:50:21,1502.35,1161991
2021-06-02 09:50:22,1502.35,1161993
2021-06-02 09:50:23,1502.0,1162008
2021-06-02 09:50:24,1502.35,1162010
2021-06-02 09:50:26,1502.35,1162010
2021-06-02 09:50:27,1502.45,1162203
2021-06-02 09:50:28,1502.45,1162710
2021-06-02 09:50:29,1502.35,1162921
2021-06-02 09:50:30,1502.35,1162983
2021-06-02 09:50:31,1502.2,1162991
2021-06-02 09:50:32,1502.9,1163058
2021-06-02 09:50:32,1502.9,1163058
2021-06-02 09:50:33,1502.3,1163067
2021-06-02 09:50:35,1502.3,1163070
2021-06-02 09:50:36,1503.0,1163520
2021-06-02 09:50:37,1502.95,1163565
2021-06-02 09:50:38,1502.8,1163646
2021-06-02 09:50:38,1502.8,1163646
2021-06-02 09:50:40,1502.8,1163660
2021-06-02 09:50:41,1502.95,1163665
2021-06-02 09:50:42,1502.45,1163673
2021-06-02 09:50:43,1502.95,1163765
2021-06-02 09:50:44,1502.95,1163864
2021-06-02 09:50:44,1502.95,1163864
2021-06-02 09:50:45,1502.45,1164144
2021-06-02 09:50:46,1502.95,1164172
2021-06-02 09:50:47,1502.95,1164176
2021-06-02 09:50:48,1502.95,1164277
2021-06-02 09:50:50,1502.5,1164477
2021-06-02 09:50:51,1502.55,1164570
2021-06-02 09:50:52,1502.55,1164596
2021-06-02 09:50:53,1502.55,1164618
2021-06-02 09:50:53,1502.55,1164775
2021-06-02 09:50:55,1502.95,1164837
2021-06-02 09:50:56,1502.95,1164847
2021-06-02 09:50:57,1502.95,1164880
2021-06-02 09:50:58,1502.95,1164883
2021-06-02 09:50:59,1502.95,1164883
2021-06-02 09:50:59,1502.95,1164883
2021-06-02 09:51:01,1502.95,1164934
2021-06-02 09:51:02,1502.75,1165144
2021-06-02 09:51:03,1502.75,1165298
2021-06-02 09:51:04,1502.65,1165314
2021-06-02 09:51:05,1502.35,1165371
2021-06-02 09:51:05,1502.35,1165371
2021-06-02 09:51:06,1502.25,1165388
2021-06-02 09:51:08,1502.25,1165456
2021-06-02 09:51:09,1502.4,1165516
2021-06-02 09:51:10,1502.4,1165522
2021-06-02 09:51:11,1502.0,1165530
2021-06-02 09:51:12,1502.4,1165546
2021-06-02 09:51:13,1502.4,1165548
2021-06-02 09:51:14,1502.0,1165648
2021-06-02 09:51:15,1502.4,1165679
2021-06-02 09:51:16,1502.4,1166033
2021-06-02 09:51:17,1502.4,1166083
2021-06-02 09:51:18,1502.05,1166397
2021-06-02 09:51:19,1502.05,1168807
2021-06-02 09:51:19,1501.95,1168899
2021-06-02 09:51:21,1501.95,1169382
2021-06-02 09:51:22,1501.95,1169663
2021-06-02 09:51:23,1502.45,1169763
2021-06-02 09:51:24,1502.4,1169822
2021-06-02 09:51:25,1502.65,1170130
2021-06-02 09:51:26,1502.0,1170210
2021-06-02 09:51:26,1502.0,1170210
2021-06-02 09:51:28,1502.0,1170220
2021-06-02 09:51:29,1501.9,1170226
2021-06-02 09:51:30,1501.9,1170226
2021-06-02 09:51:31,1502.0,1170227
2021-06-02 09:51:32,1502.0,1170358
2021-06-02 09:51:33,1501.9,1170382
2021-06-02 09:51:34,1502.1,1170384
2021-06-02 09:51:35,1502.0,1170385
2021-06-02 09:51:36,1502.65,1170474
2021-06-02 09:51:37,1502.65,1170510
2021-06-02 09:51:38,1502.65,1170564
2021-06-02 09:51:38,1502.65,1170564
2021-06-02 09:51:40,1502.65,1170569
2021-06-02 09:51:41,1502.45,1170572
2021-06-02 09:51:42,1502.45,1170572
2021-06-02 09:51:43,1502.45,1170622
2021-06-02 09:51:44,1502.45,1170627
2021-06-02 09:51:44,1502.45,1170627
2021-06-02 09:51:45,1502.45,1170684
2021-06-02 09:51:47,1502.15,1170780
2021-06-02 09:51:48,1502.45,1170795
2021-06-02 09:51:49,1502.45,1170799
2021-06-02 09:51:50,1502.45,1170801
2021-06-02 09:51:51,1502.45,1170801
2021-06-02 09:51:51,1502.45,1170801
2021-06-02 09:51:53,1502.45,1170826
2021-06-02 09:51:54,1502.45,1170829
2021-06-02 09:51:55,1502.15,1170831
2021-06-02 09:51:56,1502.45,1171136
2021-06-02 09:51:56,1502.45,1171136
2021-06-02 09:51:58,1502.45,1171167
2021-06-02 09:51:59,1502.45,1171171
2021-06-02 09:52:00,1502.1,1171242
2021-06-02 09:52:01,1502.45,1171251
2021-06-02 09:52:02,1502.45,1171285
2021-06-02 09:52:02,1502.45,1171285
2021-06-02 09:52:03,1502.45,1171288
2021-06-02 09:52:05,1502.45,1171289
2021-06-02 09:52:06,1502.1,1171305
2021-06-02 09:52:07,1502.45,1171333
2021-06-02 09:52:08,1502.45,1171351
2021-06-02 09:52:08,1502.45,1171351
2021-06-02 09:52:10,1502.45,1171553
2021-06-02 09:52:11,1502.45,1171587
2021-06-02 09:52:12,1502.1,1171736
2021-06-02 09:52:13,1502.45,1171773
2021-06-02 09:52:15,1502.65,1171779
2021-06-02 09:52:16,1502.65,1171787
2021-06-02 09:52:16,1502.65,1171787
2021-06-02 09:52:18,1502.65,1171798
2021-06-02 09:52:19,1502.65,1171809
2021-06-02 09:52:20,1502.65,1171810
2021-06-02 09:52:21,1502.3,1171893
2021-06-02 09:52:22,1502.95,1171901
2021-06-02 09:52:23,1502.95,1171902
2021-06-02 09:52:24,1502.95,1171924
2021-06-02 09:52:24,1502.95,1171924
2021-06-02 09:52:26,1502.3,1172226
2021-06-02 09:52:27,1502.95,1172257
2021-06-02 09:52:28,1502.95,1172260
2021-06-02 09:52:29,1502.95,1172260
2021-06-02 09:52:30,1502.85,1172270
2021-06-02 09:52:31,1502.9,1172280
2021-06-02 09:52:31,1502.9,1172280
2021-06-02 09:52:32,1502.65,1172291
2021-06-02 09:52:33,1502.65,1172329
2021-06-02 09:52:34,1502.65,1172336
2021-06-02 09:52:35,1502.65,1172362
2021-06-02 09:52:36,1502.65,1172396
2021-06-02 09:52:38,1502.65,1172416
2021-06-02 09:52:39,1502.9,1172553
2021-06-02 09:52:40,1502.9,1172567
2021-06-02 09:52:41,1502.9,1172570
2021-06-02 09:52:41,1502.9,1172570
2021-06-02 09:52:42,1502.35,1172575
2021-06-02 09:52:44,1502.9,1172699
2021-06-02 09:52:45,1502.95,1172717
2021-06-02 09:52:46,1502.95,1172747
2021-06-02 09:52:48,1502.95,1172750
2021-06-02 09:52:47,1502.95,1172750
2021-06-02 09:52:49,1502.95,1172850
2021-06-02 09:52:50,1502.9,1172861
2021-06-02 09:52:51,1502.95,1172863
2021-06-02 09:52:52,1502.95,1172878
2021-06-02 09:52:53,1503.0,1192837
2021-06-02 09:52:54,1503.0,1195430
2021-06-02 09:52:55,1503.0,1195430
2021-06-02 09:52:56,1502.25,1196589
2021-06-02 09:52:57,1502.25,1196774
2021-06-02 09:52:58,1502.15,1196830
2021-06-02 09:52:59,1502.1,1199119
2021-06-02 09:53:00,1502.3,1200436
2021-06-02 09:53:01,1502.3,1200436
2021-06-02 09:53:02,1502.3,1200522
2021-06-02 09:53:03,1502.3,1200632
2021-06-02 09:53:04,1502.3,1200644
2021-06-02 09:53:05,1502.3,1201080
2021-06-02 09:53:06,1502.3,1201129
2021-06-02 09:53:07,1502.3,1201175
2021-06-02 09:53:08,1502.0,1201199
2021-06-02 09:53:09,1502.0,1201223
2021-06-02 09:53:10,1502.3,1201225
2021-06-02 09:53:11,1502.3,1201403
2021-06-02 09:53:12,1502.3,1201403
2021-06-02 09:53:13,1502.0,1201522
2021-06-02 09:53:14,1502.3,1201534
2021-06-02 09:53:15,1502.3,1201540
2021-06-02 09:53:16,1502.0,1201571
2021-06-02 09:53:17,1502.3,1201579
2021-06-02 09:53:18,1502.3,1201630
2021-06-02 09:53:19,1502.3,1201695
2021-06-02 09:53:20,1502.3,1201704
2021-06-02 09:53:21,1502.3,1201967
2021-06-02 09:53:23,1502.3,1202412
2021-06-02 09:53:24,1502.25,1202418
2021-06-02 09:53:25,1502.0,1202436
2021-06-02 09:53:26,1502.0,1202715
2021-06-02 09:53:27,1501.9,1202896
2021-06-02 09:53:28,1502.0,1203167
2021-06-02 09:53:29,1502.0,1203167
2021-06-02 09:53:30,1502.0,1203194
2021-06-02 09:53:31,1502.0,1203221
2021-06-02 09:53:32,1502.0,1203224
2021-06-02 09:53:33,1501.65,1203774
2021-06-02 09:53:36,1502.0,1203901
2021-06-02 09:53:37,1502.0,1203924
2021-06-02 09:53:38,1502.0,1204156
2021-06-02 09:53:39,1501.95,1204225
2021-06-02 09:53:40,1501.95,1204247
2021-06-02 09:53:41,1501.55,1204267
2021-06-02 09:53:43,1501.95,1204270
2021-06-02 09:53:42,1501.95,1204269
2021-06-02 09:53:44,1501.55,1204395
2021-06-02 09:53:45,1501.95,1204524
2021-06-02 09:53:46,1501.95,1204690
2021-06-02 09:53:47,1501.95,1204820
2021-06-02 09:53:48,1501.5,1204842
2021-06-02 09:53:49,1501.95,1204850
2021-06-02 09:53:50,1501.5,1204976
2021-06-02 09:53:51,1501.95,1204990
2021-06-02 09:53:52,1501.95,1205099
2021-06-02 09:53:53,1501.95,1205110
2021-06-02 09:53:54,1501.95,1205353
2021-06-02 09:53:55,1501.95,1205379
2021-06-02 09:53:56,1501.55,1205502
2021-06-02 09:53:57,1501.95,1205518
2021-06-02 09:53:58,1501.95,1205546
2021-06-02 09:53:59,1501.95,1205626
2021-06-02 09:54:00,1501.55,1205725
2021-06-02 09:54:02,1501.95,1205853
2021-06-02 09:54:03,1501.95,1205892
2021-06-02 09:54:04,1501.95,1205899
2021-06-02 09:54:05,1501.55,1205965
2021-06-02 09:54:06,1501.55,1206123
2021-06-02 09:54:07,1501.55,1206165
2021-06-02 09:54:08,1501.95,1206167
2021-06-02 09:54:09,1501.55,1206236
2021-06-02 09:54:10,1501.95,1206274
2021-06-02 09:54:11,1501.95,1206281
2021-06-02 09:54:12,1501.55,1206312
2021-06-02 09:54:13,1501.55,1206731
2021-06-02 09:54:14,1501.9,1206777
2021-06-02 09:54:15,1501.9,1206782
2021-06-02 09:54:16,1501.9,1206796
2021-06-02 09:54:17,1501.9,1207024
2021-06-02 09:54:18,1501.9,1207057
2021-06-02 09:54:19,1501.9,1207057
2021-06-02 09:54:20,1501.55,1207566
2021-06-02 09:54:21,1501.9,1207617
2021-06-02 09:54:22,1501.9,1207657
2021-06-02 09:54:23,1501.55,1210434
2021-06-02 09:54:24,1501.55,1210549
2021-06-02 09:54:25,1501.55,1210567
2021-06-02 09:54:26,1501.8,1210640
2021-06-02 09:54:27,1501.8,1210662
2021-06-02 09:54:28,1501.8,1210667
2021-06-02 09:54:29,1501.55,1210670
2021-06-02 09:54:30,1502.0,1210871
2021-06-02 09:54:31,1501.8,1211006
2021-06-02 09:54:32,1501.8,1211020
2021-06-02 09:54:33,1501.8,1212961
2021-06-02 09:54:34,1501.8,1213002
2021-06-02 09:54:35,1501.8,1213021
2021-06-02 09:54:36,1501.8,1213032
2021-06-02 09:54:37,1501.75,1213066
2021-06-02 09:54:38,1501.8,1213237
2021-06-02 09:54:39,1501.55,1213326
2021-06-02 09:54:40,1501.8,1213335
2021-06-02 09:54:41,1501.8,1213361
2021-06-02 09:54:42,1501.8,1213838
2021-06-02 09:54:43,1502.0,1214388
2021-06-02 09:54:45,1502.0,1214614
2021-06-02 09:54:44,1502.0,1214594
2021-06-02 09:54:46,1502.0,1214621
2021-06-02 09:54:47,1502.0,1214657
2021-06-02 09:54:48,1501.6,1214787
2021-06-02 09:54:49,1501.6,1214885
2021-06-02 09:54:50,1501.8,1214894
2021-06-02 09:54:51,1501.8,1214901
2021-06-02 09:54:52,1501.8,1214934
2021-06-02 09:54:53,1501.95,1215039
2021-06-02 09:54:54,1501.8,1215113
2021-06-02 09:54:55,1501.8,1215120
2021-06-02 09:54:56,1501.8,1215129
2021-06-02 09:54:57,1501.8,1215190
2021-06-02 09:54:58,1501.8,1215203
2021-06-02 09:54:59,1501.8,1215224
2021-06-02 09:55:01,1501.8,1215226
2021-06-02 09:55:01,1501.8,1215227
2021-06-02 09:55:02,1501.6,1216391
2021-06-02 09:55:03,1501.55,1216575
2021-06-02 09:55:04,1501.8,1216597
2021-06-02 09:55:05,1501.8,1216625
2021-06-02 09:55:06,1501.8,1216629
2021-06-02 09:55:07,1501.8,1216696
2021-06-02 09:55:09,1501.8,1216728
2021-06-02 09:55:09,1501.8,1216731
2021-06-02 09:55:10,1501.6,1217153
2021-06-02 09:55:13,1501.8,1217205
2021-06-02 09:55:14,1501.6,1217216
2021-06-02 09:55:16,1501.8,1217226
2021-06-02 09:55:17,1501.8,1217227
2021-06-02 09:55:17,1501.8,1217237
2021-06-02 09:55:18,1501.6,1217292
2021-06-02 09:55:19,1501.95,1217312
2021-06-02 09:55:20,1501.95,1217524
2021-06-02 09:55:22,1502.0,1217642
2021-06-02 09:55:22,1502.0,1217642
2021-06-02 09:55:23,1502.0,1217655
2021-06-02 09:55:24,1502.0,1217687
2021-06-02 09:55:25,1502.0,1217691
2021-06-02 09:55:26,1501.95,1219632
2021-06-02 09:55:28,1502.3,1219858
2021-06-02 09:55:28,1502.3,1219881
2021-06-02 09:55:29,1502.0,1219896
2021-06-02 09:55:30,1502.3,1220359
2021-06-02 09:55:31,1502.3,1220406
2021-06-02 09:55:32,1502.0,1220446
2021-06-02 09:55:33,1502.0,1220651
2021-06-02 09:55:34,1502.3,1220671
2021-06-02 09:55:35,1502.3,1220707
2021-06-02 09:55:37,1502.3,1220712
2021-06-02 09:55:37,1502.3,1220728
2021-06-02 09:55:38,1502.3,1220829
2021-06-02 09:55:39,1502.3,1220839
2021-06-02 09:55:40,1502.3,1220840
2021-06-02 09:55:41,1502.3,1221005
2021-06-02 09:55:42,1502.0,1221104
2021-06-02 09:55:44,1502.3,1221119
2021-06-02 09:55:45,1502.3,1221143
2021-06-02 09:55:45,1502.3,1221143
2021-06-02 09:55:46,1502.3,1221164
2021-06-02 09:55:47,1502.3,1221216
2021-06-02 09:55:48,1502.3,1221239
2021-06-02 09:55:49,1502.3,1221252
2021-06-02 09:55:51,1502.3,1221273
2021-06-02 09:55:54,1502.0,1221291
2021-06-02 09:55:55,1502.0,1221392
2021-06-02 09:55:56,1502.25,1221402
2021-06-02 09:55:56,1502.25,1221412
2021-06-02 09:55:57,1502.25,1221440
2021-06-02 09:55:58,1502.25,1221459
2021-06-02 09:55:59,1502.25,1221480
2021-06-02 09:56:00,1501.95,1222178
2021-06-02 09:56:01,1501.85,1222319
2021-06-02 09:56:02,1502.05,1222333
2021-06-02 09:56:04,1502.0,1222341
2021-06-02 09:56:04,1502.0,1222340
2021-06-02 09:56:05,1501.85,1223177
2021-06-02 09:56:06,1502.0,1224195
2021-06-02 09:56:07,1501.95,1224671
2021-06-02 09:56:08,1501.55,1224881
2021-06-02 09:56:09,1502.0,1224952
2021-06-02 09:56:10,1501.95,1224969
2021-06-02 09:56:11,1501.95,1224971
2021-06-02 09:56:12,1501.55,1226862
2021-06-02 09:56:14,1501.6,1227051
2021-06-02 09:56:14,1501.6,1227052
2021-06-02 09:56:15,1501.25,1227123
2021-06-02 09:56:16,1501.55,1227141
2021-06-02 09:56:17,1501.55,1227153
2021-06-02 09:56:18,1501.55,1227278
2021-06-02 09:56:19,1501.55,1227291
2021-06-02 09:56:20,1501.5,1227371
2021-06-02 09:56:21,1501.5,1227401
2021-06-02 09:56:23,1501.5,1227415
2021-06-02 09:56:24,1501.6,1228419
2021-06-02 09:56:25,1501.3,1228467
2021-06-02 09:56:26,1501.3,1229851
2021-06-02 09:56:27,1501.2,1229979
2021-06-02 09:56:28,1501.65,1229992
2021-06-02 09:56:29,1501.65,1230005
2021-06-02 09:56:30,1501.55,1230261
2021-06-02 09:56:31,1501.05,1230337
2021-06-02 09:56:32,1501.55,1230381
2021-06-02 09:56:33,1501.6,1230396
2021-06-02 09:56:34,1501.1,1231303
2021-06-02 09:56:35,1501.6,1231393
2021-06-02 09:56:36,1501.6,1231455
2021-06-02 09:56:37,1501.05,1231478
2021-06-02 09:56:38,1501.3,1231501
2021-06-02 09:56:39,1501.3,1231556
2021-06-02 09:56:40,1501.05,1231607
2021-06-02 09:56:41,1501.05,1231729
2021-06-02 09:56:42,1501.55,1231767
2021-06-02 09:56:44,1501.55,1232080
2021-06-02 09:56:44,1501.55,1232080
2021-06-02 09:56:45,1501.55,1232111
2021-06-02 09:56:46,1501.55,1232266
2021-06-02 09:56:47,1501.0,1232300
2021-06-02 09:56:48,1501.0,1232424
2021-06-02 09:56:49,1501.5,1232481
2021-06-02 09:56:50,1501.05,1232502
2021-06-02 09:56:51,1501.0,1232614
2021-06-02 09:56:52,1501.5,1232668
2021-06-02 09:56:53,1501.05,1232729
2021-06-02 09:56:55,1501.65,1233738
2021-06-02 09:56:55,1501.7,1233839
2021-06-02 09:56:56,1501.5,1233902
2021-06-02 09:56:57,1501.7,1233908
2021-06-02 09:56:58,1501.7,1233917
2021-06-02 09:56:59,1501.7,1233923
2021-06-02 09:57:00,1501.7,1233923
2021-06-02 09:57:01,1501.7,1233927
2021-06-02 09:57:02,1501.0,1234828
2021-06-02 09:57:03,1501.0,1235200
2021-06-02 09:57:04,1501.55,1235237
2021-06-02 09:57:05,1501.75,1235909
2021-06-02 09:57:06,1501.0,1235991
2021-06-02 09:57:07,1501.55,1236015
2021-06-02 09:57:08,1501.05,1236057
2021-06-02 09:57:09,1501.05,1236095
2021-06-02 09:57:11,1501.55,1236270
2021-06-02 09:57:12,1501.1,1236330
2021-06-02 09:57:13,1501.5,1236373
2021-06-02 09:57:14,1501.5,1236383
2021-06-02 09:57:14,1501.5,1236383
2021-06-02 09:57:15,1501.25,1236550
2021-06-02 09:57:16,1501.25,1236842
2021-06-02 09:57:17,1501.85,1237668
2021-06-02 09:57:18,1502.0,1237916
2021-06-02 09:57:19,1501.45,1238477
2021-06-02 09:57:20,1502.0,1238533
2021-06-02 09:57:21,1502.0,1238538
2021-06-02 09:57:22,1501.5,1238551
2021-06-02 09:57:24,1501.05,1238605
2021-06-02 09:57:25,1501.55,1238671
2021-06-02 09:57:26,1501.05,1238900
2021-06-02 09:57:26,1501.65,1238902
2021-06-02 09:57:27,1501.6,1238942
2021-06-02 09:57:28,1501.6,1238946
2021-06-02 09:57:29,1501.15,1239007
2021-06-02 09:57:30,1501.6,1239013
2021-06-02 09:57:31,1501.6,1239163
2021-06-02 09:57:32,1501.6,1239191
2021-06-02 09:57:33,1501.6,1239194
2021-06-02 09:57:34,1501.15,1239566
2021-06-02 09:57:35,1501.7,1239595
2021-06-02 09:57:36,1502.0,1240407
2021-06-02 09:57:37,1502.0,1240525
2021-06-02 09:57:38,1501.45,1240538
2021-06-02 09:57:39,1502.0,1240561
2021-06-02 09:57:40,1502.0,1240564
2021-06-02 09:57:42,1501.45,1240665
2021-06-02 09:57:43,1502.0,1240675
2021-06-02 09:57:44,1502.0,1240692
2021-06-02 09:57:44,1502.0,1240708
2021-06-02 09:57:45,1501.45,1240752
2021-06-02 09:57:46,1502.0,1240807
2021-06-02 09:57:47,1502.0,1240900
2021-06-02 09:57:48,1502.0,1240909
2021-06-02 09:57:49,1501.45,1240920
2021-06-02 09:57:50,1502.0,1240921
2021-06-02 09:57:52,1501.45,1240971
2021-06-02 09:57:53,1502.0,1241034
2021-06-02 09:57:54,1502.0,1241070
2021-06-02 09:57:55,1502.0,1241082
2021-06-02 09:57:55,1502.0,1241082
2021-06-02 09:57:56,1502.0,1241156
2021-06-02 09:57:58,1501.95,1241164
2021-06-02 09:57:59,1501.45,1241176
2021-06-02 09:58:00,1501.85,1241244
2021-06-02 09:58:00,1501.85,1241244
2021-06-02 09:58:01,1501.8,1241251
2021-06-02 09:58:02,1501.8,1241252
2021-06-02 09:58:03,1501.2,1241262
2021-06-02 09:58:04,1501.8,1241263
2021-06-02 09:58:05,1501.75,1241308
2021-06-02 09:58:06,1501.75,1241313
2021-06-02 09:58:07,1501.75,1241341
2021-06-02 09:58:08,1501.75,1241344
2021-06-02 09:58:10,1501.75,1241344
2021-06-02 09:58:11,1501.2,1241353
2021-06-02 09:58:12,1501.75,1241354
2021-06-02 09:58:12,1501.75,1241354
2021-06-02 09:58:13,1501.75,1241354
2021-06-02 09:58:14,1501.75,1241389
2021-06-02 09:58:16,1501.5,1241470
2021-06-02 09:58:17,1501.75,1241485
2021-06-02 09:58:18,1501.75,1241567
2021-06-02 09:58:19,1501.75,1241606
2021-06-02 09:58:19,1501.75,1241611
2021-06-02 09:58:20,1501.75,1241625
2021-06-02 09:58:21,1501.75,1241638
2021-06-02 09:58:22,1501.75,1241640
2021-06-02 09:58:23,1501.75,1241745
2021-06-02 09:58:24,1501.75,1241755
2021-06-02 09:58:25,1501.5,1241813
2021-06-02 09:58:27,1501.75,1241872
2021-06-02 09:58:28,1501.75,1241878
2021-06-02 09:58:29,1501.75,1241879
2021-06-02 09:58:30,1501.4,1241920
2021-06-02 09:58:31,1501.75,1241925
2021-06-02 09:58:32,1501.75,1241939
2021-06-02 09:58:33,1501.5,1241941
2021-06-02 09:58:34,1501.4,1241959
2021-06-02 09:58:35,1501.75,1241967
2021-06-02 09:58:36,1501.5,1242007
2021-06-02 09:58:37,1501.75,1242028
2021-06-02 09:58:38,1501.75,1242031
2021-06-02 09:58:39,1501.35,1242041
2021-06-02 09:58:40,1501.7,1242174
2021-06-02 09:58:41,1501.7,1242196
2021-06-02 09:58:43,1501.7,1242199
2021-06-02 09:58:43,1501.5,1242300
2021-06-02 09:58:44,1501.7,1242317
2021-06-02 09:58:46,1501.7,1242329
2021-06-02 09:58:47,1501.7,1242363
2021-06-02 09:58:47,1501.5,1242365
2021-06-02 09:58:48,1501.7,1242368
2021-06-02 09:58:50,1501.5,1242406
2021-06-02 09:58:51,1501.6,1242435
2021-06-02 09:58:52,1501.65,1242437
2021-06-02 09:58:53,1501.65,1242840
2021-06-02 09:58:54,1501.6,1243524
2021-06-02 09:58:55,1501.2,1243591
2021-06-02 09:58:56,1501.6,1243628
2021-06-02 09:58:57,1501.6,1243632
2021-06-02 09:58:59,1501.6,1243755
2021-06-02 09:59:00,1501.6,1243892
2021-06-02 09:59:01,1501.55,1243911
2021-06-02 09:59:02,1501.55,1244040
2021-06-02 09:59:03,1501.0,1244287
2021-06-02 09:59:03,1501.05,1244085
2021-06-02 09:59:04,1501.5,1244312
2021-06-02 09:59:05,1501.5,1244314
2021-06-02 09:59:06,1501.5,1244314
2021-06-02 09:59:07,1501.5,1244335
2021-06-02 09:59:09,1501.45,1244457
2021-06-02 09:59:10,1500.3,1247134
2021-06-02 09:59:11,1501.0,1247754
2021-06-02 09:59:11,1501.0,1247756
2021-06-02 09:59:12,1501.0,1247801
2021-06-02 09:59:13,1500.55,1247815
2021-06-02 09:59:14,1500.55,1248172
2021-06-02 09:59:15,1500.55,1248251
2021-06-02 09:59:17,1500.6,1248359
2021-06-02 09:59:18,1501.0,1248623
2021-06-02 09:59:19,1501.0,1248722
2021-06-02 09:59:20,1501.0,1248744
2021-06-02 09:59:21,1501.0,1248754
2021-06-02 09:59:22,1501.0,1248755
2021-06-02 09:59:23,1501.0,1248768
2021-06-02 09:59:24,1501.0,1248768
2021-06-02 09:59:25,1500.65,1248802
2021-06-02 09:59:26,1501.0,1248806
2021-06-02 09:59:27,1501.0,1248807
2021-06-02 09:59:28,1500.65,1248951
2021-06-02 09:59:29,1501.0,1248979
2021-06-02 09:59:30,1501.0,1249014
2021-06-02 09:59:31,1501.0,1249023
2021-06-02 09:59:31,1501.0,1249023
2021-06-02 09:59:32,1500.65,1249027
2021-06-02 09:59:33,1501.0,1249200
2021-06-02 09:59:35,1501.0,1249227
2021-06-02 09:59:36,1500.4,1249311
2021-06-02 09:59:37,1500.9,1250326
2021-06-02 09:59:38,1500.95,1250445
2021-06-02 09:59:39,1501.0,1250457
2021-06-02 09:59:40,1501.0,1250607
2021-06-02 09:59:41,1500.7,1250777
2021-06-02 09:59:41,1500.7,1250777
2021-06-02 09:59:42,1500.65,1250913
2021-06-02 09:59:43,1501.0,1250924
2021-06-02 09:59:44,1501.0,1250945
2021-06-02 09:59:45,1500.9,1250948
2021-06-02 09:59:46,1500.8,1251345
2021-06-02 09:59:47,1500.8,1251391
2021-06-02 09:59:49,1500.7,1251501
2021-06-02 09:59:49,1500.7,1251504
2021-06-02 09:59:50,1501.3,1251516
2021-06-02 09:59:51,1501.3,1251618
2021-06-02 09:59:52,1500.9,1251649
2021-06-02 09:59:53,1501.5,1251852
2021-06-02 09:59:55,1501.5,1251994
2021-06-02 09:59:56,1501.45,1252034
2021-06-02 09:59:57,1501.35,1252138
2021-06-02 09:59:58,1501.3,1252149
2021-06-02 09:59:59,1501.25,1252152
2021-06-02 10:00:00,1501.1,1252253
2021-06-02 10:00:01,1501.1,1252468
2021-06-02 10:00:01,1501.1,1252268
2021-06-02 10:00:02,1500.9,1252512
2021-06-02 10:00:03,1501.2,1252571
2021-06-02 10:00:04,1501.0,1252622
2021-06-02 10:00:06,1501.3,1252732
2021-06-02 10:00:07,1501.0,1252779
2021-06-02 10:00:08,1501.35,1252784
2021-06-02 10:00:09,1501.2,1252826
2021-06-02 10:00:10,1501.15,1253031
2021-06-02 10:00:10,1500.5,1253071
2021-06-02 10:00:12,1501.15,1254393
2021-06-02 10:00:13,1501.2,1254417
2021-06-02 10:00:14,1500.6,1254692
2021-06-02 10:00:15,1500.65,1254755
2021-06-02 10:00:17,1500.9,1254765
2021-06-02 10:00:18,1500.85,1254774
2021-06-02 10:00:19,1500.85,1254799
2021-06-02 10:00:20,1500.9,1254803
2021-06-02 10:00:21,1500.9,1254803
2021-06-02 10:00:21,1500.9,1254803
2021-06-02 10:00:22,1500.5,1254843
2021-06-02 10:00:23,1500.8,1254847
2021-06-02 10:00:24,1500.5,1255148
2021-06-02 10:00:25,1500.8,1255393
2021-06-02 10:00:27,1500.8,1255417
2021-06-02 10:00:28,1500.8,1255453
2021-06-02 10:00:29,1500.8,1255794
2021-06-02 10:00:30,1500.8,1255838
2021-06-02 10:00:31,1500.8,1255934
2021-06-02 10:00:32,1500.8,1256003
2021-06-02 10:00:33,1500.8,1256012
2021-06-02 10:00:34,1500.9,1256317
2021-06-02 10:00:35,1500.5,1256423
2021-06-02 10:00:35,1500.5,1256423
2021-06-02 10:00:36,1500.9,1256466
2021-06-02 10:00:37,1501.0,1258297
2021-06-02 10:00:38,1500.95,1258521
2021-06-02 10:00:39,1501.35,1258539
2021-06-02 10:00:40,1501.25,1258618
2021-06-02 10:00:42,1500.6,1259205
2021-06-02 10:00:43,1501.05,1259457
2021-06-02 10:00:43,1501.05,1259457
2021-06-02 10:00:44,1500.9,1259635
2021-06-02 10:00:45,1500.9,1259869
2021-06-02 10:00:46,1500.9,1260523
2021-06-02 10:00:47,1500.45,1260703
2021-06-02 10:00:48,1500.85,1260909
2021-06-02 10:00:49,1500.5,1261080
2021-06-02 10:00:51,1500.85,1261268
2021-06-02 10:00:51,1500.85,1261294
2021-06-02 10:00:52,1500.9,1261498
2021-06-02 10:00:53,1501.05,1261591
2021-06-02 10:00:54,1500.5,1261690
2021-06-02 10:00:56,1500.5,1261718
2021-06-02 10:00:57,1501.0,1261735
2021-06-02 10:00:58,1501.0,1261737
2021-06-02 10:00:59,1501.0,1261740
2021-06-02 10:01:00,1500.45,1262312
2021-06-02 10:01:00,1500.5,1262079
2021-06-02 10:01:01,1501.0,1262369
2021-06-02 10:01:02,1500.85,1262389
2021-06-02 10:01:03,1501.0,1262391
2021-06-02 10:01:05,1500.85,1262542
2021-06-02 10:01:06,1501.0,1262552
2021-06-02 10:01:07,1501.05,1262789
2021-06-02 10:01:08,1501.35,1263321
2021-06-02 10:01:09,1501.3,1263381
2021-06-02 10:01:10,1501.0,1263401
2021-06-02 10:01:11,1500.65,1263413
2021-06-02 10:01:12,1500.55,1263453
2021-06-02 10:01:12,1500.55,1263453
2021-06-02 10:01:13,1501.0,1263477
2021-06-02 10:01:14,1501.35,1263694
2021-06-02 10:01:15,1501.35,1263715
2021-06-02 10:01:16,1501.0,1283750
2021-06-02 10:01:18,1501.4,1284207
2021-06-02 10:01:19,1501.5,1284279
2021-06-02 10:01:21,1501.5,1284490
2021-06-02 10:01:20,1500.95,1284320
2021-06-02 10:01:22,1501.5,1284675
2021-06-02 10:01:23,1501.75,1284817
2021-06-02 10:01:24,1501.75,1284818
2021-06-02 10:01:24,1501.75,1284845
2021-06-02 10:01:25,1501.45,1284892
2021-06-02 10:01:26,1501.75,1284953
2021-06-02 10:01:27,1501.8,1284960
2021-06-02 10:01:28,1501.8,1284962
2021-06-02 10:01:30,1501.8,1284962
2021-06-02 10:01:31,1501.8,1285063
2021-06-02 10:01:32,1501.6,1288958
2021-06-02 10:01:33,1501.05,1289365
2021-06-02 10:01:34,1501.6,1289455
2021-06-02 10:01:35,1501.6,1289570
2021-06-02 10:01:36,1501.6,1290760
2021-06-02 10:01:37,1501.6,1290809
2021-06-02 10:01:38,1501.6,1290829
2021-06-02 10:01:39,1501.6,1291021
2021-06-02 10:01:40,1501.6,1291043
2021-06-02 10:01:41,1501.75,1291249
2021-06-02 10:01:41,1501.75,1291249
2021-06-02 10:01:42,1501.2,1291283
2021-06-02 10:01:44,1501.25,1291405
2021-06-02 10:01:45,1501.75,1291517
2021-06-02 10:01:46,1501.95,1291742
2021-06-02 10:01:47,1501.6,1291801
2021-06-02 10:01:48,1501.6,1291811
2021-06-02 10:01:49,1501.25,1291930
2021-06-02 10:01:50,1501.6,1292089
2021-06-02 10:01:51,1501.95,1292242
2021-06-02 10:01:52,1501.95,1292257
2021-06-02 10:01:53,1501.95,1292359
2021-06-02 10:01:53,1501.95,1292359
2021-06-02 10:01:54,1501.6,1292395
2021-06-02 10:01:56,1501.95,1292471
2021-06-02 10:01:57,1501.6,1292504
2021-06-02 10:01:58,1501.95,1292507
2021-06-02 10:01:59,1501.95,1292508
2021-06-02 10:02:00,1501.95,1292638
2021-06-02 10:02:00,1501.95,1292638
2021-06-02 10:02:01,1501.95,1292651
2021-06-02 10:02:02,1501.5,1292696
2021-06-02 10:02:03,1501.95,1292703
2021-06-02 10:02:05,1501.95,1292703
2021-06-02 10:02:06,1501.95,1292704
2021-06-02 10:02:07,1501.95,1292758
2021-06-02 10:02:08,1501.95,1292883
2021-06-02 10:02:09,1501.95,1295231
2021-06-02 10:02:11,1501.95,1295838
2021-06-02 10:02:11,1502.1,1295839
2021-06-02 10:02:12,1502.1,1295844
2021-06-02 10:02:13,1502.0,1295846
2021-06-02 10:02:14,1502.1,1296152
2021-06-02 10:02:15,1502.1,1296218
2021-06-02 10:02:17,1502.1,1296260
2021-06-02 10:02:18,1502.1,1296943
2021-06-02 10:02:19,1502.5,1297038
2021-06-02 10:02:20,1503.0,1300714
2021-06-02 10:02:21,1503.0,1300953
2021-06-02 10:02:22,1503.0,1301027
2021-06-02 10:02:23,1503.0,1301135
2021-06-02 10:02:24,1503.0,1301280
2021-06-02 10:02:25,1503.0,1301849
2021-06-02 10:02:26,1503.0,1301911
2021-06-02 10:02:27,1503.0,1301948
2021-06-02 10:02:28,1502.4,1301955
2021-06-02 10:02:29,1503.0,1301956
2021-06-02 10:02:30,1503.0,1302094
2021-06-02 10:02:31,1503.0,1302578
2021-06-02 10:02:32,1503.0,1302627
2021-06-02 10:02:33,1502.55,1302693
2021-06-02 10:02:34,1502.95,1302699
2021-06-02 10:02:35,1502.6,1302708
2021-06-02 10:02:36,1502.5,1302719
2021-06-02 10:02:37,1502.55,1302874
2021-06-02 10:02:38,1502.6,1303118
2021-06-02 10:02:39,1502.7,1303145
2021-06-02 10:02:39,1502.7,1303145
2021-06-02 10:02:41,1502.55,1303224
2021-06-02 10:02:42,1502.7,1303238
2021-06-02 10:02:43,1502.6,1303851
2021-06-02 10:02:44,1502.4,1304072
2021-06-02 10:02:46,1502.35,1304137
2021-06-02 10:02:47,1502.35,1304138
2021-06-02 10:02:48,1501.9,1306057
2021-06-02 10:02:49,1502.05,1306518
2021-06-02 10:02:50,1502.0,1306564
2021-06-02 10:02:51,1501.9,1306568
2021-06-02 10:02:52,1501.95,1306569
2021-06-02 10:02:53,1501.95,1306604
2021-06-02 10:02:53,1501.95,1306604
2021-06-02 10:02:55,1501.7,1306744
2021-06-02 10:02:56,1500.75,1307937
2021-06-02 10:02:57,1501.4,1308508
2021-06-02 10:02:58,1501.35,1308632
2021-06-02 10:02:59,1501.35,1308788
2021-06-02 10:03:00,1501.35,1308854
2021-06-02 10:03:01,1501.35,1308867
2021-06-02 10:03:02,1501.2,1308899
2021-06-02 10:03:03,1501.2,1308922
2021-06-02 10:03:04,1500.5,1309725
2021-06-02 10:03:05,1501.05,1309805
2021-06-02 10:03:06,1501.05,1309880
2021-06-02 10:03:07,1499.55,1324029
2021-06-02 10:03:08,1499.6,1325110
2021-06-02 10:03:09,1499.7,1325202
2021-06-02 10:03:10,1499.95,1325255
2021-06-02 10:03:10,1499.95,1325255
2021-06-02 10:03:11,1500.2,1325304
2021-06-02 10:03:13,1500.1,1325365
2021-06-02 10:03:14,1500.0,1325495
2021-06-02 10:03:15,1500.15,1326183
2021-06-02 10:03:16,1500.0,1326441
2021-06-02 10:03:17,1500.2,1326487
2021-06-02 10:03:18,1499.85,1330186
2021-06-02 10:03:19,1499.65,1330277
2021-06-02 10:03:20,1499.4,1330425
2021-06-02 10:03:21,1499.4,1330514
2021-06-02 10:03:22,1500.0,1330874
2021-06-02 10:03:23,1499.95,1331040
2021-06-02 10:03:24,1499.55,1331564
2021-06-02 10:03:25,1499.25,1332087
2021-06-02 10:03:26,1500.0,1332196
2021-06-02 10:03:27,1500.0,1332196
2021-06-02 10:03:29,1500.05,1332299
2021-06-02 10:03:30,1500.05,1332522
2021-06-02 10:03:31,1500.1,1332576
2021-06-02 10:03:32,1500.1,1332586
2021-06-02 10:03:33,1499.6,1333388
2021-06-02 10:03:34,1500.2,1333733
2021-06-02 10:03:35,1500.2,1333733
2021-06-02 10:03:36,1500.35,1334056
2021-06-02 10:03:37,1500.4,1334244
2021-06-02 10:03:38,1500.35,1334296
2021-06-02 10:03:39,1500.25,1334318
2021-06-02 10:03:40,1500.25,1334346
2021-06-02 10:03:41,1500.25,1334362
2021-06-02 10:03:42,1500.3,1334637
2021-06-02 10:03:43,1500.3,1334708
2021-06-02 10:03:44,1500.3,1334710
2021-06-02 10:03:45,1500.3,1334772
2021-06-02 10:03:46,1499.7,1334792
2021-06-02 10:03:47,1500.3,1334794
2021-06-02 10:03:48,1499.8,1334893
2021-06-02 10:03:49,1499.75,1335248
2021-06-02 10:03:50,1499.75,1335248
2021-06-02 10:03:51,1500.3,1335860
2021-06-02 10:03:52,1500.35,1335958
2021-06-02 10:03:53,1499.8,1336206
2021-06-02 10:03:54,1499.8,1336206
2021-06-02 10:03:55,1500.15,1336421
2021-06-02 10:03:56,1500.5,1336432
2021-06-02 10:03:57,1500.3,1336715
2021-06-02 10:03:58,1500.65,1336828
2021-06-02 10:03:59,1500.35,1336833
2021-06-02 10:04:00,1500.35,1336949
2021-06-02 10:04:01,1500.85,1336973
2021-06-02 10:04:02,1500.4,1337018
2021-06-02 10:04:03,1500.3,1337126
2021-06-02 10:04:04,1500.65,1337152
2021-06-02 10:04:05,1500.1,1338372
2021-06-02 10:04:06,1500.1,1338372
2021-06-02 10:04:07,1500.8,1338457
2021-06-02 10:04:08,1500.4,1338509
2021-06-02 10:04:09,1500.35,1338510
2021-06-02 10:04:10,1500.25,1338610
2021-06-02 10:04:11,1500.8,1338737
2021-06-02 10:04:12,1500.4,1338968
2021-06-02 10:04:13,1500.8,1339121
2021-06-02 10:04:14,1500.8,1339121
2021-06-02 10:04:15,1500.1,1340050
2021-06-02 10:04:16,1500.75,1340168
2021-06-02 10:04:17,1500.25,1340220
2021-06-02 10:04:18,1500.75,1340372
2021-06-02 10:04:19,1500.25,1340433
2021-06-02 10:04:20,1500.75,1341365
2021-06-02 10:04:21,1500.8,1341373
2021-06-02 10:04:22,1500.8,1341438
2021-06-02 10:04:23,1500.8,1341837
2021-06-02 10:04:24,1500.85,1342037
2021-06-02 10:04:25,1500.25,1342165
2021-06-02 10:04:26,1500.25,1342165
2021-06-02 10:04:27,1500.25,1342165
2021-06-02 10:04:28,1500.35,1342175
2021-06-02 10:04:29,1500.75,1342275
2021-06-02 10:04:30,1500.75,1342300
2021-06-02 10:04:32,1500.75,1342760
2021-06-02 10:04:31,1500.55,1342663
2021-06-02 10:04:33,1501.0,1342763
2021-06-02 10:04:34,1501.0,1343034
2021-06-02 10:04:35,1501.0,1343750
2021-06-02 10:04:36,1501.0,1343764
2021-06-02 10:04:37,1501.0,1343782
2021-06-02 10:04:38,1501.0,1343792
2021-06-02 10:04:39,1501.0,1343792
2021-06-02 10:04:40,1500.55,1343866
2021-06-02 10:04:41,1501.0,1343879
2021-06-02 10:04:42,1501.0,1343879
2021-06-02 10:04:43,1501.0,1345229
2021-06-02 10:04:44,1500.6,1345562
2021-06-02 10:04:45,1500.6,1345562
2021-06-02 10:04:46,1501.0,1345588
2021-06-02 10:04:47,1500.7,1345607
2021-06-02 10:04:48,1501.0,1345729
2021-06-02 10:04:49,1501.0,1345757
2021-06-02 10:04:50,1501.0,1345776
2021-06-02 10:04:51,1500.6,1345790
2021-06-02 10:04:52,1500.6,1345804
