timestamp,ltp,volume
2021-06-02 09:16:00,701.65,269548
2021-06-02 09:16:01,701.85,277323
2021-06-02 09:16:02,701.35,277706
2021-06-02 09:16:03,702.05,282696
2021-06-02 09:16:04,702.2,284192
2021-06-02 09:16:05,702.35,288007
2021-06-02 09:16:07,702.35,290004
2021-06-02 09:16:07,702.0,289391
2021-06-02 09:16:08,702.3,291032
2021-06-02 09:16:10,702.45,292794
2021-06-02 09:16:11,702.05,299522
2021-06-02 09:16:12,702.05,301506
2021-06-02 09:16:12,702.0,301911
2021-06-02 09:16:14,702.5,306714
2021-06-02 09:16:15,701.95,309673
2021-06-02 09:16:15,701.95,310449
2021-06-02 09:16:17,702.0,315862
2021-06-02 09:16:17,702.45,316142
2021-06-02 09:16:18,702.1,318441
2021-06-02 09:16:19,701.9,321652
2021-06-02 09:16:20,702.2,324021
2021-06-02 09:16:21,701.65,327127
2021-06-02 09:16:22,701.6,330238
2021-06-02 09:16:23,701.6,331337
2021-06-02 09:16:24,702.0,344921
2021-06-02 09:16:25,701.95,349462
2021-06-02 09:16:28,702.0,354727
2021-06-02 09:16:29,702.0,355451
2021-06-02 09:16:30,701.6,360413
2021-06-02 09:16:30,701.2,360818
2021-06-02 09:16:31,701.25,373165
2021-06-02 09:16:32,700.9,375509
2021-06-02 09:16:33,701.1,379130
2021-06-02 09:16:34,701.05,380959
2021-06-02 09:16:36,701.05,382896
2021-06-02 09:16:37,701.0,384510
2021-06-02 09:16:37,701.0,384531
2021-06-02 09:16:38,701.0,385493
2021-06-02 09:16:39,701.0,387116
2021-06-02 09:16:40,701.0,388042
2021-06-02 09:16:41,701.0,390479
2021-06-02 09:16:42,701.05,392737
2021-06-02 09:16:43,701.05,393906
2021-06-02 09:16:44,701.55,394693
2021-06-02 09:16:45,701.2,395621
2021-06-02 09:16:47,701.55,399712
2021-06-02 09:16:48,701.2,401495
2021-06-02 09:16:49,701.55,402489
2021-06-02 09:16:49,701.65,402642
2021-06-02 09:16:50,702.0,416540
2021-06-02 09:16:51,701.7,419469
2021-06-02 09:16:54,701.85,422355
2021-06-02 09:16:54,701.85,422593
2021-06-02 09:16:55,701.9,423785
2021-06-02 09:16:56,701.95,426729
2021-06-02 09:16:57,701.95,428164
2021-06-02 09:16:58,701.7,433552
2021-06-02 09:16:59,701.8,434864
2021-06-02 09:17:00,701.5,439444
2021-06-02 09:17:01,701.15,440591
2021-06-02 09:17:02,701.15,444878
2021-06-02 09:17:04,701.15,446310
2021-06-02 09:17:05,701.15,447453
2021-06-02 09:17:05,701.15,447692
2021-06-02 09:17:06,701.35,449873
2021-06-02 09:17:07,701.05,456863
2021-06-02 09:17:08,700.35,467610
2021-06-02 09:17:09,700.1,468441
2021-06-02 09:17:11,700.0,472726
2021-06-02 09:17:12,700.0,491319
2021-06-02 09:17:13,699.95,491392
2021-06-02 09:17:13,699.6,491648
2021-06-02 09:17:14,699.7,493582
2021-06-02 09:17:15,700.15,505706
2021-06-02 09:17:16,700.0,507316
2021-06-02 09:17:17,700.0,509051
2021-06-02 09:17:18,700.0,510946
2021-06-02 09:17:20,700.1,513573
2021-06-02 09:17:21,699.95,515734
2021-06-02 09:17:22,699.85,519989
2021-06-02 09:17:22,699.85,519989
2021-06-02 09:17:24,699.75,520606
2021-06-02 09:17:25,699.3,525367
2021-06-02 09:17:26,699.3,526046
2021-06-02 09:17:27,699.45,526734
2021-06-02 09:17:27,699.55,526736
2021-06-02 09:17:28,699.3,527386
2021-06-02 09:17:29,699.55,528965
2021-06-02 09:17:30,699.55,529492
2021-06-02 09:17:31,699.75,531891
2021-06-02 09:17:32,699.75,532668
2021-06-02 09:17:33,699.55,534867
2021-06-02 09:17:35,699.55,536417
2021-06-02 09:17:36,699.45,536863
2021-06-02 09:17:37,699.35,537549
2021-06-02 09:17:38,699.5,538310
2021-06-02 09:17:39,699.45,539760
2021-06-02 09:17:40,699.55,541037
2021-06-02 09:17:41,699.75,542231
2021-06-02 09:17:42,699.85,545922
2021-06-02 09:17:43,699.6,546361
2021-06-02 09:17:44,699.6,546507
2021-06-02 09:17:45,699.6,549846
2021-06-02 09:17:47,700.0,552064
2021-06-02 09:17:47,699.95,552266
2021-06-02 09:17:49,699.75,553990
2021-06-02 09:17:50,699.9,554414
2021-06-02 09:17:51,699.85,554543
2021-06-02 09:17:52,699.65,566942
2021-06-02 09:17:53,699.35,567963
2021-06-02 09:17:54,699.45,569177
2021-06-02 09:17:55,699.5,569715
2021-06-02 09:17:56,699.6,571564
2021-06-02 09:17:57,699.25,571814
2021-06-02 09:17:59,699.1,578459
2021-06-02 09:18:00,699.4,580260
2021-06-02 09:18:01,699.6,581883
2021-06-02 09:18:01,699.6,581883
2021-06-02 09:18:02,699.45,582477
2021-06-02 09:18:04,699.35,583783
2021-06-02 09:18:05,699.5,586502
2021-06-02 09:18:05,699.5,586729
2021-06-02 09:18:06,699.6,587408
2021-06-02 09:18:08,699.6,589304
2021-06-02 09:18:08,699.3,589329
2021-06-02 09:18:09,699.45,592905
2021-06-02 09:18:11,699.4,595971
2021-06-02 09:18:12,699.25,596123
2021-06-02 09:18:13,698.9,612049
2021-06-02 09:18:14,698.8,614710
2021-06-02 09:18:15,698.85,616026
2021-06-02 09:18:17,698.65,619444
2021-06-02 09:18:18,698.3,621535
2021-06-02 09:18:18,698.15,621438
2021-06-02 09:18:19,698.1,622897
2021-06-02 09:18:20,698.1,625870
2021-06-02 09:18:22,698.45,626906
2021-06-02 09:18:22,698.15,626938
2021-06-02 09:18:23,697.95,637178
2021-06-02 09:18:24,698.0,639545
2021-06-02 09:18:25,698.1,640066
2021-06-02 09:18:26,699.1,645959
2021-06-02 09:18:27,698.9,648782
2021-06-02 09:18:29,698.95,649129
2021-06-02 09:18:30,699.9,658023
2021-06-02 09:18:31,699.9,659433
2021-06-02 09:18:31,699.7,659216
2021-06-02 09:18:32,699.45,660476
2021-06-02 09:18:33,700.0,667380
2021-06-02 09:18:34,700.05,667694
2021-06-02 09:18:36,700.3,669851
2021-06-02 09:18:37,700.35,670635
2021-06-02 09:18:38,700.45,673347
2021-06-02 09:18:39,700.4,674029
2021-06-02 09:18:40,700.15,674353
2021-06-02 09:18:41,700.65,680971
2021-06-02 09:18:41,700.6,681094
2021-06-02 09:18:42,700.6,681264
2021-06-02 09:18:43,700.25,682241
2021-06-02 09:18:44,700.7,683589
2021-06-02 09:18:45,700.7,684282
2021-06-02 09:18:47,700.5,685159
2021-06-02 09:18:47,701.0,686219
2021-06-02 09:18:48,701.0,686965
2021-06-02 09:18:49,700.7,688461
2021-06-02 09:18:52,701.0,689946
2021-06-02 09:18:53,700.7,691685
2021-06-02 09:18:54,700.75,692263
2021-06-02 09:18:55,701.0,695827
2021-06-02 09:18:55,700.95,695852
2021-06-02 09:18:56,701.0,696369
2021-06-02 09:18:57,701.0,696768
2021-06-02 09:18:58,701.0,697620
2021-06-02 09:19:00,701.0,698711
2021-06-02 09:19:01,701.0,699150
2021-06-02 09:19:02,701.0,700804
2021-06-02 09:19:03,700.9,700954
2021-06-02 09:19:04,700.85,701043
2021-06-02 09:19:05,700.9,701717
2021-06-02 09:19:06,701.0,703300
2021-06-02 09:19:06,700.95,703830
2021-06-02 09:19:07,700.95,704145
2021-06-02 09:19:08,700.95,704283
2021-06-02 09:19:10,700.95,704580
2021-06-02 09:19:11,701.2,706926
2021-06-02 09:19:12,701.05,708173
2021-06-02 09:19:13,701.5,712279
2021-06-02 09:19:14,701.5,712649
2021-06-02 09:19:14,701.9,712624
2021-06-02 09:19:15,701.6,713605
2021-06-02 09:19:17,702.0,715148
2021-06-02 09:19:18,702.05,731662
2021-06-02 09:19:18,702.05,732124
2021-06-02 09:19:20,702.05,736817
2021-06-02 09:19:20,701.9,736852
2021-06-02 09:19:21,702.35,739052
2021-06-02 09:19:22,702.1,739359
2021-06-02 09:19:23,702.35,739969
2021-06-02 09:19:24,702.45,740848
2021-06-02 09:19:25,702.0,746764
2021-06-02 09:19:27,701.95,754348
2021-06-02 09:19:27,702.0,755641
2021-06-02 09:19:29,702.2,757857
2021-06-02 09:19:30,702.05,760891
2021-06-02 09:19:31,702.0,762079
2021-06-02 09:19:32,702.1,764026
2021-06-02 09:19:33,701.9,767107
2021-06-02 09:19:34,701.6,767943
2021-06-02 09:19:34,702.0,768288
2021-06-02 09:19:35,702.05,769616
2021-06-02 09:19:36,702.0,769729
2021-06-02 09:19:37,701.8,771407
2021-06-02 09:19:38,701.75,773404
2021-06-02 09:19:39,701.8,776536
2021-06-02 09:19:41,702.0,778256
2021-06-02 09:19:42,702.05,778758
2021-06-02 09:19:42,702.05,778717
2021-06-02 09:19:44,702.15,780187
2021-06-02 09:19:44,702.1,780349
2021-06-02 09:19:45,702.2,783556
2021-06-02 09:19:46,702.5,785039
2021-06-02 09:19:47,702.45,785247
2021-06-02 09:19:49,702.3,786511
2021-06-02 09:19:50,702.3,787119
2021-06-02 09:19:51,702.5,787612
2021-06-02 09:19:52,702.45,788322
2021-06-02 09:19:52,702.2,788726
2021-06-02 09:19:53,702.4,789543
2021-06-02 09:19:54,702.45,790094
2021-06-02 09:19:55,702.1,791693
2021-06-02 09:19:57,702.1,796603
2021-06-02 09:19:57,702.05,798311
2021-06-02 09:19:59,702.05,800013
2021-06-02 09:20:00,701.65,805613
2021-06-02 09:20:01,701.1,806119
2021-06-02 09:20:02,701.5,806735
2021-06-02 09:20:03,701.5,809220
2021-06-02 09:20:04,701.4,809941
2021-06-02 09:20:05,701.2,810789
2021-06-02 09:20:06,701.4,811119
2021-06-02 09:20:07,701.1,812109
2021-06-02 09:20:09,701.15,812670
2021-06-02 09:20:10,701.9,813518
2021-06-02 09:20:11,701.95,815526
2021-06-02 09:20:12,701.5,816613
2021-06-02 09:20:12,701.5,816613
2021-06-02 09:20:13,701.65,817123
2021-06-02 09:20:14,701.65,818021
2021-06-02 09:20:15,701.85,819626
2021-06-02 09:20:17,701.95,820273
2021-06-02 09:20:18,701.95,820992
2021-06-02 09:20:19,701.95,826237
2021-06-02 09:20:20,702.15,827086
2021-06-02 09:20:21,702.15,827486
2021-06-02 09:20:22,701.95,827766
2021-06-02 09:20:22,701.95,828020
2021-06-02 09:20:23,702.0,830025
2021-06-02 09:20:24,702.0,830328
2021-06-02 09:20:25,702.0,832820
2021-06-02 09:20:26,702.15,833451
2021-06-02 09:20:27,702.0,834605
2021-06-02 09:20:29,701.9,839128
2021-06-02 09:20:30,702.35,840028
2021-06-02 09:20:31,702.35,840494
2021-06-02 09:20:32,702.15,842279
2021-06-02 09:20:33,702.15,843903
2021-06-02 09:20:33,702.15,843903
2021-06-02 09:20:34,702.5,850482
2021-06-02 09:20:35,702.6,853223
2021-06-02 09:20:36,702.6,853823
2021-06-02 09:20:37,702.95,860299
2021-06-02 09:20:38,702.8,863139
2021-06-02 09:20:40,703.1,896020
2021-06-02 09:20:41,703.65,901805
2021-06-02 09:20:42,703.8,903748
2021-06-02 09:20:42,703.5,903768
2021-06-02 09:20:43,703.5,905527
2021-06-02 09:20:45,703.5,905893
2021-06-02 09:20:46,703.7,909810
2021-06-02 09:20:47,703.55,911823
2021-06-02 09:20:48,703.75,913887
2021-06-02 09:20:49,703.5,915307
2021-06-02 09:20:50,703.65,919265
2021-06-02 09:20:51,703.65,922803
2021-06-02 09:20:52,703.95,924942
2021-06-02 09:20:52,703.95,925054
2021-06-02 09:20:53,703.95,925157
2021-06-02 09:20:54,703.8,925657
2021-06-02 09:20:55,703.75,926204
2021-06-02 09:20:57,703.95,927001
2021-06-02 09:20:58,703.95,928963
2021-06-02 09:20:59,703.95,929644
2021-06-02 09:21:00,703.95,935383
2021-06-02 09:21:01,703.65,941012
2021-06-02 09:21:02,703.75,943867
2021-06-02 09:21:03,703.5,944744
2021-06-02 09:21:04,703.45,946762
2021-06-02 09:21:04,703.8,946922
2021-06-02 09:21:05,703.85,948190
2021-06-02 09:21:06,703.45,949230
2021-06-02 09:21:07,703.7,950526
2021-06-02 09:21:09,704.3,972710
2021-06-02 09:21:10,704.45,976722
2021-06-02 09:21:11,704.4,978208
2021-06-02 09:21:12,704.9,984677
2021-06-02 09:21:13,704.6,986599
2021-06-02 09:21:14,704.9,987385
2021-06-02 09:21:15,704.45,988460
2021-06-02 09:21:16,704.95,990447
2021-06-02 09:21:16,704.8,990351
2021-06-02 09:21:17,704.95,991484
2021-06-02 09:21:19,705.0,1012364
2021-06-02 09:21:20,704.85,1015569
2021-06-02 09:21:21,704.65,1016619
2021-06-02 09:21:22,704.8,1018526
2021-06-02 09:21:23,704.95,1021275
2021-06-02 09:21:24,705.0,1022188
2021-06-02 09:21:25,705.05,1025793
2021-06-02 09:21:26,705.3,1027587
2021-06-02 09:21:27,705.05,1029183
2021-06-02 09:21:28,705.2,1042449
2021-06-02 09:21:29,705.0,1044646
2021-06-02 09:21:30,705.45,1046216
2021-06-02 09:21:31,705.35,1048024
2021-06-02 09:21:32,705.25,1052013
2021-06-02 09:21:33,705.45,1054809
2021-06-02 09:21:34,705.15,1055996
2021-06-02 09:21:35,705.25,1065659
2021-06-02 09:21:36,705.0,1068845
2021-06-02 09:21:37,705.0,1073313
2021-06-02 09:21:38,704.8,1075266
2021-06-02 09:21:39,705.0,1076133
2021-06-02 09:21:40,705.0,1077607
2021-06-02 09:21:41,705.0,1078713
2021-06-02 09:21:42,704.9,1081189
2021-06-02 09:21:42,704.65,1081855
2021-06-02 09:21:43,704.8,1083112
2021-06-02 09:21:45,705.0,1085760
2021-06-02 09:21:46,704.95,1087318
2021-06-02 09:21:47,704.95,1088041
2021-06-02 09:21:48,704.8,1089909
2021-06-02 09:21:49,704.65,1097010
2021-06-02 09:21:50,704.8,1099123
2021-06-02 09:21:51,704.55,1099338
2021-06-02 09:21:52,704.6,1100353
2021-06-02 09:21:53,704.5,1100646
2021-06-02 09:21:54,704.35,1101632
2021-06-02 09:21:55,704.5,1102933
2021-06-02 09:21:56,704.3,1103169
2021-06-02 09:21:57,704.2,1103254
2021-06-02 09:21:58,704.35,1104740
2021-06-02 09:21:59,703.95,1106828
2021-06-02 09:22:00,704.05,1107737
2021-06-02 09:22:01,704.2,1108546
2021-06-02 09:22:02,704.35,1110664
2021-06-02 09:22:03,704.1,1111540
2021-06-02 09:22:04,704.2,1114668
2021-06-02 09:22:05,704.25,1116506
2021-06-02 09:22:06,704.35,1117525
2021-06-02 09:22:07,704.55,1121162
2021-06-02 09:22:08,704.2,1121564
2021-06-02 09:22:09,704.1,1123304
2021-06-02 09:22:10,704.15,1124152
2021-06-02 09:22:11,704.0,1124973
2021-06-02 09:22:11,704.0,1125083
2021-06-02 09:22:13,704.35,1126245
2021-06-02 09:22:14,704.2,1127451
2021-06-02 09:22:15,704.1,1130460
2021-06-02 09:22:16,704.1,1132029
2021-06-02 09:22:17,704.2,1132374
2021-06-02 09:22:18,704.35,1134207
2021-06-02 09:22:19,704.35,1134689
2021-06-02 09:22:20,704.2,1134877
2021-06-02 09:22:21,704.35,1137221
2021-06-02 09:22:22,704.35,1138898
2021-06-02 09:22:23,704.45,1154325
2021-06-02 09:22:23,704.75,1156282
2021-06-02 09:22:24,704.6,1157972
2021-06-02 09:22:25,705.0,1159164
2021-06-02 09:22:26,704.6,1160079
2021-06-02 09:22:27,704.55,1160757
2021-06-02 09:22:28,704.55,1161527
2021-06-02 09:22:29,705.15,1184224
2021-06-02 09:22:30,705.1,1185297
2021-06-02 09:22:31,704.95,1186327
2021-06-02 09:22:32,704.8,1187204
2021-06-02 09:22:33,705.0,1187876
2021-06-02 09:22:34,705.0,1188253
2021-06-02 09:22:35,704.7,1188803
2021-06-02 09:22:36,704.7,1189459
2021-06-02 09:22:37,704.7,1189827
2021-06-02 09:22:38,705.15,1195249
2021-06-02 09:22:39,705.15,1197395
2021-06-02 09:22:41,705.15,1201898
2021-06-02 09:22:42,705.15,1203544
2021-06-02 09:22:43,705.15,1204068
2021-06-02 09:22:44,705.2,1205014
2021-06-02 09:22:45,705.2,1206279
2021-06-02 09:22:46,705.0,1206805
2021-06-02 09:22:47,705.05,1211109
2021-06-02 09:22:48,704.7,1211822
2021-06-02 09:22:49,704.85,1212260
2021-06-02 09:22:50,704.65,1214810
2021-06-02 09:22:51,704.65,1216953
2021-06-02 09:22:52,704.2,1219111
2021-06-02 09:22:53,704.85,1221027
2021-06-02 09:22:54,704.75,1221710
2021-06-02 09:22:55,704.45,1222207
2021-06-02 09:22:56,704.4,1222626
2021-06-02 09:22:57,704.3,1223144
2021-06-02 09:22:58,704.3,1223658
2021-06-02 09:22:59,704.5,1224123
2021-06-02 09:23:00,704.2,1224867
2021-06-02 09:23:01,704.25,1225908
2021-06-02 09:23:02,704.25,1227448
2021-06-02 09:23:03,704.2,1231541
2021-06-02 09:23:04,704.05,1234070
2021-06-02 09:23:05,704.25,1235403
2021-06-02 09:23:06,704.05,1237674
2021-06-02 09:23:07,704.3,1238024
2021-06-02 09:23:08,704.0,1239727
2021-06-02 09:23:09,704.0,1248754
2021-06-02 09:23:10,704.05,1250336
2021-06-02 09:23:11,704.1,1251275
2021-06-02 09:23:12,704.0,1253697
2021-06-02 09:23:13,704.3,1254617
2021-06-02 09:23:15,704.2,1255145
2021-06-02 09:23:16,704.0,1255728
2021-06-02 09:23:17,704.05,1256975
2021-06-02 09:23:18,704.1,1257571
2021-06-02 09:23:19,703.95,1258439
2021-06-02 09:23:20,704.0,1259155
2021-06-02 09:23:21,704.0,1259530
2021-06-02 09:23:22,703.9,1261041
2021-06-02 09:23:23,703.85,1261769
2021-06-02 09:23:24,704.15,1270952
2021-06-02 09:23:25,704.15,1275106
2021-06-02 09:23:26,704.05,1277436
2021-06-02 09:23:27,703.8,1279461
2021-06-02 09:23:28,704.1,1280703
2021-06-02 09:23:29,704.0,1282504
2021-06-02 09:23:31,704.5,1285791
2021-06-02 09:23:30,704.25,1285744
2021-06-02 09:23:32,704.2,1285991
2021-06-02 09:23:33,704.25,1286817
2021-06-02 09:23:34,704.25,1288044
2021-06-02 09:23:35,704.4,1288306
2021-06-02 09:23:36,704.25,1289008
2021-06-02 09:23:37,704.25,1289358
2021-06-02 09:23:38,704.25,1289454
2021-06-02 09:23:39,703.55,1312994
2021-06-02 09:23:40,703.5,1317796
2021-06-02 09:23:41,703.7,1318620
2021-06-02 09:23:42,703.55,1329881
2021-06-02 09:23:43,703.55,1332394
2021-06-02 09:23:44,703.5,1333888
2021-06-02 09:23:45,703.55,1334146
2021-06-02 09:23:46,703.55,1335735
2021-06-02 09:23:47,703.65,1337837
2021-06-02 09:23:48,703.6,1340017
2021-06-02 09:23:49,703.55,1340518
2021-06-02 09:23:50,704.0,1343809
2021-06-02 09:23:51,703.9,1345516
2021-06-02 09:23:52,703.65,1345755
2021-06-02 09:23:53,703.7,1346921
2021-06-02 09:23:54,703.7,1348420
2021-06-02 09:23:55,703.7,1348421
2021-06-02 09:23:56,704.0,1348656
2021-06-02 09:23:57,704.4,1352133
2021-06-02 09:23:58,704.05,1353114
2021-06-02 09:23:59,704.1,1355404
2021-06-02 09:24:00,703.95,1356760
2021-06-02 09:24:01,704.4,1357685
2021-06-02 09:24:02,704.15,1357957
2021-06-02 09:24:03,704.5,1361537
2021-06-02 09:24:04,704.2,1362211
2021-06-02 09:24:05,704.4,1364078
2021-06-02 09:24:06,704.5,1367220
2021-06-02 09:24:07,704.7,1368411
2021-06-02 09:24:08,704.4,1368635
2021-06-02 09:24:09,704.65,1396762
2021-06-02 09:24:10,704.35,1398007
2021-06-02 09:24:11,704.35,1399113
2021-06-02 09:24:12,704.2,1406606
2021-06-02 09:24:13,704.15,1408587
2021-06-02 09:24:14,704.35,1408979
2021-06-02 09:24:15,704.35,1408979
2021-06-02 09:24:16,704.05,1412400
2021-06-02 09:24:17,704.1,1413659
2021-06-02 09:24:18,704.05,1413934
2021-06-02 09:24:19,703.7,1415987
2021-06-02 09:24:20,703.75,1416658
2021-06-02 09:24:21,703.75,1416658
2021-06-02 09:24:22,703.8,1417357
2021-06-02 09:24:23,703.65,1417759
2021-06-02 09:24:24,703.8,1417808
2021-06-02 09:24:27,704.0,1421118
2021-06-02 09:24:28,703.75,1421640
2021-06-02 09:24:29,703.75,1423272
2021-06-02 09:24:30,703.75,1423951
2021-06-02 09:24:31,703.85,1425013
2021-06-02 09:24:32,703.75,1425053
2021-06-02 09:24:33,703.3,1434019
2021-06-02 09:24:34,703.3,1434358
2021-06-02 09:24:35,703.3,1435232
2021-06-02 09:24:36,703.2,1435505
2021-06-02 09:24:37,703.2,1439726
2021-06-02 09:24:38,703.2,1440022
2021-06-02 09:24:39,703.0,1441026
2021-06-02 09:24:40,703.2,1441807
2021-06-02 09:24:41,703.1,1442412
2021-06-02 09:24:42,703.1,1442513
2021-06-02 09:24:44,703.1,1444476
2021-06-02 09:24:43,703.2,1443026
2021-06-02 09:24:45,703.1,1445223
2021-06-02 09:24:46,703.1,1446745
2021-06-02 09:24:47,703.0,1447031
2021-06-02 09:24:48,702.9,1452990
2021-06-02 09:24:49,702.8,1454325
2021-06-02 09:24:50,702.45,1455416
2021-06-02 09:24:51,702.55,1457473
2021-06-02 09:24:52,702.85,1460334
2021-06-02 09:24:53,702.45,1460683
2021-06-02 09:24:54,702.7,1462134
2021-06-02 09:24:55,702.75,1462322
2021-06-02 09:24:56,702.75,1463260
2021-06-02 09:24:57,702.8,1463676
2021-06-02 09:24:59,702.6,1467034
2021-06-02 09:25:01,702.6,1467485
2021-06-02 09:25:02,702.6,1467796
2021-06-02 09:25:02,702.6,1468052
2021-06-02 09:25:03,702.65,1468398
2021-06-02 09:25:04,702.65,1468871
2021-06-02 09:25:05,702.65,1469383
2021-06-02 09:25:06,702.6,1469995
2021-06-02 09:25:07,702.65,1471244
2021-06-02 09:25:08,702.5,1472122
2021-06-02 09:25:09,702.5,1472347
2021-06-02 09:25:10,702.45,1474337
2021-06-02 09:25:11,702.65,1474691
2021-06-02 09:25:12,702.4,1475139
2021-06-02 09:25:13,702.45,1475358
2021-06-02 09:25:14,702.5,1475490
2021-06-02 09:25:15,702.65,1475926
2021-06-02 09:25:16,702.65,1476393
2021-06-02 09:25:17,702.8,1481832
2021-06-02 09:25:18,702.75,1481927
2021-06-02 09:25:19,702.65,1482774
2021-06-02 09:25:21,702.85,1484607
2021-06-02 09:25:22,702.8,1484677
2021-06-02 09:25:23,702.65,1484964
2021-06-02 09:25:24,702.7,1485700
2021-06-02 09:25:25,702.7,1485943
2021-06-02 09:25:26,702.7,1486055
2021-06-02 09:25:26,702.65,1486108
2021-06-02 09:25:27,702.65,1486363
2021-06-02 09:25:28,702.6,1486858
2021-06-02 09:25:29,702.6,1487283
2021-06-02 09:25:30,702.5,1488626
2021-06-02 09:25:31,702.6,1489462
2021-06-02 09:25:32,702.6,1490295
2021-06-02 09:25:33,702.95,1491794
2021-06-02 09:25:34,702.85,1495041
2021-06-02 09:25:35,702.45,1498923
2021-06-02 09:25:36,702.7,1500377
2021-06-02 09:25:38,702.65,1500893
2021-06-02 09:25:39,702.7,1502193
2021-06-02 09:25:40,703.0,1504025
2021-06-02 09:25:40,702.7,1504239
2021-06-02 09:25:41,703.0,1509794
2021-06-02 09:25:42,703.35,1509999
2021-06-02 09:25:43,702.95,1511301
2021-06-02 09:25:44,703.4,1511345
2021-06-02 09:25:45,703.6,1517628
2021-06-02 09:25:46,703.6,1518880
2021-06-02 09:25:47,703.6,1518982
2021-06-02 09:25:48,703.4,1519324
2021-06-02 09:25:49,703.4,1520318
2021-06-02 09:25:50,703.6,1520664
2021-06-02 09:25:51,703.5,1520994
2021-06-02 09:25:52,703.15,1521579
2021-06-02 09:25:53,703.15,1521723
2021-06-02 09:25:54,703.2,1522353
2021-06-02 09:25:55,703.6,1522945
2021-06-02 09:25:57,703.25,1523081
2021-06-02 09:25:58,703.7,1524096
2021-06-02 09:25:58,703.7,1524097
2021-06-02 09:25:59,703.7,1525220
2021-06-02 09:26:00,703.6,1527230
2021-06-02 09:26:01,703.65,1527438
2021-06-02 09:26:02,703.7,1528594
2021-06-02 09:26:03,703.7,1528790
2021-06-02 09:26:04,703.7,1529087
2021-06-02 09:26:05,703.95,1529287
2021-06-02 09:26:06,703.6,1531353
2021-06-02 09:26:07,703.65,1531694
2021-06-02 09:26:08,704.0,1531997
2021-06-02 09:26:10,703.7,1533210
2021-06-02 09:26:10,704.0,1533410
2021-06-02 09:26:11,703.7,1533714
2021-06-02 09:26:12,703.7,1534519
2021-06-02 09:26:13,703.65,1535659
2021-06-02 09:26:14,703.6,1536238
2021-06-02 09:26:15,703.65,1536576
2021-06-02 09:26:16,703.9,1538916
2021-06-02 09:26:17,704.0,1540504
2021-06-02 09:26:19,703.7,1540807
2021-06-02 09:26:20,703.6,1541741
2021-06-02 09:26:21,703.6,1542330
2021-06-02 09:26:21,703.75,1542440
2021-06-02 09:26:22,703.7,1542980
2021-06-02 09:26:23,703.6,1543184
2021-06-02 09:26:24,703.75,1543745
2021-06-02 09:26:25,703.7,1543975
2021-06-02 09:26:26,703.75,1544591
2021-06-02 09:26:27,703.7,1544780
2021-06-02 09:26:28,703.9,1544934
2021-06-02 09:26:29,703.95,1546981
2021-06-02 09:26:30,703.95,1547019
2021-06-02 09:26:31,703.75,1547146
2021-06-02 09:26:32,704.0,1547882
2021-06-02 09:26:33,704.0,1548491
2021-06-02 09:26:34,703.85,1551094
2021-06-02 09:26:35,704.0,1551690
2021-06-02 09:26:36,704.0,1552483
2021-06-02 09:26:37,703.95,1557537
2021-06-02 09:26:38,703.95,1557846
2021-06-02 09:26:39,704.0,1558353
2021-06-02 09:26:40,704.0,1559714
2021-06-02 09:26:41,704.1,1560309
2021-06-02 09:26:42,704.0,1563405
2021-06-02 09:26:43,703.95,1565405
2021-06-02 09:26:45,703.75,1566298
2021-06-02 09:26:46,703.9,1570202
2021-06-02 09:26:47,703.6,1570582
2021-06-02 09:26:48,703.85,1571792
2021-06-02 09:26:49,703.6,1573105
2021-06-02 09:26:50,703.9,1573436
2021-06-02 09:26:51,703.85,1573627
2021-06-02 09:26:52,703.75,1573956
2021-06-02 09:26:53,703.55,1578275
2021-06-02 09:26:54,703.7,1579252
2021-06-02 09:26:55,703.75,1579614
2021-06-02 09:26:56,703.55,1580891
2021-06-02 09:26:58,703.75,1581735
2021-06-02 09:26:58,703.55,1581780
2021-06-02 09:26:59,703.75,1582130
2021-06-02 09:27:00,703.75,1582634
2021-06-02 09:27:01,703.75,1582848
2021-06-02 09:27:02,703.75,1583958
2021-06-02 09:27:03,703.8,1585789
2021-06-02 09:27:04,703.75,1586129
2021-06-02 09:27:05,703.95,1588295
2021-06-02 09:27:06,704.0,1602441
2021-06-02 09:27:07,704.0,1602827
2021-06-02 09:27:08,704.25,1603656
2021-06-02 09:27:09,704.0,1603937
2021-06-02 09:27:10,704.25,1604139
2021-06-02 09:27:11,704.25,1604619
2021-06-02 09:27:12,704.35,1605319
2021-06-02 09:27:13,704.35,1605612
2021-06-02 09:27:15,704.4,1605876
2021-06-02 09:27:16,704.25,1606213
2021-06-02 09:27:17,704.1,1606386
2021-06-02 09:27:18,704.4,1606789
2021-06-02 09:27:19,704.1,1607185
2021-06-02 09:27:19,704.1,1607240
2021-06-02 09:27:20,704.35,1607361
2021-06-02 09:27:21,704.15,1607498
2021-06-02 09:27:22,704.15,1607825
2021-06-02 09:27:23,704.4,1608793
2021-06-02 09:27:25,704.4,1609230
2021-06-02 09:27:25,704.4,1609888
2021-06-02 09:27:26,704.15,1610136
2021-06-02 09:27:28,704.05,1610981
2021-06-02 09:27:29,704.25,1611675
2021-06-02 09:27:30,704.3,1613973
2021-06-02 09:27:31,704.1,1614588
2021-06-02 09:27:32,704.25,1614807
2021-06-02 09:27:33,704.0,1618700
2021-06-02 09:27:34,704.0,1620168
2021-06-02 09:27:34,703.95,1620663
2021-06-02 09:27:35,703.85,1621893
2021-06-02 09:27:36,704.0,1622534
2021-06-02 09:27:37,704.15,1623328
2021-06-02 09:27:38,704.1,1623425
2021-06-02 09:27:39,704.1,1624459
2021-06-02 09:27:40,704.0,1624886
2021-06-02 09:27:41,704.0,1625144
2021-06-02 09:27:43,704.4,1627093
2021-06-02 09:27:44,704.0,1627352
2021-06-02 09:27:45,704.15,1629307
2021-06-02 09:27:46,704.4,1629904
2021-06-02 09:27:47,704.1,1635904
2021-06-02 09:27:48,704.0,1638098
2021-06-02 09:27:49,704.3,1638471
2021-06-02 09:27:50,704.4,1638754
2021-06-02 09:27:50,704.3,1638755
2021-06-02 09:27:51,704.4,1642564
2021-06-02 09:27:52,704.3,1642965
2021-06-02 09:27:53,704.3,1643194
2021-06-02 09:27:54,704.5,1658698
2021-06-02 09:27:56,704.4,1659820
2021-06-02 09:27:57,704.6,1661904
2021-06-02 09:27:58,704.6,1662984
2021-06-02 09:27:59,704.35,1665030
2021-06-02 09:27:59,704.55,1665295
2021-06-02 09:28:00,704.5,1667814
2021-06-02 09:28:01,704.35,1671723
2021-06-02 09:28:02,704.1,1672293
2021-06-02 09:28:04,703.9,1680672
2021-06-02 09:28:05,704.0,1682204
2021-06-02 09:28:06,703.8,1682590
2021-06-02 09:28:07,703.9,1682994
2021-06-02 09:28:08,703.85,1683267
2021-06-02 09:28:09,704.0,1683412
2021-06-02 09:28:10,704.0,1683412
2021-06-02 09:28:11,703.9,1685164
2021-06-02 09:28:11,704.0,1686514
2021-06-02 09:28:12,703.95,1686682
2021-06-02 09:28:13,703.95,1687851
2021-06-02 09:28:14,704.35,1688076
2021-06-02 09:28:15,704.35,1688681
2021-06-02 09:28:16,704.5,1688736
2021-06-02 09:28:17,704.35,1688930
2021-06-02 09:28:18,704.2,1690385
2021-06-02 09:28:19,704.2,1691195
2021-06-02 09:28:20,704.25,1691436
2021-06-02 09:28:22,704.35,1692025
2021-06-02 09:28:23,704.3,1692051
2021-06-02 09:28:24,704.4,1693555
2021-06-02 09:28:25,704.4,1693758
2021-06-02 09:28:25,704.3,1694646
2021-06-02 09:28:26,704.3,1702240
2021-06-02 09:28:27,704.3,1702693
2021-06-02 09:28:28,704.5,1703288
2021-06-02 09:28:29,704.6,1703893
2021-06-02 09:28:30,704.4,1706647
2021-06-02 09:28:31,704.5,1707365
2021-06-02 09:28:32,704.35,1708780
2021-06-02 09:28:34,704.35,1712265
2021-06-02 09:28:35,704.5,1717199
2021-06-02 09:28:36,704.4,1717702
2021-06-02 09:28:37,704.1,1718049
2021-06-02 09:28:37,704.1,1718049
2021-06-02 09:28:38,704.4,1718856
2021-06-02 09:28:39,704.1,1719029
2021-06-02 09:28:40,704.1,1719136
2021-06-02 09:28:41,704.3,1719210
2021-06-02 09:28:42,704.15,1724519
2021-06-02 09:28:43,703.95,1724972
2021-06-02 09:28:44,703.8,1725427
2021-06-02 09:28:45,703.9,1725555
2021-06-02 09:28:46,703.9,1725626
2021-06-02 09:28:47,703.8,1725991
2021-06-02 09:28:48,703.6,1727446
2021-06-02 09:28:49,703.7,1727636
2021-06-02 09:28:50,703.7,1727788
2021-06-02 09:28:51,703.75,1729573
2021-06-02 09:28:52,703.9,1729690
2021-06-02 09:28:54,703.65,1730145
2021-06-02 09:28:55,703.95,1730336
2021-06-02 09:28:55,703.95,1730336
2021-06-02 09:28:56,703.65,1730436
2021-06-02 09:28:57,703.95,1730559
2021-06-02 09:28:58,703.6,1731174
2021-06-02 09:28:59,703.55,1731835
2021-06-02 09:29:00,703.6,1732060
2021-06-02 09:29:01,703.7,1732391
2021-06-02 09:29:02,703.9,1732602
2021-06-02 09:29:04,703.65,1733215
2021-06-02 09:29:05,703.65,1733532
2021-06-02 09:29:06,703.65,1734416
2021-06-02 09:29:06,703.65,1734416
2021-06-02 09:29:07,703.35,1737714
2021-06-02 09:29:08,703.0,1739954
2021-06-02 09:29:09,703.0,1741497
2021-06-02 09:29:11,703.3,1742138
2021-06-02 09:29:12,703.0,1742218
2021-06-02 09:29:13,703.0,1749898
2021-06-02 09:29:14,703.1,1752312
2021-06-02 09:29:15,702.9,1753684
2021-06-02 09:29:15,702.9,1754033
2021-06-02 09:29:16,702.95,1754288
2021-06-02 09:29:17,702.8,1755147
2021-06-02 09:29:19,702.95,1756557
2021-06-02 09:29:20,702.75,1757231
2021-06-02 09:29:22,702.85,1757573
2021-06-02 09:29:23,702.85,1757590
2021-06-02 09:29:23,702.85,1757590
2021-06-02 09:29:24,702.8,1757720
2021-06-02 09:29:25,702.85,1758403
2021-06-02 09:29:26,702.75,1758529
2021-06-02 09:29:28,702.75,1758611
2021-06-02 09:29:29,702.8,1759264
2021-06-02 09:29:30,702.75,1759895
2021-06-02 09:29:31,702.75,1759929
2021-06-02 09:29:31,702.8,1759931
2021-06-02 09:29:32,702.65,1775031
2021-06-02 09:29:33,702.35,1780839
2021-06-02 09:29:34,702.4,1782100
2021-06-02 09:29:36,702.4,1782432
2021-06-02 09:29:37,702.0,1783119
2021-06-02 09:29:38,702.0,1783779
2021-06-02 09:29:39,702.05,1784716
2021-06-02 09:29:40,702.05,1784985
2021-06-02 09:29:41,702.3,1785736
2021-06-02 09:29:42,702.45,1789404
2021-06-02 09:29:42,702.75,1789504
2021-06-02 09:29:43,702.35,1790004
2021-06-02 09:29:44,702.3,1790204
2021-06-02 09:29:46,702.3,1790790
2021-06-02 09:29:47,702.3,1791105
2021-06-02 09:29:48,702.6,1791411
2021-06-02 09:29:48,702.4,1791431
2021-06-02 09:29:49,702.35,1792091
2021-06-02 09:29:50,702.4,1792627
2021-06-02 09:29:52,702.4,1792714
2021-06-02 09:29:53,702.35,1792731
2021-06-02 09:29:54,702.5,1792931
2021-06-02 09:29:54,702.5,1792931
2021-06-02 09:29:55,702.35,1793389
2021-06-02 09:29:56,702.3,1793889
2021-06-02 09:29:57,702.2,1797246
2021-06-02 09:29:58,702.35,1797294
2021-06-02 09:29:59,702.15,1797742
2021-06-02 09:30:00,702.25,1798408
2021-06-02 09:30:02,702.05,1798676
2021-06-02 09:30:03,702.05,1799195
2021-06-02 09:30:04,702.05,1799781
2021-06-02 09:30:05,701.8,1807494
2021-06-02 09:30:06,701.5,1808731
2021-06-02 09:30:07,701.5,1809173
2021-06-02 09:30:07,701.5,1809205
2021-06-02 09:30:08,701.5,1810330
2021-06-02 09:30:09,701.4,1812081
2021-06-02 09:30:10,701.3,1812689
2021-06-02 09:30:12,701.25,1813414
2021-06-02 09:30:13,701.1,1815464
2021-06-02 09:30:14,701.0,1818820
2021-06-02 09:30:15,701.0,1820004
2021-06-02 09:30:16,701.2,1824871
2021-06-02 09:30:17,701.05,1827229
2021-06-02 09:30:19,701.3,1828395
2021-06-02 09:30:20,701.45,1829735
2021-06-02 09:30:21,701.4,1838139
2021-06-02 09:30:22,701.3,1840034
2021-06-02 09:30:22,701.25,1842222
2021-06-02 09:30:23,701.25,1843386
2021-06-02 09:30:24,701.25,1844849
2021-06-02 09:30:25,701.15,1845385
2021-06-02 09:30:27,701.0,1856466
2021-06-02 09:30:28,700.8,1857125
2021-06-02 09:30:29,701.0,1857745
2021-06-02 09:30:30,700.65,1859774
2021-06-02 09:30:30,700.9,1860221
2021-06-02 09:30:31,700.6,1860904
2021-06-02 09:30:33,700.6,1863068
2021-06-02 09:30:34,700.6,1863589
2021-06-02 09:30:36,700.9,1866886
2021-06-02 09:30:37,700.7,1867022
2021-06-02 09:30:38,700.7,1867350
2021-06-02 09:30:39,700.6,1868187
2021-06-02 09:30:40,700.7,1869277
2021-06-02 09:30:41,700.8,1870157
2021-06-02 09:30:41,700.8,1870157
2021-06-02 09:30:42,700.65,1870623
2021-06-02 09:30:43,700.65,1870962
2021-06-02 09:30:44,700.65,1872197
2021-06-02 09:30:46,700.65,1872827
2021-06-02 09:30:47,700.55,1873798
2021-06-02 09:30:48,700.8,1875330
2021-06-02 09:30:49,700.95,1883580
2021-06-02 09:30:50,700.8,1883838
2021-06-02 09:30:51,700.7,1885115
2021-06-02 09:30:51,701.0,1884715
2021-06-02 09:30:52,700.9,1886063
2021-06-02 09:30:53,701.25,1895574
2021-06-02 09:30:55,701.45,1896314
2021-06-02 09:30:56,701.25,1896679
2021-06-02 09:30:57,701.25,1899679
2021-06-02 09:30:58,701.25,1900681
2021-06-02 09:30:59,701.55,1902355
2021-06-02 09:30:59,701.45,1902555
2021-06-02 09:31:00,701.8,1904171
2021-06-02 09:31:01,701.8,1904577
2021-06-02 09:31:02,701.8,1904647
2021-06-02 09:31:04,701.35,1905446
2021-06-02 09:31:05,701.65,1908303
2021-06-02 09:31:06,701.45,1909659
2021-06-02 09:31:07,701.25,1909807
2021-06-02 09:31:08,701.2,1914611
2021-06-02 09:31:08,701.2,1914506
2021-06-02 09:31:09,701.0,1914634
2021-06-02 09:31:10,701.0,1917749
2021-06-02 09:31:11,701.0,1920360
2021-06-02 09:31:13,701.15,1922232
2021-06-02 09:31:14,701.45,1922704
2021-06-02 09:31:15,701.4,1922893
2021-06-02 09:31:16,701.15,1924105
2021-06-02 09:31:16,701.15,1924464
2021-06-02 09:31:17,701.15,1925091
2021-06-02 09:31:19,701.45,1925389
2021-06-02 09:31:20,701.35,1925935
2021-06-02 09:31:21,701.5,1927110
2021-06-02 09:31:22,701.6,1928719
2021-06-02 09:31:24,701.75,1930655
2021-06-02 09:31:25,701.75,1930721
2021-06-02 09:31:26,701.95,1931566
2021-06-02 09:31:26,701.95,1931566
2021-06-02 09:31:28,701.95,1931676
2021-06-02 09:31:29,701.7,1931709
2021-06-02 09:31:30,701.95,1932139
2021-06-02 09:31:31,702.0,1934158
2021-06-02 09:31:32,701.8,1934354
2021-06-02 09:31:32,701.75,1934356
2021-06-02 09:31:34,701.9,1937127
2021-06-02 09:31:35,702.2,1939229
2021-06-02 09:31:36,701.85,1944208
2021-06-02 09:31:37,701.8,1944928
2021-06-02 09:31:37,701.85,1944927
2021-06-02 09:31:38,702.0,1945206
2021-06-02 09:31:40,701.8,1945228
2021-06-02 09:31:41,701.85,1945378
2021-06-02 09:31:42,701.95,1946405
2021-06-02 09:31:43,702.0,1948106
2021-06-02 09:31:43,701.95,1948139
2021-06-02 09:31:45,701.95,1948216
2021-06-02 09:31:46,701.95,1948302
2021-06-02 09:31:47,701.9,1948531
2021-06-02 09:31:48,702.0,1949284
2021-06-02 09:31:49,702.0,1949400
2021-06-02 09:31:49,702.0,1949400
2021-06-02 09:31:51,702.0,1949598
2021-06-02 09:31:52,702.0,1949874
2021-06-02 09:31:53,701.95,1950209
2021-06-02 09:31:54,702.0,1950263
2021-06-02 09:31:55,702.0,1950379
2021-06-02 09:31:55,702.0,1950385
2021-06-02 09:31:56,701.95,1950477
2021-06-02 09:31:58,701.95,1950801
2021-06-02 09:31:59,702.0,1951823
2021-06-02 09:32:00,702.0,1952653
2021-06-02 09:32:01,702.0,1952680
2021-06-02 09:32:02,702.0,1953591
2021-06-02 09:32:03,701.85,1954395
2021-06-02 09:32:03,701.85,1954395
2021-06-02 09:32:05,702.0,1955820
2021-06-02 09:32:06,701.85,1958308
2021-06-02 09:32:07,702.1,1960169
2021-06-02 09:32:08,702.0,1961581
2021-06-02 09:32:08,702.0,1961738
2021-06-02 09:32:10,701.95,1961779
2021-06-02 09:32:11,702.0,1965832
2021-06-02 09:32:12,702.05,1965999
2021-06-02 09:32:13,702.0,1967029
2021-06-02 09:32:14,702.05,1967129
2021-06-02 09:32:15,702.0,1967404
2021-06-02 09:32:15,702.0,1967404
2021-06-02 09:32:17,702.1,1967798
2021-06-02 09:32:18,702.0,1967998
2021-06-02 09:32:19,702.1,1968309
2021-06-02 09:32:20,702.0,1969520
2021-06-02 09:32:21,702.1,1969911
2021-06-02 09:32:21,702.1,1969911
2021-06-02 09:32:22,702.1,1970750
2021-06-02 09:32:24,702.0,1970859
2021-06-02 09:32:25,702.1,1970886
2021-06-02 09:32:26,702.05,1971113
2021-06-02 09:32:27,702.0,1972067
2021-06-02 09:32:28,702.1,1972183
2021-06-02 09:32:28,702.1,1972256
2021-06-02 09:32:29,702.05,1987183
2021-06-02 09:32:31,701.75,1988853
2021-06-02 09:32:32,701.4,1991656
2021-06-02 09:32:33,701.3,1992311
2021-06-02 09:32:34,701.3,1992424
2021-06-02 09:32:35,701.3,1992524
2021-06-02 09:32:35,701.3,1992524
2021-06-02 09:32:36,701.3,1992824
2021-06-02 09:32:38,701.0,1993427
2021-06-02 09:32:39,701.3,1993479
2021-06-02 09:32:40,701.3,1994296
2021-06-02 09:32:41,701.1,1994436
2021-06-02 09:32:42,701.3,1996813
2021-06-02 09:32:42,701.3,1996803
2021-06-02 09:32:43,701.05,1996963
2021-06-02 09:32:47,701.4,1997301
2021-06-02 09:32:48,701.3,1997312
2021-06-02 09:32:49,701.4,1997363
2021-06-02 09:32:49,701.4,1997368
2021-06-02 09:32:50,701.3,1997513
2021-06-02 09:32:52,701.45,1998374
2021-06-02 09:32:53,701.4,1998404
2021-06-02 09:32:54,701.3,1998735
2021-06-02 09:32:55,701.3,1998788
2021-06-02 09:32:56,701.5,2004820
2021-06-02 09:32:56,701.6,2004870
2021-06-02 09:32:58,701.4,2005394
2021-06-02 09:32:59,701.3,2006095
2021-06-02 09:33:00,701.4,2006860
2021-06-02 09:33:01,701.5,2007039
2021-06-02 09:33:02,701.3,2007494
2021-06-02 09:33:03,701.5,2007906
2021-06-02 09:33:03,701.65,2007916
2021-06-02 09:33:04,701.75,2008063
2021-06-02 09:33:06,701.45,2020364
2021-06-02 09:33:07,701.85,2022346
2021-06-02 09:33:08,702.1,2028900
2021-06-02 09:33:09,702.1,2030069
2021-06-02 09:33:09,702.15,2030322
2021-06-02 09:33:10,702.15,2030503
2021-06-02 09:33:12,702.1,2030886
2021-06-02 09:33:13,702.2,2031051
2021-06-02 09:33:14,702.2,2031147
2021-06-02 09:33:15,702.35,2032681
2021-06-02 09:33:16,702.4,2033008
2021-06-02 09:33:16,702.4,2033008
2021-06-02 09:33:18,702.4,2034952
2021-06-02 09:33:19,702.45,2035062
2021-06-02 09:33:20,702.15,2035906
2021-06-02 09:33:21,702.4,2036809
2021-06-02 09:33:22,702.4,2037502
2021-06-02 09:33:22,702.4,2037591
2021-06-02 09:33:23,702.35,2037606
2021-06-02 09:33:25,702.4,2037649
2021-06-02 09:33:26,702.4,2037681
2021-06-02 09:33:27,702.1,2037848
2021-06-02 09:33:28,702.4,2038066
2021-06-02 09:33:30,702.35,2038803
2021-06-02 09:33:29,702.4,2038263
2021-06-02 09:33:31,702.15,2039504
2021-06-02 09:33:32,702.4,2039688
2021-06-02 09:33:33,702.4,2039699
2021-06-02 09:33:34,702.1,2045069
2021-06-02 09:33:35,702.1,2046071
2021-06-02 09:33:36,702.1,2046578
2021-06-02 09:33:37,702.1,2046629
2021-06-02 09:33:38,702.0,2048367
2021-06-02 09:33:39,701.95,2048737
2021-06-02 09:33:40,702.0,2049085
2021-06-02 09:33:41,702.0,2049299
2021-06-02 09:33:42,702.05,2049453
2021-06-02 09:33:45,702.0,2051865
2021-06-02 09:33:44,702.35,2051723
2021-06-02 09:33:46,702.35,2052054
2021-06-02 09:33:47,702.25,2054628
2021-06-02 09:33:48,702.4,2055191
2021-06-02 09:33:49,702.5,2056368
2021-06-02 09:33:50,702.15,2056857
2021-06-02 09:33:51,702.5,2057935
2021-06-02 09:33:54,702.5,2059531
2021-06-02 09:33:55,702.15,2059593
2021-06-02 09:33:56,702.3,2059923
2021-06-02 09:33:58,702.35,2060588
2021-06-02 09:33:57,702.35,2060496
2021-06-02 09:33:59,702.35,2060763
2021-06-02 09:34:00,701.95,2063694
2021-06-02 09:34:01,701.6,2064187
2021-06-02 09:34:02,702.05,2064532
2021-06-02 09:34:03,701.75,2065141
2021-06-02 09:34:04,701.75,2065576
2021-06-02 09:34:05,702.1,2065619
2021-06-02 09:34:06,702.0,2065947
2021-06-02 09:34:07,702.5,2068522
2021-06-02 09:34:08,702.15,2069172
2021-06-02 09:34:09,702.35,2074032
2021-06-02 09:34:10,702.2,2074877
2021-06-02 09:34:11,702.1,2075067
2021-06-02 09:34:12,702.1,2075168
2021-06-02 09:34:13,702.0,2075303
2021-06-02 09:34:14,702.0,2075803
2021-06-02 09:34:15,702.25,2075838
2021-06-02 09:34:16,702.25,2075878
2021-06-02 09:34:17,702.0,2076097
2021-06-02 09:34:19,702.25,2076970
2021-06-02 09:34:18,702.0,2076853
2021-06-02 09:34:20,702.2,2077092
2021-06-02 09:34:21,702.3,2078504
2021-06-02 09:34:22,702.3,2078635
2021-06-02 09:34:23,702.4,2078796
2021-06-02 09:34:24,702.25,2078871
2021-06-02 09:34:25,702.25,2078891
2021-06-02 09:34:26,702.15,2079627
2021-06-02 09:34:27,702.1,2080300
2021-06-02 09:34:28,702.45,2080366
2021-06-02 09:34:29,702.5,2080479
2021-06-02 09:34:30,702.2,2080627
2021-06-02 09:34:31,702.5,2080659
2021-06-02 09:34:32,702.65,2085083
2021-06-02 09:34:33,702.65,2085625
2021-06-02 09:34:34,702.55,2086193
2021-06-02 09:34:35,702.55,2088245
2021-06-02 09:34:36,702.45,2089123
2021-06-02 09:34:37,702.45,2089489
2021-06-02 09:34:38,702.55,2089520
2021-06-02 09:34:39,702.5,2089535
2021-06-02 09:34:40,702.5,2089634
2021-06-02 09:34:41,702.45,2089755
2021-06-02 09:34:42,702.65,2090262
2021-06-02 09:34:43,702.65,2090444
2021-06-02 09:34:44,702.5,2091628
2021-06-02 09:34:45,702.3,2092623
2021-06-02 09:34:46,702.4,2092710
2021-06-02 09:34:47,702.15,2094382
2021-06-02 09:34:48,702.2,2094712
2021-06-02 09:34:49,702.15,2095084
2021-06-02 09:34:51,702.4,2095373
2021-06-02 09:34:50,702.15,2095351
2021-06-02 09:34:52,702.15,2095383
2021-06-02 09:34:53,702.35,2095635
2021-06-02 09:34:54,702.35,2095716
2021-06-02 09:34:55,702.15,2096148
2021-06-02 09:34:56,702.35,2096231
2021-06-02 09:34:57,702.35,2096466
2021-06-02 09:34:58,702.35,2096499
2021-06-02 09:34:59,702.45,2096555
2021-06-02 09:35:00,702.5,2096662
2021-06-02 09:35:01,702.5,2096746
2021-06-02 09:35:02,702.35,2096848
2021-06-02 09:35:03,702.5,2097332
2021-06-02 09:35:04,702.5,2097417
2021-06-02 09:35:05,702.5,2097529
2021-06-02 09:35:06,702.5,2097956
2021-06-02 09:35:07,702.5,2098019
2021-06-02 09:35:08,702.35,2098331
2021-06-02 09:35:09,702.5,2098476
2021-06-02 09:35:10,702.5,2098497
2021-06-02 09:35:11,702.5,2098500
2021-06-02 09:35:12,702.35,2098816
2021-06-02 09:35:13,702.35,2098966
2021-06-02 09:35:14,702.5,2098976
2021-06-02 09:35:16,702.5,2099527
2021-06-02 09:35:17,702.55,2099784
2021-06-02 09:35:18,702.35,2100122
2021-06-02 09:35:19,702.6,2100340
2021-06-02 09:35:20,702.5,2100476
2021-06-02 09:35:21,702.5,2100513
2021-06-02 09:35:22,702.4,2101418
2021-06-02 09:35:23,702.5,2101768
2021-06-02 09:35:24,702.3,2102091
2021-06-02 09:35:25,702.55,2102217
2021-06-02 09:35:26,702.55,2103185
2021-06-02 09:35:27,702.5,2103326
2021-06-02 09:35:28,702.55,2103773
2021-06-02 09:35:29,702.45,2104009
2021-06-02 09:35:30,702.3,2104384
2021-06-02 09:35:31,702.45,2104489
2021-06-02 09:35:32,702.5,2104779
2021-06-02 09:35:33,702.55,2105083
2021-06-02 09:35:34,702.2,2105248
2021-06-02 09:35:35,702.4,2105375
2021-06-02 09:35:36,702.5,2105555
2021-06-02 09:35:38,702.3,2110208
2021-06-02 09:35:38,702.05,2108750
2021-06-02 09:35:39,702.3,2110441
2021-06-02 09:35:41,702.3,2111329
2021-06-02 09:35:41,702.35,2111420
2021-06-02 09:35:43,702.35,2111868
2021-06-02 09:35:44,702.35,2111905
2021-06-02 09:35:45,702.2,2112050
2021-06-02 09:35:46,702.2,2112144
2021-06-02 09:35:47,702.2,2112236
2021-06-02 09:35:48,702.45,2113466
2021-06-02 09:35:49,702.45,2113664
2021-06-02 09:35:50,702.2,2114195
2021-06-02 09:35:52,702.45,2116771
2021-06-02 09:35:52,702.45,2116794
2021-06-02 09:35:54,702.2,2117246
2021-06-02 09:35:55,702.15,2117769
2021-06-02 09:35:55,702.15,2117769
2021-06-02 09:35:56,702.35,2117928
2021-06-02 09:35:57,702.4,2117958
2021-06-02 09:35:58,702.4,2118121
2021-06-02 09:35:59,702.5,2118932
2021-06-02 09:36:00,702.4,2118962
2021-06-02 09:36:01,702.35,2119505
2021-06-02 09:36:02,702.35,2119641
2021-06-02 09:36:03,702.35,2119641
2021-06-02 09:36:04,702.35,2119642
2021-06-02 09:36:05,702.5,2119747
2021-06-02 09:36:06,702.3,2119807
2021-06-02 09:36:07,702.5,2127747
2021-06-02 09:36:08,702.55,2129572
2021-06-02 09:36:09,702.3,2130677
2021-06-02 09:36:10,702.2,2132087
2021-06-02 09:36:12,702.2,2137939
2021-06-02 09:36:13,702.0,2138965
2021-06-02 09:36:14,702.4,2139334
2021-06-02 09:36:14,702.45,2139626
2021-06-02 09:36:15,702.45,2139726
2021-06-02 09:36:16,702.45,2139757
2021-06-02 09:36:17,702.2,2139791
2021-06-02 09:36:18,702.35,2139826
2021-06-02 09:36:19,702.35,2139826
2021-06-02 09:36:20,702.35,2139836
2021-06-02 09:36:21,702.35,2139911
2021-06-02 09:36:23,702.3,2140189
2021-06-02 09:36:23,702.3,2140289
2021-06-02 09:36:24,702.2,2140915
2021-06-02 09:36:25,702.3,2141096
2021-06-02 09:36:26,702.35,2141386
2021-06-02 09:36:27,702.4,2141750
2021-06-02 09:36:28,702.4,2141810
2021-06-02 09:36:29,702.2,2142917
2021-06-02 09:36:31,702.4,2143324
2021-06-02 09:36:31,702.35,2143337
2021-06-02 09:36:32,702.2,2143794
2021-06-02 09:36:33,702.5,2144120
2021-06-02 09:36:34,702.5,2144341
2021-06-02 09:36:35,702.45,2144548
2021-06-02 09:36:37,702.45,2144642
2021-06-02 09:36:37,702.5,2144657
2021-06-02 09:36:38,702.4,2144889
2021-06-02 09:36:39,702.5,2144957
2021-06-02 09:36:40,702.45,2145036
2021-06-02 09:36:41,702.5,2145049
2021-06-02 09:36:42,702.5,2145080
2021-06-02 09:36:43,702.45,2145286
2021-06-02 09:36:45,702.55,2145772
2021-06-02 09:36:45,702.5,2145751
2021-06-02 09:36:47,702.5,2146013
2021-06-02 09:36:47,702.55,2146148
2021-06-02 09:36:49,702.55,2147424
2021-06-02 09:36:49,702.35,2147284
2021-06-02 09:36:50,702.55,2147448
2021-06-02 09:36:51,702.55,2147576
2021-06-02 09:36:52,702.6,2148028
2021-06-02 09:36:53,702.6,2148136
2021-06-02 09:36:54,702.6,2148232
2021-06-02 09:36:55,702.4,2148796
2021-06-02 09:36:56,702.7,2150316
2021-06-02 09:36:57,702.6,2150801
2021-06-02 09:37:00,702.6,2151461
2021-06-02 09:37:00,703.45,2164970
2021-06-02 09:37:02,703.3,2167663
2021-06-02 09:37:02,703.45,2168457
2021-06-02 09:37:03,703.35,2169424
2021-06-02 09:37:04,703.85,2170127
2021-06-02 09:37:05,703.5,2170773
2021-06-02 09:37:06,703.7,2172454
2021-06-02 09:37:07,703.9,2173107
2021-06-02 09:37:08,703.9,2173370
2021-06-02 09:37:09,703.7,2174519
2021-06-02 09:37:11,703.95,2174719
2021-06-02 09:37:11,703.95,2174802
2021-06-02 09:37:12,703.7,2176869
2021-06-02 09:37:13,703.7,2177549
2021-06-02 09:37:14,703.85,2178420
2021-06-02 09:37:15,703.85,2178530
2021-06-02 09:37:16,703.9,2178783
2021-06-02 09:37:18,703.95,2179269
2021-06-02 09:37:18,703.65,2179846
2021-06-02 09:37:19,703.65,2181003
2021-06-02 09:37:20,703.7,2181220
2021-06-02 09:37:21,703.7,2181286
2021-06-02 09:37:22,703.85,2181488
2021-06-02 09:37:24,703.65,2183416
2021-06-02 09:37:24,703.85,2182258
2021-06-02 09:37:25,703.85,2185101
2021-06-02 09:37:26,703.6,2186034
2021-06-02 09:37:27,703.85,2186180
2021-06-02 09:37:28,703.85,2186257
2021-06-02 09:37:29,703.8,2186573
2021-06-02 09:37:30,703.8,2186694
2021-06-02 09:37:32,703.7,2188571
2021-06-02 09:37:33,703.8,2189207
2021-06-02 09:37:34,703.8,2189529
2021-06-02 09:37:35,703.9,2190185
2021-06-02 09:37:36,704.0,2191185
2021-06-02 09:37:38,704.0,2191665
2021-06-02 09:37:38,703.7,2191959
2021-06-02 09:37:39,703.95,2192171
2021-06-02 09:37:40,703.65,2192646
2021-06-02 09:37:41,703.7,2193528
2021-06-02 09:37:43,704.0,2193794
2021-06-02 09:37:44,704.0,2194157
2021-06-02 09:37:44,704.0,2194720
2021-06-02 09:37:45,703.85,2195038
2021-06-02 09:37:46,704.0,2195308
2021-06-02 09:37:48,704.0,2207294
2021-06-02 09:37:49,704.05,2210564
2021-06-02 09:37:49,704.35,2210790
2021-06-02 09:37:50,704.3,2211449
2021-06-02 09:37:51,704.45,2212033
2021-06-02 09:37:52,704.05,2212994
2021-06-02 09:37:54,704.4,2213260
2021-06-02 09:37:55,704.45,2214154
2021-06-02 09:37:55,704.1,2213594
2021-06-02 09:37:57,704.1,2214580
2021-06-02 09:37:58,704.5,2215462
2021-06-02 09:37:59,704.4,2215780
2021-06-02 09:38:00,704.2,2216403
2021-06-02 09:38:02,704.2,2217392
2021-06-02 09:38:03,704.45,2219354
2021-06-02 09:38:03,704.2,2218932
2021-06-02 09:38:04,704.5,2220544
2021-06-02 09:38:05,704.5,2220863
2021-06-02 09:38:07,704.45,2223745
2021-06-02 09:38:08,704.1,2225616
2021-06-02 09:38:08,704.05,2225956
2021-06-02 09:38:09,704.05,2236647
2021-06-02 09:38:10,703.8,2238917
2021-06-02 09:38:11,704.1,2239367
2021-06-02 09:38:13,704.1,2240625
2021-06-02 09:38:14,704.1,2240872
2021-06-02 09:38:15,703.8,2242277
2021-06-02 09:38:15,703.8,2242620
2021-06-02 09:38:16,703.85,2243076
2021-06-02 09:38:17,704.0,2243225
2021-06-02 09:38:18,704.05,2243501
2021-06-02 09:38:20,704.0,2244039
2021-06-02 09:38:21,703.85,2244244
2021-06-02 09:38:22,704.05,2244295
2021-06-02 09:38:22,704.05,2244302
2021-06-02 09:38:23,703.9,2244438
2021-06-02 09:38:24,704.1,2247740
2021-06-02 09:38:26,704.4,2248735
2021-06-02 09:38:27,704.5,2257154
2021-06-02 09:38:27,704.55,2258950
2021-06-02 09:38:28,704.3,2259535
2021-06-02 09:38:29,704.25,2260038
2021-06-02 09:38:30,704.25,2260933
2021-06-02 09:38:31,704.15,2261477
2021-06-02 09:38:33,704.15,2262342
2021-06-02 09:38:34,704.25,2262665
2021-06-02 09:38:34,704.4,2262692
2021-06-02 09:38:35,704.1,2265411
2021-06-02 09:38:36,704.25,2266274
2021-06-02 09:38:37,704.15,2269090
2021-06-02 09:38:38,704.2,2269494
2021-06-02 09:38:40,704.1,2270372
2021-06-02 09:38:41,704.3,2270663
2021-06-02 09:38:42,704.1,2270761
2021-06-02 09:38:43,704.25,2270979
2021-06-02 09:38:43,704.25,2271092
2021-06-02 09:38:44,704.1,2271231
2021-06-02 09:38:45,704.1,2271374
2021-06-02 09:38:47,704.0,2271621
2021-06-02 09:38:48,704.25,2271665
2021-06-02 09:38:49,704.25,2271866
2021-06-02 09:38:49,704.25,2271866
2021-06-02 09:38:50,703.95,2272327
2021-06-02 09:38:51,704.25,2272506
2021-06-02 09:38:53,704.25,2272990
2021-06-02 09:38:54,704.0,2273140
2021-06-02 09:38:55,703.9,2273382
2021-06-02 09:38:56,704.0,2273521
2021-06-02 09:38:56,704.0,2273545
2021-06-02 09:38:57,704.25,2274569
2021-06-02 09:38:58,704.0,2274585
2021-06-02 09:38:59,704.0,2275321
2021-06-02 09:39:01,704.0,2275776
2021-06-02 09:39:02,704.15,2279493
2021-06-02 09:39:02,704.15,2278936
2021-06-02 09:39:03,703.85,2284089
2021-06-02 09:39:04,703.8,2286649
2021-06-02 09:39:06,703.8,2287336
2021-06-02 09:39:07,703.7,2289199
2021-06-02 09:39:07,703.7,2289680
2021-06-02 09:39:08,703.9,2289910
2021-06-02 09:39:09,703.7,2289964
2021-06-02 09:39:10,703.65,2292375
2021-06-02 09:39:11,703.65,2293026
2021-06-02 09:39:12,703.7,2293331
2021-06-02 09:39:13,703.9,2293486
2021-06-02 09:39:14,703.65,2293750
2021-06-02 09:39:15,703.65,2294776
2021-06-02 09:39:16,703.65,2295588
2021-06-02 09:39:18,703.65,2296291
2021-06-02 09:39:20,703.5,2296798
2021-06-02 09:39:21,703.5,2297180
2021-06-02 09:39:21,703.65,2297322
2021-06-02 09:39:22,703.5,2297597
2021-06-02 09:39:23,703.5,2297876
2021-06-02 09:39:25,703.5,2299013
2021-06-02 09:39:26,703.5,2299013
2021-06-02 09:39:27,703.7,2299038
2021-06-02 09:39:28,703.6,2299040
2021-06-02 09:39:28,703.6,2299260
2021-06-02 09:39:29,703.5,2299304
2021-06-02 09:39:30,703.6,2299769
2021-06-02 09:39:31,703.5,2299816
2021-06-02 09:39:32,703.5,2300189
2021-06-02 09:39:33,703.6,2300209
2021-06-02 09:39:34,703.5,2300409
2021-06-02 09:39:36,703.4,2302762
2021-06-02 09:39:38,703.4,2303572
2021-06-02 09:39:38,703.7,2303956
2021-06-02 09:39:40,703.7,2305856
2021-06-02 09:39:41,703.7,2306166
2021-06-02 09:39:43,703.45,2306341
2021-06-02 09:39:44,703.7,2306361
2021-06-02 09:39:45,703.5,2306696
2021-06-02 09:39:46,703.7,2306880
2021-06-02 09:39:47,703.5,2307013
2021-06-02 09:39:48,703.45,2307233
2021-06-02 09:39:49,703.7,2307266
2021-06-02 09:39:50,703.7,2307266
2021-06-02 09:39:51,703.5,2307717
2021-06-02 09:39:52,703.65,2308628
2021-06-02 09:39:53,703.75,2310515
2021-06-02 09:39:54,703.45,2311079
2021-06-02 09:39:55,703.7,2311710
2021-06-02 09:39:56,703.65,2312183
2021-06-02 09:39:57,703.65,2312267
2021-06-02 09:39:58,703.65,2312947
2021-06-02 09:39:59,703.65,2313232
2021-06-02 09:40:00,703.45,2313577
2021-06-02 09:40:01,703.45,2313824
2021-06-02 09:40:02,703.5,2313958
2021-06-02 09:40:03,703.5,2314207
2021-06-02 09:40:03,703.6,2314274
2021-06-02 09:40:04,703.65,2314482
2021-06-02 09:40:05,703.7,2315422
2021-06-02 09:40:07,703.7,2316222
2021-06-02 09:40:08,703.65,2316673
2021-06-02 09:40:09,703.75,2320867
2021-06-02 09:40:10,703.75,2322576
2021-06-02 09:40:11,703.85,2322836
2021-06-02 09:40:11,703.75,2323387
2021-06-02 09:40:12,703.9,2323983
2021-06-02 09:40:14,703.75,2325476
2021-06-02 09:40:15,703.65,2325758
2021-06-02 09:40:16,704.0,2326813
2021-06-02 09:40:17,704.0,2327005
2021-06-02 09:40:18,703.7,2327194
2021-06-02 09:40:19,704.0,2328245
2021-06-02 09:40:20,704.0,2329437
2021-06-02 09:40:21,704.0,2329912
2021-06-02 09:40:22,703.85,2330088
2021-06-02 09:40:23,704.0,2330694
2021-06-02 09:40:24,704.0,2330786
2021-06-02 09:40:25,704.0,2331871
2021-06-02 09:40:26,704.0,2332223
2021-06-02 09:40:27,704.0,2335649
2021-06-02 09:40:28,704.2,2336879
2021-06-02 09:40:29,703.95,2338904
2021-06-02 09:40:29,704.2,2339430
2021-06-02 09:40:30,704.25,2339827
2021-06-02 09:40:31,704.0,2340000
2021-06-02 09:40:32,704.05,2340236
2021-06-02 09:40:33,704.25,2340981
2021-06-02 09:40:34,704.05,2341120
2021-06-02 09:40:35,704.3,2342747
2021-06-02 09:40:36,704.25,2343965
2021-06-02 09:40:37,704.15,2344143
2021-06-02 09:40:38,704.15,2344553
2021-06-02 09:40:39,704.45,2344869
2021-06-02 09:40:41,704.5,2345670
2021-06-02 09:40:42,704.25,2346171
2021-06-02 09:40:43,704.45,2346281
2021-06-02 09:40:44,704.5,2346721
2021-06-02 09:40:45,704.5,2347889
2021-06-02 09:40:45,704.25,2347829
2021-06-02 09:40:46,704.5,2348469
2021-06-02 09:40:47,704.5,2349472
2021-06-02 09:40:48,704.5,2349583
2021-06-02 09:40:49,704.5,2349870
2021-06-02 09:40:51,704.45,2349885
2021-06-02 09:40:52,704.45,2350138
2021-06-02 09:40:53,704.35,2350458
2021-06-02 09:40:54,704.35,2351014
2021-06-02 09:40:55,704.5,2351479
2021-06-02 09:40:56,704.25,2356726
2021-06-02 09:40:57,704.25,2357573
2021-06-02 09:40:58,704.3,2357593
2021-06-02 09:40:58,704.3,2357593
2021-06-02 09:40:59,704.25,2357972
2021-06-02 09:41:00,704.4,2358114
2021-06-02 09:41:01,704.35,2358834
2021-06-02 09:41:02,704.45,2360730
2021-06-02 09:41:04,704.45,2360750
2021-06-02 09:41:05,704.45,2360866
2021-06-02 09:41:06,704.3,2361327
2021-06-02 09:41:07,704.45,2361751
2021-06-02 09:41:08,704.25,2362107
2021-06-02 09:41:09,704.4,2362467
2021-06-02 09:41:10,704.5,2362766
2021-06-02 09:41:11,704.5,2362871
2021-06-02 09:41:12,704.5,2363005
2021-06-02 09:41:13,704.45,2363532
2021-06-02 09:41:13,704.4,2364277
2021-06-02 09:41:14,704.3,2364316
2021-06-02 09:41:16,704.4,2364482
2021-06-02 09:41:17,704.4,2364593
2021-06-02 09:41:18,704.25,2365623
2021-06-02 09:41:19,704.25,2366898
2021-06-02 09:41:19,704.5,2366888
2021-06-02 09:41:20,704.5,2366963
2021-06-02 09:41:21,704.25,2367535
2021-06-02 09:41:22,704.25,2367535
2021-06-02 09:41:24,704.5,2367886
2021-06-02 09:41:25,704.3,2367936
2021-06-02 09:41:26,704.3,2368410
2021-06-02 09:41:27,704.4,2368564
2021-06-02 09:41:28,704.4,2368664
2021-06-02 09:41:28,704.3,2368718
2021-06-02 09:41:30,704.3,2370158
2021-06-02 09:41:31,704.45,2371093
2021-06-02 09:41:32,704.25,2371464
2021-06-02 09:41:33,704.25,2371624
2021-06-02 09:41:33,704.25,2371624
2021-06-02 09:41:34,704.25,2371654
2021-06-02 09:41:35,704.25,2371983
2021-06-02 09:41:36,704.25,2373278
2021-06-02 09:41:38,704.25,2374113
2021-06-02 09:41:39,704.15,2374352
2021-06-02 09:41:40,704.25,2374872
2021-06-02 09:41:41,704.15,2375011
2021-06-02 09:41:42,704.05,2375521
2021-06-02 09:41:43,704.05,2375747
2021-06-02 09:41:43,704.05,2375747
2021-06-02 09:41:44,704.15,2375879
2021-06-02 09:41:45,704.0,2376263
2021-06-02 09:41:46,704.0,2376488
2021-06-02 09:41:47,704.0,2377040
2021-06-02 09:41:49,704.0,2377700
2021-06-02 09:41:49,704.15,2378201
2021-06-02 09:41:50,704.15,2378795
2021-06-02 09:41:51,704.15,2378943
2021-06-02 09:41:53,704.15,2380103
2021-06-02 09:41:54,704.2,2380293
2021-06-02 09:41:55,704.2,2380373
2021-06-02 09:41:56,704.2,2380373
2021-06-02 09:41:57,704.25,2380832
2021-06-02 09:41:58,704.1,2381041
2021-06-02 09:41:58,704.25,2381542
2021-06-02 09:41:59,704.2,2382542
2021-06-02 09:42:00,704.0,2382567
2021-06-02 09:42:01,704.0,2382856
2021-06-02 09:42:02,704.0,2383536
2021-06-02 09:42:03,704.15,2383551
2021-06-02 09:42:05,704.15,2384104
2021-06-02 09:42:06,704.05,2387861
2021-06-02 09:42:07,703.75,2389646
2021-06-02 09:42:08,704.0,2394446
2021-06-02 09:42:10,703.85,2394669
2021-06-02 09:42:11,703.5,2396413
2021-06-02 09:42:12,703.7,2397311
2021-06-02 09:42:13,703.7,2397312
2021-06-02 09:42:14,703.5,2397409
2021-06-02 09:42:15,703.7,2397418
2021-06-02 09:42:16,703.7,2397846
2021-06-02 09:42:17,703.2,2400187
2021-06-02 09:42:18,703.0,2402362
2021-06-02 09:42:19,703.35,2406510
2021-06-02 09:42:22,703.35,2408413
2021-06-02 09:42:23,703.1,2408439
2021-06-02 09:42:24,702.9,2408511
2021-06-02 09:42:25,703.0,2408744
2021-06-02 09:42:26,703.05,2408764
2021-06-02 09:42:27,702.6,2412947
2021-06-02 09:42:28,702.4,2413813
2021-06-02 09:42:29,702.65,2414030
2021-06-02 09:42:30,702.4,2414462
2021-06-02 09:42:31,702.7,2414653
2021-06-02 09:42:32,702.5,2414721
2021-06-02 09:42:33,702.4,2415212
2021-06-02 09:42:34,702.65,2415216
2021-06-02 09:42:35,702.65,2415331
2021-06-02 09:42:36,702.6,2415471
2021-06-02 09:42:37,702.3,2415591
2021-06-02 09:42:38,702.4,2415963
2021-06-02 09:42:39,702.45,2415971
2021-06-02 09:42:40,702.6,2416411
2021-06-02 09:42:41,702.15,2417762
2021-06-02 09:42:42,702.55,2417877
2021-06-02 09:42:42,702.3,2417887
2021-06-02 09:42:43,702.5,2418097
2021-06-02 09:42:45,701.5,2429740
2021-06-02 09:42:46,701.95,2432310
2021-06-02 09:42:47,701.5,2435785
2021-06-02 09:42:48,701.7,2435795
2021-06-02 09:42:49,701.35,2436902
2021-06-02 09:42:50,701.25,2437405
2021-06-02 09:42:50,701.25,2437705
2021-06-02 09:42:51,701.6,2437990
2021-06-02 09:42:52,701.45,2438069
2021-06-02 09:42:53,701.6,2438129
2021-06-02 09:42:54,701.6,2438449
2021-06-02 09:42:55,701.45,2438456
2021-06-02 09:42:56,701.3,2439229
2021-06-02 09:42:57,701.65,2439289
2021-06-02 09:42:58,701.65,2440472
2021-06-02 09:43:00,702.0,2445482
2021-06-02 09:43:01,701.8,2445961
2021-06-02 09:43:02,701.5,2446011
2021-06-02 09:43:03,701.8,2446328
2021-06-02 09:43:04,701.8,2446433
2021-06-02 09:43:05,701.8,2446737
2021-06-02 09:43:05,701.65,2449532
2021-06-02 09:43:07,701.45,2449583
2021-06-02 09:43:08,701.75,2450091
2021-06-02 09:43:09,701.6,2450196
2021-06-02 09:43:10,701.6,2450208
2021-06-02 09:43:11,701.55,2450815
2021-06-02 09:43:12,701.7,2452851
2021-06-02 09:43:13,701.6,2453157
2021-06-02 09:43:14,701.7,2454647
2021-06-02 09:43:15,701.5,2454878
2021-06-02 09:43:16,701.6,2455304
2021-06-02 09:43:16,701.6,2455344
2021-06-02 09:43:17,701.55,2456619
2021-06-02 09:43:19,701.6,2456729
2021-06-02 09:43:20,701.5,2456880
2021-06-02 09:43:21,701.5,2457730
2021-06-02 09:43:22,701.6,2458236
2021-06-02 09:43:23,701.5,2458241
2021-06-02 09:43:24,701.7,2458341
2021-06-02 09:43:25,701.5,2458391
2021-06-02 09:43:26,701.55,2458621
2021-06-02 09:43:27,701.55,2458621
2021-06-02 09:43:28,701.7,2458842
2021-06-02 09:43:29,701.8,2461842
2021-06-02 09:43:30,701.7,2462042
2021-06-02 09:43:31,701.8,2462099
2021-06-02 09:43:32,701.75,2462494
2021-06-02 09:43:32,701.75,2462494
2021-06-02 09:43:33,701.8,2462594
2021-06-02 09:43:34,701.8,2462794
2021-06-02 09:43:36,701.7,2463417
2021-06-02 09:43:37,701.5,2471873
2021-06-02 09:43:38,701.0,2478683
2021-06-02 09:43:39,701.05,2479835
2021-06-02 09:43:40,701.05,2480414
2021-06-02 09:43:41,701.05,2480434
2021-06-02 09:43:42,701.4,2480786
2021-06-02 09:43:43,701.25,2480954
2021-06-02 09:43:44,701.05,2481023
2021-06-02 09:43:45,701.05,2481752
2021-06-02 09:43:46,701.15,2482363
2021-06-02 09:43:47,701.4,2483528
2021-06-02 09:43:49,701.05,2483638
2021-06-02 09:43:49,701.4,2484638
2021-06-02 09:43:50,701.4,2484702
2021-06-02 09:43:51,701.25,2484747
2021-06-02 09:43:53,701.4,2485282
2021-06-02 09:43:54,701.6,2489411
2021-06-02 09:43:55,701.45,2489461
2021-06-02 09:43:55,701.45,2489461
2021-06-02 09:43:56,701.45,2489461
2021-06-02 09:43:58,701.4,2489503
2021-06-02 09:43:59,701.7,2490524
2021-06-02 09:44:00,701.4,2490747
2021-06-02 09:44:01,701.45,2490962
2021-06-02 09:44:02,701.5,2490987
2021-06-02 09:44:03,701.5,2491812
2021-06-02 09:44:04,701.5,2495317
2021-06-02 09:44:05,701.75,2495320
2021-06-02 09:44:06,701.4,2495369
2021-06-02 09:44:07,701.5,2495783
2021-06-02 09:44:08,701.5,2495783
2021-06-02 09:44:09,701.75,2495869
2021-06-02 09:44:10,701.5,2495880
2021-06-02 09:44:11,701.5,2495888
2021-06-02 09:44:12,701.5,2495908
2021-06-02 09:44:13,701.5,2496218
2021-06-02 09:44:14,701.5,2497621
2021-06-02 09:44:15,701.35,2498935
2021-06-02 09:44:16,701.35,2499749
2021-06-02 09:44:17,701.3,2500379
2021-06-02 09:44:18,701.4,2501410
2021-06-02 09:44:19,701.4,2501734
2021-06-02 09:44:20,701.5,2502584
2021-06-02 09:44:21,701.3,2503766
2021-06-02 09:44:22,701.3,2503766
2021-06-02 09:44:23,701.3,2503766
2021-06-02 09:44:24,701.4,2503830
2021-06-02 09:44:25,701.4,2503883
2021-06-02 09:44:26,701.4,2505336
2021-06-02 09:44:27,701.3,2507011
2021-06-02 09:44:28,701.4,2507029
2021-06-02 09:44:29,701.3,2507569
2021-06-02 09:44:30,701.4,2508169
2021-06-02 09:44:31,701.4,2508546
2021-06-02 09:44:32,701.4,2508710
2021-06-02 09:44:33,701.4,2508799
2021-06-02 09:44:34,701.4,2508924
2021-06-02 09:44:35,701.4,2511082
2021-06-02 09:44:36,701.5,2511169
2021-06-02 09:44:37,701.4,2512592
2021-06-02 09:44:38,701.5,2512723
2021-06-02 09:44:39,701.5,2512723
2021-06-02 09:44:40,701.4,2512922
2021-06-02 09:44:41,701.45,2514711
2021-06-02 09:44:42,701.5,2514885
2021-06-02 09:44:43,701.5,2514896
2021-06-02 09:44:45,701.5,2514996
2021-06-02 09:44:44,701.5,2514996
2021-06-02 09:44:46,701.5,2514996
2021-06-02 09:44:47,701.45,2515629
2021-06-02 09:44:48,701.4,2515856
2021-06-02 09:44:49,701.45,2515932
2021-06-02 09:44:50,701.45,2516107
2021-06-02 09:44:51,701.4,2516116
2021-06-02 09:44:52,701.4,2516150
2021-06-02 09:44:53,701.4,2516536
2021-06-02 09:44:54,701.45,2517241
2021-06-02 09:44:55,701.4,2517264
2021-06-02 09:44:56,701.35,2518179
2021-06-02 09:44:57,701.4,2518414
2021-06-02 09:44:58,701.0,2527817
2021-06-02 09:44:59,701.0,2528379
2021-06-02 09:45:00,700.95,2544856
2021-06-02 09:45:01,700.35,2592290
2021-06-02 09:45:02,700.3,2592659
2021-06-02 09:45:03,700.0,2592759
2021-06-02 09:45:04,700.4,2602965
2021-06-02 09:45:05,700.2,2603480
2021-06-02 09:45:06,700.15,2604857
2021-06-02 09:45:07,700.05,2604955
2021-06-02 09:45:08,700.3,2606034
2021-06-02 09:45:09,700.2,2606652
2021-06-02 09:45:10,700.35,2607586
2021-06-02 09:45:11,700.2,2609113
2021-06-02 09:45:12,699.85,2613897
2021-06-02 09:45:13,699.95,2614685
2021-06-02 09:45:14,699.6,2615262
2021-06-02 09:45:15,699.65,2615748
2021-06-02 09:45:16,699.65,2615879
2021-06-02 09:45:17,699.8,2617729
2021-06-02 09:45:18,699.95,2620808
2021-06-02 09:45:19,699.85,2625125
2021-06-02 09:45:20,700.0,2630879
2021-06-02 09:45:21,700.4,2632451
2021-06-02 09:45:22,700.0,2632951
2021-06-02 09:45:23,700.3,2633212
2021-06-02 09:45:24,700.2,2633712
2021-06-02 09:45:25,700.8,2635353
2021-06-02 09:45:26,700.5,2635478
2021-06-02 09:45:27,700.8,2635488
2021-06-02 09:45:28,700.3,2637019
2021-06-02 09:45:29,700.3,2637019
2021-06-02 09:45:30,700.3,2637292
2021-06-02 09:45:31,700.5,2637357
2021-06-02 09:45:32,700.5,2637510
2021-06-02 09:45:33,700.5,2637849
2021-06-02 09:45:34,700.8,2637853
2021-06-02 09:45:35,700.8,2645226
2021-06-02 09:45:36,700.75,2645726
2021-06-02 09:45:38,700.95,2646953
2021-06-02 09:45:37,700.95,2646953
2021-06-02 09:45:39,700.65,2651313
2021-06-02 09:45:40,700.65,2651378
2021-06-02 09:45:41,700.45,2651403
2021-06-02 09:45:42,700.45,2652976
2021-06-02 09:45:43,700.7,2653164
2021-06-02 09:45:44,700.6,2653185
2021-06-02 09:45:45,700.6,2653210
2021-06-02 09:45:46,700.8,2653291
2021-06-02 09:45:47,700.8,2653791
2021-06-02 09:45:48,700.5,2654392
2021-06-02 09:45:49,700.65,2655787
2021-06-02 09:45:50,700.7,2656792
2021-06-02 09:45:51,700.7,2657172
2021-06-02 09:45:52,700.7,2657185
2021-06-02 09:45:53,700.5,2657755
2021-06-02 09:45:54,700.5,2658967
2021-06-02 09:45:55,700.4,2659088
2021-06-02 09:45:56,700.4,2659195
2021-06-02 09:45:57,700.4,2659196
2021-06-02 09:45:58,700.45,2659238
2021-06-02 09:45:59,700.15,2659263
2021-06-02 09:46:00,700.45,2659264
2021-06-02 09:46:01,700.45,2659364
2021-06-02 09:46:02,700.05,2659781
2021-06-02 09:46:03,700.2,2661346
2021-06-02 09:46:04,700.15,2661801
2021-06-02 09:46:05,700.45,2662106
2021-06-02 09:46:06,700.2,2663301
2021-06-02 09:46:08,700.3,2664671
2021-06-02 09:46:09,700.6,2665083
2021-06-02 09:46:10,700.5,2665403
2021-06-02 09:46:11,700.5,2665403
2021-06-02 09:46:12,700.4,2665430
2021-06-02 09:46:13,700.2,2665983
2021-06-02 09:46:14,700.2,2666109
2021-06-02 09:46:15,700.25,2666846
2021-06-02 09:46:16,700.25,2668692
2021-06-02 09:46:17,700.25,2668743
2021-06-02 09:46:18,700.3,2668773
2021-06-02 09:46:20,700.6,2668949
2021-06-02 09:46:20,700.6,2668949
2021-06-02 09:46:21,700.25,2669243
2021-06-02 09:46:22,700.5,2669973
2021-06-02 09:46:23,700.2,2670429
2021-06-02 09:46:24,700.5,2670439
2021-06-02 09:46:25,700.2,2670472
2021-06-02 09:46:26,700.3,2670543
2021-06-02 09:46:27,700.25,2670723
2021-06-02 09:46:28,700.3,2671887
2021-06-02 09:46:29,700.3,2672088
2021-06-02 09:46:30,700.3,2672213
2021-06-02 09:46:31,700.3,2672756
2021-06-02 09:46:32,700.25,2673719
2021-06-02 09:46:33,700.15,2677395
2021-06-02 09:46:34,700.3,2677731
2021-06-02 09:46:35,700.25,2677884
2021-06-02 09:46:37,700.25,2677884
2021-06-02 09:46:37,700.25,2677884
2021-06-02 09:46:38,700.2,2677927
2021-06-02 09:46:39,700.15,2678177
2021-06-02 09:46:40,700.2,2680394
2021-06-02 09:46:41,700.2,2680577
2021-06-02 09:46:43,700.3,2680792
2021-06-02 09:46:43,700.3,2680792
2021-06-02 09:46:44,700.3,2681317
2021-06-02 09:46:45,700.3,2681436
2021-06-02 09:46:46,700.45,2681996
2021-06-02 09:46:47,700.25,2682007
2021-06-02 09:46:48,700.45,2689253
2021-06-02 09:46:49,700.45,2689253
2021-06-02 09:46:50,700.45,2689255
2021-06-02 09:46:52,700.65,2689575
2021-06-02 09:46:52,700.65,2689575
2021-06-02 09:46:53,700.45,2689888
2021-06-02 09:46:54,700.45,2690194
2021-06-02 09:46:55,700.65,2690389
2021-06-02 09:46:56,700.55,2690407
2021-06-02 09:46:58,700.55,2690552
2021-06-02 09:46:58,700.55,2690552
2021-06-02 09:46:59,700.5,2690757
2021-06-02 09:47:00,700.9,2691073
2021-06-02 09:47:01,701.0,2691097
2021-06-02 09:47:02,700.8,2691322
2021-06-02 09:47:03,701.0,2691832
2021-06-02 09:47:04,701.0,2692262
2021-06-02 09:47:06,700.85,2693920
2021-06-02 09:47:06,700.85,2693940
2021-06-02 09:47:07,701.0,2695547
2021-06-02 09:47:08,701.35,2695926
2021-06-02 09:47:09,701.45,2696576
2021-06-02 09:47:10,701.1,2696595
2021-06-02 09:47:13,701.45,2697065
2021-06-02 09:47:14,701.5,2697165
2021-06-02 09:47:15,701.55,2698365
2021-06-02 09:47:15,701.25,2698367
2021-06-02 09:47:16,701.55,2699008
2021-06-02 09:47:17,701.25,2699054
2021-06-02 09:47:18,701.25,2699055
2021-06-02 09:47:19,701.55,2699110
2021-06-02 09:47:20,701.55,2699225
2021-06-02 09:47:21,701.55,2699331
2021-06-02 09:47:22,701.55,2699431
2021-06-02 09:47:23,701.7,2700111
2021-06-02 09:47:25,701.7,2700116
2021-06-02 09:47:25,701.7,2700116
2021-06-02 09:47:26,701.7,2700452
2021-06-02 09:47:27,701.55,2703186
2021-06-02 09:47:28,701.45,2704541
2021-06-02 09:47:29,701.4,2705101
2021-06-02 09:47:31,701.3,2705327
2021-06-02 09:47:32,701.3,2709057
2021-06-02 09:47:32,701.3,2709057
2021-06-02 09:47:33,701.25,2709189
2021-06-02 09:47:34,701.25,2709239
2021-06-02 09:47:35,701.3,2709607
2021-06-02 09:47:36,701.35,2709858
2021-06-02 09:47:37,701.3,2709874
2021-06-02 09:47:38,701.3,2710040
2021-06-02 09:47:39,701.3,2710121
2021-06-02 09:47:41,701.3,2711196
2021-06-02 09:47:41,701.3,2711196
2021-06-02 09:47:42,701.3,2711196
2021-06-02 09:47:43,701.25,2711443
2021-06-02 09:47:44,701.45,2712084
2021-06-02 09:47:45,701.45,2712109
2021-06-02 09:47:47,701.6,2715314
2021-06-02 09:47:47,701.55,2712586
2021-06-02 09:47:48,701.5,2715430
2021-06-02 09:47:49,701.6,2715535
2021-06-02 09:47:50,701.55,2716100
2021-06-02 09:47:51,701.45,2717355
2021-06-02 09:47:52,701.45,2717377
2021-06-02 09:47:53,701.45,2717377
2021-06-02 09:47:54,701.6,2717944
2021-06-02 09:47:56,701.45,2718120
2021-06-02 09:47:57,701.6,2718673
2021-06-02 09:47:58,701.45,2718708
2021-06-02 09:47:58,701.45,2718708
2021-06-02 09:47:59,701.6,2719098
2021-06-02 09:48:00,701.5,2719213
2021-06-02 09:48:01,701.4,2719232
2021-06-02 09:48:02,701.6,2719674
2021-06-02 09:48:03,701.45,2719685
2021-06-02 09:48:04,701.6,2720135
2021-06-02 09:48:06,701.6,2720135
2021-06-02 09:48:07,701.6,2720772
2021-06-02 09:48:07,701.6,2720772
2021-06-02 09:48:09,701.3,2723395
2021-06-02 09:48:09,701.45,2723995
2021-06-02 09:48:10,701.45,2724512
2021-06-02 09:48:11,701.45,2724610
2021-06-02 09:48:12,701.55,2724814
2021-06-02 09:48:13,701.6,2724891
2021-06-02 09:48:14,701.6,2724917
2021-06-02 09:48:16,701.6,2725017
2021-06-02 09:48:17,701.6,2725017
2021-06-02 09:48:17,701.6,2725017
2021-06-02 09:48:18,701.35,2725392
2021-06-02 09:48:19,701.35,2725392
2021-06-02 09:48:20,701.5,2725419
2021-06-02 09:48:21,701.5,2725468
2021-06-02 09:48:22,701.5,2725468
2021-06-02 09:48:23,701.6,2725574
2021-06-02 09:48:24,701.6,2725574
2021-06-02 09:48:25,701.6,2725605
2021-06-02 09:48:27,701.6,2725605
2021-06-02 09:48:28,701.6,2727142
2021-06-02 09:48:28,701.6,2727142
2021-06-02 09:48:29,701.9,2727167
2021-06-02 09:48:30,701.75,2727169
2021-06-02 09:48:31,701.5,2727469
2021-06-02 09:48:32,701.6,2727508
2021-06-02 09:48:33,701.6,2727813
2021-06-02 09:48:34,701.75,2727873
2021-06-02 09:48:35,701.75,2727873
2021-06-02 09:48:36,701.6,2727954
2021-06-02 09:48:37,701.6,2727954
2021-06-02 09:48:38,701.75,2728184
2021-06-02 09:48:39,701.85,2728783
2021-06-02 09:48:40,701.85,2728822
2021-06-02 09:48:42,701.9,2728892
2021-06-02 09:48:43,702.0,2730900
2021-06-02 09:48:44,702.0,2731420
2021-06-02 09:48:44,702.0,2731518
2021-06-02 09:48:45,701.8,2731696
2021-06-02 09:48:46,702.0,2731723
2021-06-02 09:48:47,702.0,2733064
2021-06-02 09:48:48,702.25,2735134
2021-06-02 09:48:49,702.15,2735275
2021-06-02 09:48:51,702.15,2735360
2021-06-02 09:48:52,702.15,2735425
2021-06-02 09:48:53,702.2,2735717
2021-06-02 09:48:54,702.2,2735717
2021-06-02 09:48:55,702.6,2735809
2021-06-02 09:48:57,702.4,2738424
2021-06-02 09:48:57,702.4,2738424
2021-06-02 09:48:58,702.55,2739179
2021-06-02 09:48:59,702.5,2739229
2021-06-02 09:49:00,702.2,2739999
2021-06-02 09:49:01,702.1,2745886
2021-06-02 09:49:03,702.0,2746612
2021-06-02 09:49:04,701.85,2746614
2021-06-02 09:49:04,701.85,2746616
2021-06-02 09:49:06,702.15,2747454
2021-06-02 09:49:06,702.15,2747642
2021-06-02 09:49:07,702.2,2748196
2021-06-02 09:49:08,702.2,2749633
2021-06-02 09:49:09,702.2,2750355
2021-06-02 09:49:10,702.2,2751366
2021-06-02 09:49:11,702.2,2751456
2021-06-02 09:49:13,702.2,2751686
2021-06-02 09:49:14,702.2,2751795
2021-06-02 09:49:15,702.05,2751829
2021-06-02 09:49:16,702.15,2751871
2021-06-02 09:49:16,702.05,2751861
2021-06-02 09:49:17,702.4,2755348
2021-06-02 09:49:18,702.4,2755348
2021-06-02 09:49:19,702.5,2755443
2021-06-02 09:49:20,702.45,2756222
2021-06-02 09:49:21,702.7,2757977
2021-06-02 09:49:22,703.0,2759478
2021-06-02 09:49:23,702.8,2759484
2021-06-02 09:49:24,702.75,2760885
2021-06-02 09:49:25,702.75,2762158
2021-06-02 09:49:26,702.75,2762459
2021-06-02 09:49:28,702.95,2762565
2021-06-02 09:49:29,702.75,2762585
2021-06-02 09:49:30,703.0,2765544
2021-06-02 09:49:30,703.0,2765544
2021-06-02 09:49:31,703.0,2765886
2021-06-02 09:49:32,703.0,2766516
2021-06-02 09:49:33,703.0,2770434
2021-06-02 09:49:34,703.35,2770901
2021-06-02 09:49:36,703.0,2772482
2021-06-02 09:49:37,703.35,2772543
2021-06-02 09:49:37,703.35,2772543
2021-06-02 09:49:38,703.3,2772647
2021-06-02 09:49:39,703.0,2772794
2021-06-02 09:49:40,703.35,2773634
2021-06-02 09:49:41,703.35,2773672
2021-06-02 09:49:42,703.0,2776628
2021-06-02 09:49:43,703.15,2776821
2021-06-02 09:49:44,703.1,2777816
2021-06-02 09:49:45,703.25,2780837
2021-06-02 09:49:46,703.3,2780942
2021-06-02 09:49:48,703.3,2781293
2021-06-02 09:49:49,703.3,2781293
2021-06-02 09:49:49,703.15,2781308
2021-06-02 09:49:50,703.3,2781808
2021-06-02 09:49:51,703.05,2781848
2021-06-02 09:49:52,703.05,2781848
2021-06-02 09:49:54,703.1,2781858
2021-06-02 09:49:55,703.25,2781879
2021-06-02 09:49:56,703.05,2782254
2021-06-02 09:49:57,703.35,2782848
2021-06-02 09:49:58,703.45,2784923
2021-06-02 09:49:59,703.2,2785391
2021-06-02 09:50:00,703.45,2787680
2021-06-02 09:50:01,703.5,2787705
2021-06-02 09:50:02,703.5,2788059
2021-06-02 09:50:03,703.6,2788253
2021-06-02 09:50:04,703.6,2788253
2021-06-02 09:50:06,703.7,2789367
2021-06-02 09:50:08,703.85,2790142
2021-06-02 09:50:09,703.85,2790231
2021-06-02 09:50:10,703.5,2790536
2021-06-02 09:50:11,703.35,2791631
2021-06-02 09:50:11,703.8,2791981
2021-06-02 09:50:13,703.6,2792064
2021-06-02 09:50:14,703.5,2792159
2021-06-02 09:50:15,703.45,2792348
2021-06-02 09:50:16,703.45,2792348
2021-06-02 09:50:17,703.45,2792348
2021-06-02 09:50:19,703.5,2792453
2021-06-02 09:50:20,703.6,2792903
2021-06-02 09:50:21,703.45,2793004
2021-06-02 09:50:22,703.55,2793072
2021-06-02 09:50:23,703.6,2793468
2021-06-02 09:50:24,703.45,2794470
2021-06-02 09:50:25,703.5,2794477
2021-06-02 09:50:26,703.6,2795005
2021-06-02 09:50:27,703.5,2795205
2021-06-02 09:50:29,703.5,2795205
2021-06-02 09:50:30,703.5,2795378
2021-06-02 09:50:31,703.55,2795386
2021-06-02 09:50:31,703.55,2795386
2021-06-02 09:50:32,703.35,2798558
2021-06-02 09:50:34,703.35,2798890
2021-06-02 09:50:35,703.5,2799520
2021-06-02 09:50:36,703.35,2799542
2021-06-02 09:50:37,703.6,2800134
2021-06-02 09:50:37,703.6,2800134
2021-06-02 09:50:38,703.55,2800141
2021-06-02 09:50:39,703.55,2800735
2021-06-02 09:50:40,703.6,2800764
2021-06-02 09:50:42,703.6,2800931
2021-06-02 09:50:43,703.5,2801512
2021-06-02 09:50:44,703.5,2801914
2021-06-02 09:50:45,703.6,2802803
2021-06-02 09:50:46,703.55,2803191
2021-06-02 09:50:46,703.5,2803192
2021-06-02 09:50:47,703.55,2805212
2021-06-02 09:50:48,703.35,2805436
2021-06-02 09:50:50,703.35,2805940
2021-06-02 09:50:51,703.35,2806129
2021-06-02 09:50:52,703.35,2806143
2021-06-02 09:50:53,703.55,2806506
2021-06-02 09:50:54,703.35,2806543
2021-06-02 09:50:55,703.35,2806694
2021-06-02 09:50:56,703.35,2806696
2021-06-02 09:50:57,703.55,2806731
2021-06-02 09:50:58,703.35,2807231
2021-06-02 09:50:59,703.45,2807332
2021-06-02 09:50:59,703.45,2807332
2021-06-02 09:51:00,703.35,2808740
2021-06-02 09:51:01,703.35,2809741
2021-06-02 09:51:02,703.7,2812047
2021-06-02 09:51:03,703.7,2812047
2021-06-02 09:51:05,703.45,2812107
2021-06-02 09:51:06,703.6,2812127
2021-06-02 09:51:07,703.5,2812545
2021-06-02 09:51:08,703.55,2812886
2021-06-02 09:51:08,703.55,2812886
2021-06-02 09:51:09,703.5,2812957
2021-06-02 09:51:11,703.5,2812968
2021-06-02 09:51:12,703.5,2813979
2021-06-02 09:51:13,703.5,2814305
2021-06-02 09:51:13,703.5,2814305
2021-06-02 09:51:14,703.35,2814425
2021-06-02 09:51:15,703.5,2814445
2021-06-02 09:51:16,703.35,2814884
2021-06-02 09:51:17,703.45,2814936
2021-06-02 09:51:19,703.2,2818541
2021-06-02 09:51:20,703.35,2818581
2021-06-02 09:51:21,703.45,2818585
2021-06-02 09:51:21,703.45,2818585
2021-06-02 09:51:22,703.35,2818794
2021-06-02 09:51:23,703.35,2819328
2021-06-02 09:51:25,703.35,2819591
2021-06-02 09:51:26,703.45,2819709
2021-06-02 09:51:27,703.4,2819734
2021-06-02 09:51:28,703.2,2819744
2021-06-02 09:51:28,703.2,2819744
2021-06-02 09:51:29,703.2,2824844
2021-06-02 09:51:30,703.2,2825313
2021-06-02 09:51:31,703.05,2825868
2021-06-02 09:51:33,703.2,2825903
2021-06-02 09:51:34,703.2,2825903
2021-06-02 09:51:35,703.0,2827627
2021-06-02 09:51:36,703.0,2829081
2021-06-02 09:51:36,703.0,2829081
2021-06-02 09:51:37,703.0,2829260
2021-06-02 09:51:38,703.0,2830001
2021-06-02 09:51:39,702.9,2830653
2021-06-02 09:51:40,702.65,2831019
2021-06-02 09:51:41,702.95,2831054
2021-06-02 09:51:43,702.6,2831344
2021-06-02 09:51:44,702.5,2833422
2021-06-02 09:51:45,702.9,2833995
2021-06-02 09:51:46,702.9,2834007
2021-06-02 09:51:47,702.55,2834510
2021-06-02 09:51:48,702.85,2834603
2021-06-02 09:51:48,702.55,2834600
2021-06-02 09:51:49,702.6,2834988
2021-06-02 09:51:50,702.9,2837941
2021-06-02 09:51:52,703.05,2838276
2021-06-02 09:51:53,702.9,2839639
2021-06-02 09:51:54,702.9,2839829
2021-06-02 09:51:55,703.0,2840030
2021-06-02 09:51:55,703.0,2840030
2021-06-02 09:51:56,703.0,2840225
2021-06-02 09:51:57,703.0,2840365
2021-06-02 09:51:58,703.0,2840437
2021-06-02 09:52:00,702.75,2840590
2021-06-02 09:52:01,702.75,2840609
2021-06-02 09:52:02,702.75,2840616
2021-06-02 09:52:03,702.75,2840630
2021-06-02 09:52:04,702.7,2841075
2021-06-02 09:52:05,702.95,2841076
2021-06-02 09:52:06,702.7,2841098
2021-06-02 09:52:07,702.95,2841108
2021-06-02 09:52:08,702.65,2841323
2021-06-02 09:52:09,702.65,2841323
2021-06-02 09:52:10,702.6,2841474
2021-06-02 09:52:11,702.6,2841474
2021-06-02 09:52:12,702.6,2841474
2021-06-02 09:52:13,702.75,2841482
2021-06-02 09:52:15,702.95,2842011
2021-06-02 09:52:16,702.65,2842032
2021-06-02 09:52:17,702.9,2842138
2021-06-02 09:52:17,702.9,2842133
2021-06-02 09:52:18,702.9,2842138
2021-06-02 09:52:20,702.65,2842345
2021-06-02 09:52:21,702.7,2842396
2021-06-02 09:52:22,702.75,2842398
2021-06-02 09:52:23,702.7,2842598
2021-06-02 09:52:24,702.65,2843206
2021-06-02 09:52:25,702.9,2843756
2021-06-02 09:52:26,702.9,2844105
2021-06-02 09:52:27,702.9,2844276
2021-06-02 09:52:28,702.9,2846294
2021-06-02 09:52:28,702.9,2846319
2021-06-02 09:52:29,702.9,2846786
2021-06-02 09:52:31,703.0,2853274
2021-06-02 09:52:32,703.2,2853608
2021-06-02 09:52:33,703.15,2853678
2021-06-02 09:52:34,703.15,2853976
2021-06-02 09:52:35,703.2,2854153
2021-06-02 09:52:36,703.35,2857210
2021-06-02 09:52:36,703.35,2857210
2021-06-02 09:52:37,703.5,2857357
2021-06-02 09:52:39,703.5,2862813
2021-06-02 09:52:40,703.8,2863190
2021-06-02 09:52:41,703.9,2895689
2021-06-02 09:52:42,704.1,2896462
2021-06-02 09:52:43,704.1,2897032
2021-06-02 09:52:43,704.1,2897032
2021-06-02 09:52:45,704.2,2899242
2021-06-02 09:52:46,704.4,2899762
2021-06-02 09:52:47,704.15,2900140
2021-06-02 09:52:48,704.4,2900218
2021-06-02 09:52:49,704.45,2901010
2021-06-02 09:52:50,704.35,2906365
2021-06-02 09:52:51,704.35,2906877
2021-06-02 09:52:52,704.5,2907527
2021-06-02 09:52:53,704.35,2907721
2021-06-02 09:52:54,704.25,2907822
2021-06-02 09:52:54,704.25,2908402
2021-06-02 09:52:55,704.25,2908402
2021-06-02 09:52:56,704.25,2908439
2021-06-02 09:52:58,704.35,2914013
2021-06-02 09:52:59,704.25,2914451
2021-06-02 09:53:00,704.2,2914862
2021-06-02 09:53:00,704.2,2915113
2021-06-02 09:53:01,704.2,2915935
2021-06-02 09:53:03,704.25,2915936
2021-06-02 09:53:04,704.15,2916282
2021-06-02 09:53:05,704.1,2916982
2021-06-02 09:53:06,704.1,2918141
2021-06-02 09:53:07,704.2,2918169
2021-06-02 09:53:08,703.85,2922029
2021-06-02 09:53:09,703.65,2923060
2021-06-02 09:53:10,703.7,2923683
2021-06-02 09:53:11,703.85,2925174
2021-06-02 09:53:12,703.85,2925174
2021-06-02 09:53:13,703.8,2925209
2021-06-02 09:53:14,703.8,2925319
2021-06-02 09:53:15,703.55,2925467
2021-06-02 09:53:16,703.5,2925752
2021-06-02 09:53:17,703.5,2928355
2021-06-02 09:53:18,703.75,2928555
2021-06-02 09:53:19,703.95,2933725
2021-06-02 09:53:19,703.65,2933730
2021-06-02 09:53:20,703.95,2934191
2021-06-02 09:53:22,703.95,2934191
2021-06-02 09:53:23,703.8,2934982
2021-06-02 09:53:24,703.8,2935086
2021-06-02 09:53:25,703.8,2935413
2021-06-02 09:53:26,703.95,2935733
2021-06-02 09:53:27,703.95,2935741
2021-06-02 09:53:28,704.0,2935956
2021-06-02 09:53:29,703.95,2936082
2021-06-02 09:53:30,703.8,2936149
2021-06-02 09:53:31,703.8,2936149
2021-06-02 09:53:32,703.95,2936159
2021-06-02 09:53:33,703.95,2936159
2021-06-02 09:53:34,703.95,2936159
2021-06-02 09:53:35,703.95,2936189
2021-06-02 09:53:35,703.95,2936189
2021-06-02 09:53:37,704.0,2941046
2021-06-02 09:53:38,704.0,2941076
2021-06-02 09:53:39,703.95,2941162
2021-06-02 09:53:40,703.9,2941482
2021-06-02 09:53:41,704.0,2941558
2021-06-02 09:53:42,703.95,2941565
2021-06-02 09:53:43,703.95,2941653
2021-06-02 09:53:44,704.05,2942559
2021-06-02 09:53:45,704.05,2942690
2021-06-02 09:53:45,703.85,2942828
2021-06-02 09:53:46,704.05,2943214
2021-06-02 09:53:47,704.05,2943214
2021-06-02 09:53:49,703.9,2943804
2021-06-02 09:53:50,703.9,2943804
2021-06-02 09:53:51,703.9,2944154
2021-06-02 09:53:52,704.0,2944917
2021-06-02 09:53:53,703.8,2945030
2021-06-02 09:53:54,703.7,2945056
2021-06-02 09:53:55,703.65,2946722
2021-06-02 09:53:56,703.5,2949474
2021-06-02 09:53:57,703.5,2949479
2021-06-02 09:53:58,703.65,2949565
2021-06-02 09:53:59,703.65,2949875
2021-06-02 09:54:00,703.5,2949890
2021-06-02 09:54:01,703.65,2949940
2021-06-02 09:54:02,703.65,2950435
2021-06-02 09:54:02,703.65,2950435
2021-06-02 09:54:03,703.85,2950545
2021-06-02 09:54:05,703.9,2950615
2021-06-02 09:54:07,703.75,2950975
2021-06-02 09:54:08,703.75,2951175
2021-06-02 09:54:09,703.9,2951209
2021-06-02 09:54:10,703.6,2951309
2021-06-02 09:54:11,703.6,2951528
2021-06-02 09:54:12,703.65,2951540
2021-06-02 09:54:13,703.65,2951739
2021-06-02 09:54:14,703.6,2951771
2021-06-02 09:54:14,703.9,2952071
2021-06-02 09:54:16,704.0,2953149
2021-06-02 09:54:16,704.0,2953149
2021-06-02 09:54:17,703.75,2953629
2021-06-02 09:54:18,703.9,2953704
2021-06-02 09:54:19,704.1,2959913
2021-06-02 09:54:20,704.2,2960757
2021-06-02 09:54:21,704.15,2965600
2021-06-02 09:54:22,704.15,2965800
2021-06-02 09:54:24,704.4,2966053
2021-06-02 09:54:25,704.15,2966251
2021-06-02 09:54:26,704.2,2966511
2021-06-02 09:54:27,704.2,2968103
2021-06-02 09:54:28,704.2,2968123
2021-06-02 09:54:28,704.2,2968123
2021-06-02 09:54:29,704.4,2968175
2021-06-02 09:54:30,704.4,2968577
2021-06-02 09:54:32,704.2,2968634
2021-06-02 09:54:33,704.2,2969021
2021-06-02 09:54:34,704.1,2969806
2021-06-02 09:54:35,704.15,2969815
2021-06-02 09:54:36,704.2,2970607
2021-06-02 09:54:37,703.9,2971922
2021-06-02 09:54:38,703.95,2972277
2021-06-02 09:54:38,703.95,2972277
2021-06-02 09:54:39,703.75,2972981
2021-06-02 09:54:40,704.0,2973236
2021-06-02 09:54:41,703.65,2973636
2021-06-02 09:54:43,703.95,2973672
2021-06-02 09:54:44,704.0,2973855
2021-06-02 09:54:45,703.8,2974356
2021-06-02 09:54:46,703.95,2974526
2021-06-02 09:54:47,703.75,2975056
2021-06-02 09:54:48,704.0,2975057
2021-06-02 09:54:49,704.0,2975212
2021-06-02 09:54:51,703.75,2975302
2021-06-02 09:54:52,703.75,2975317
2021-06-02 09:54:53,703.95,2976167
2021-06-02 09:54:54,703.75,2976168
2021-06-02 09:54:55,704.0,2976174
2021-06-02 09:54:56,703.75,2976188
2021-06-02 09:54:57,704.0,2976256
2021-06-02 09:54:58,703.75,2976277
2021-06-02 09:54:59,703.75,2976277
2021-06-02 09:55:00,703.75,2976579
2021-06-02 09:55:01,703.95,2976580
2021-06-02 09:55:03,703.75,2976660
2021-06-02 09:55:02,703.75,2976660
2021-06-02 09:55:04,703.75,2976665
2021-06-02 09:55:05,703.75,2976688
2021-06-02 09:55:06,703.95,2980130
2021-06-02 09:55:07,703.85,2980165
2021-06-02 09:55:08,703.95,2980190
2021-06-02 09:55:09,703.95,2980291
2021-06-02 09:55:10,704.0,2980906
2021-06-02 09:55:11,704.2,2981345
2021-06-02 09:55:12,703.95,2981521
2021-06-02 09:55:13,703.95,2981536
2021-06-02 09:55:14,703.95,2981836
2021-06-02 09:55:15,704.0,2982036
2021-06-02 09:55:17,704.0,2982283
2021-06-02 09:55:16,703.85,2982091
2021-06-02 09:55:18,703.9,2982393
2021-06-02 09:55:19,704.3,2983517
2021-06-02 09:55:21,704.5,3006805
2021-06-02 09:55:20,704.05,2983642
2021-06-02 09:55:22,704.5,3007051
2021-06-02 09:55:23,704.5,3007051
2021-06-02 09:55:24,704.55,3010453
2021-06-02 09:55:25,704.35,3010893
2021-06-02 09:55:27,704.4,3011101
2021-06-02 09:55:28,704.25,3011116
2021-06-02 09:55:29,704.25,3011116
2021-06-02 09:55:30,704.25,3011154
2021-06-02 09:55:31,704.5,3011779
2021-06-02 09:55:32,704.1,3013017
2021-06-02 09:55:33,704.25,3013050
2021-06-02 09:55:34,704.25,3013161
2021-06-02 09:55:35,704.25,3013218
2021-06-02 09:55:36,704.1,3013593
2021-06-02 09:55:37,704.1,3014857
2021-06-02 09:55:38,704.1,3015287
2021-06-02 09:55:39,704.1,3015447
2021-06-02 09:55:40,704.1,3015489
2021-06-02 09:55:41,704.1,3015489
2021-06-02 09:55:43,704.1,3015570
2021-06-02 09:55:42,704.1,3015570
2021-06-02 09:55:44,704.1,3015732
2021-06-02 09:55:45,704.3,3015988
2021-06-02 09:55:46,704.3,3015988
2021-06-02 09:55:47,704.3,3016038
2021-06-02 09:55:48,704.25,3016053
2021-06-02 09:55:49,704.25,3016134
2021-06-02 09:55:50,704.15,3016594
2021-06-02 09:55:51,704.1,3017692
2021-06-02 09:55:52,704.1,3017705
2021-06-02 09:55:54,704.0,3018073
2021-06-02 09:55:53,704.1,3018071
2021-06-02 09:55:55,704.1,3018597
2021-06-02 09:55:56,704.1,3018602
2021-06-02 09:55:57,704.1,3018629
2021-06-02 09:55:58,704.1,3018629
2021-06-02 09:55:59,704.0,3018667
2021-06-02 09:56:00,704.1,3018737
2021-06-02 09:56:01,703.95,3019517
2021-06-02 09:56:02,703.95,3019517
2021-06-02 09:56:03,704.2,3020431
2021-06-02 09:56:04,703.95,3020546
2021-06-02 09:56:05,704.25,3020550
2021-06-02 09:56:06,704.0,3020768
2021-06-02 09:56:07,704.0,3020860
2021-06-02 09:56:08,703.95,3020865
2021-06-02 09:56:09,703.95,3020865
2021-06-02 09:56:10,703.95,3020875
2021-06-02 09:56:11,703.95,3020955
2021-06-02 09:56:12,703.95,3021494
2021-06-02 09:56:13,703.95,3021494
2021-06-02 09:56:14,703.85,3023380
2021-06-02 09:56:15,703.85,3023380
2021-06-02 09:56:16,703.95,3023385
2021-06-02 09:56:17,703.85,3023985
2021-06-02 09:56:18,703.7,3024766
2021-06-02 09:56:19,703.95,3024787
2021-06-02 09:56:20,703.95,3024790
2021-06-02 09:56:21,703.95,3024820
2021-06-02 09:56:22,703.75,3024822
2021-06-02 09:56:23,703.95,3025025
2021-06-02 09:56:24,703.95,3025085
2021-06-02 09:56:25,703.75,3025171
2021-06-02 09:56:26,703.8,3025186
2021-06-02 09:56:27,703.8,3025186
2021-06-02 09:56:28,703.8,3025186
2021-06-02 09:56:29,703.85,3025202
2021-06-02 09:56:30,703.75,3025402
2021-06-02 09:56:31,703.85,3025522
2021-06-02 09:56:32,703.85,3025522
2021-06-02 09:56:33,703.75,3025602
2021-06-02 09:56:34,703.85,3025607
2021-06-02 09:56:36,703.75,3025908
2021-06-02 09:56:37,703.75,3026236
2021-06-02 09:56:38,703.75,3026236
2021-06-02 09:56:39,703.75,3026406
2021-06-02 09:56:40,703.65,3027251
2021-06-02 09:56:41,703.7,3027314
2021-06-02 09:56:42,703.7,3027383
2021-06-02 09:56:43,703.7,3027393
2021-06-02 09:56:44,703.7,3027393
2021-06-02 09:56:45,703.6,3027561
2021-06-02 09:56:46,703.6,3027576
2021-06-02 09:56:47,703.6,3028235
2021-06-02 09:56:48,703.85,3028438
2021-06-02 09:56:49,703.5,3029154
2021-06-02 09:56:50,703.7,3029759
2021-06-02 09:56:51,704.0,3033949
2021-06-02 09:56:52,704.2,3036431
2021-06-02 09:56:53,704.25,3036923
2021-06-02 09:56:54,704.25,3037143
2021-06-02 09:56:55,705.0,3103869
2021-06-02 09:56:56,705.0,3105688
2021-06-02 09:56:57,704.9,3108535
2021-06-02 09:56:59,704.9,3108794
2021-06-02 09:56:59,704.9,3108768
2021-06-02 09:57:00,704.9,3110117
2021-06-02 09:57:01,704.9,3111364
2021-06-02 09:57:02,704.8,3112067
2021-06-02 09:57:04,704.8,3112407
2021-06-02 09:57:05,704.9,3112905
2021-06-02 09:57:06,705.0,3113832
2021-06-02 09:57:07,704.75,3113882
2021-06-02 09:57:09,704.75,3115659
2021-06-02 09:57:09,704.75,3116294
2021-06-02 09:57:10,704.85,3116650
2021-06-02 09:57:12,705.05,3123513
2021-06-02 09:57:13,704.95,3124174
2021-06-02 09:57:14,705.0,3124397
2021-06-02 09:57:16,705.15,3127187
2021-06-02 09:57:16,705.15,3127136
2021-06-02 09:57:17,705.25,3129015
2021-06-02 09:57:18,705.25,3129625
2021-06-02 09:57:19,705.25,3131387
2021-06-02 09:57:20,705.0,3132671
2021-06-02 09:57:21,704.9,3135215
2021-06-02 09:57:23,704.95,3135887
2021-06-02 09:57:23,704.95,3135887
2021-06-02 09:57:24,704.9,3136883
2021-06-02 09:57:25,704.95,3136997
2021-06-02 09:57:26,704.95,3137552
2021-06-02 09:57:27,704.95,3137612
2021-06-02 09:57:28,704.7,3137621
2021-06-02 09:57:29,704.75,3137731
2021-06-02 09:57:31,704.7,3137787
2021-06-02 09:57:31,704.7,3137787
2021-06-02 09:57:32,704.65,3137929
2021-06-02 09:57:33,704.95,3137964
2021-06-02 09:57:34,704.7,3137969
2021-06-02 09:57:35,704.9,3138119
2021-06-02 09:57:36,704.95,3138339
2021-06-02 09:57:37,705.0,3140343
2021-06-02 09:57:38,705.0,3140539
2021-06-02 09:57:39,705.0,3141384
2021-06-02 09:57:41,704.75,3142386
2021-06-02 09:57:41,704.75,3142386
2021-06-02 09:57:42,704.7,3142739
2021-06-02 09:57:43,704.9,3142818
2021-06-02 09:57:44,704.9,3143054
2021-06-02 09:57:45,704.9,3144876
2021-06-02 09:57:46,704.9,3145146
2021-06-02 09:57:48,704.75,3145471
2021-06-02 09:57:48,704.8,3145496
2021-06-02 09:57:49,704.55,3145806
2021-06-02 09:57:50,704.8,3146139
2021-06-02 09:57:51,704.8,3146403
2021-06-02 09:57:52,704.35,3149886
2021-06-02 09:57:53,704.5,3150390
2021-06-02 09:57:55,704.3,3151141
2021-06-02 09:57:57,704.3,3151256
2021-06-02 09:57:58,704.3,3151311
2021-06-02 09:57:58,704.3,3151311
2021-06-02 09:57:59,704.1,3151467
2021-06-02 09:58:00,704.4,3151612
2021-06-02 09:58:01,704.4,3151642
2021-06-02 09:58:02,704.1,3151913
2021-06-02 09:58:03,704.35,3152674
2021-06-02 09:58:04,704.35,3152824
2021-06-02 09:58:05,704.3,3153501
2021-06-02 09:58:06,704.35,3154101
2021-06-02 09:58:07,704.35,3154371
2021-06-02 09:58:08,704.1,3155777
2021-06-02 09:58:09,704.1,3155790
2021-06-02 09:58:11,704.3,3155791
2021-06-02 09:58:11,704.1,3155797
2021-06-02 09:58:12,704.1,3155829
2021-06-02 09:58:13,704.05,3155949
2021-06-02 09:58:14,704.1,3155959
2021-06-02 09:58:15,704.1,3155966
2021-06-02 09:58:16,704.1,3156049
2021-06-02 09:58:17,704.0,3156359
2021-06-02 09:58:18,704.0,3156359
2021-06-02 09:58:19,704.0,3156489
2021-06-02 09:58:20,704.05,3156921
2021-06-02 09:58:22,704.05,3156986
2021-06-02 09:58:22,704.05,3157033
2021-06-02 09:58:23,704.1,3157173
2021-06-02 09:58:24,704.1,3157258
2021-06-02 09:58:25,704.1,3157258
2021-06-02 09:58:26,704.3,3157338
2021-06-02 09:58:27,704.05,3157788
2021-06-02 09:58:28,704.3,3157830
2021-06-02 09:58:29,704.1,3158190
2021-06-02 09:58:30,704.0,3159190
2021-06-02 09:58:33,704.0,3159590
2021-06-02 09:58:33,704.0,3160090
2021-06-02 09:58:34,704.0,3160140
2021-06-02 09:58:35,704.1,3165953
2021-06-02 09:58:36,704.05,3166057
2021-06-02 09:58:37,704.05,3166166
2021-06-02 09:58:38,704.1,3168177
2021-06-02 09:58:39,704.15,3168552
2021-06-02 09:58:40,704.15,3168553
2021-06-02 09:58:42,704.15,3168553
2021-06-02 09:58:42,704.15,3168553
2021-06-02 09:58:43,704.15,3168705
2021-06-02 09:58:44,704.15,3169166
2021-06-02 09:58:46,704.05,3169176
2021-06-02 09:58:46,704.05,3169176
2021-06-02 09:58:47,703.85,3169473
2021-06-02 09:58:48,703.95,3169608
2021-06-02 09:58:49,704.1,3169644
2021-06-02 09:58:50,704.1,3170658
2021-06-02 09:58:51,704.05,3170683
2021-06-02 09:58:52,703.8,3170715
2021-06-02 09:58:54,704.05,3171215
2021-06-02 09:58:54,704.0,3171218
2021-06-02 09:58:55,704.05,3171298
2021-06-02 09:58:56,704.1,3171387
2021-06-02 09:58:57,704.05,3171537
2021-06-02 09:58:58,704.15,3171542
2021-06-02 09:59:00,704.15,3171673
2021-06-02 09:59:01,703.9,3171790
2021-06-02 09:59:02,703.9,3171790
2021-06-02 09:59:02,703.9,3171790
2021-06-02 09:59:03,704.05,3171866
2021-06-02 09:59:04,704.05,3171927
2021-06-02 09:59:05,704.05,3171952
2021-06-02 09:59:06,704.0,3172165
2021-06-02 09:59:07,704.0,3172272
2021-06-02 09:59:08,704.0,3172472
2021-06-02 09:59:09,704.0,3172516
2021-06-02 09:59:11,704.0,3172516
2021-06-02 09:59:12,704.1,3172842
2021-06-02 09:59:13,704.05,3172843
2021-06-02 09:59:14,704.05,3172893
2021-06-02 09:59:15,704.05,3173497
2021-06-02 09:59:16,704.0,3173658
2021-06-02 09:59:17,704.05,3173778
2021-06-02 09:59:18,704.0,3173788
2021-06-02 09:59:19,704.0,3173907
2021-06-02 09:59:20,704.0,3173970
2021-06-02 09:59:21,704.0,3174140
2021-06-02 09:59:23,704.0,3174220
2021-06-02 09:59:24,704.0,3174245
2021-06-02 09:59:25,704.0,3174374
2021-06-02 09:59:25,704.0,3174374
2021-06-02 09:59:26,704.0,3174624
2021-06-02 09:59:27,704.0,3174754
2021-06-02 09:59:28,704.0,3174794
2021-06-02 09:59:29,704.0,3175074
2021-06-02 09:59:31,704.05,3176549
2021-06-02 09:59:32,704.0,3176599
2021-06-02 09:59:33,704.0,3176600
2021-06-02 09:59:34,704.0,3176700
2021-06-02 09:59:34,704.05,3176795
2021-06-02 09:59:35,704.0,3176911
2021-06-02 09:59:36,703.95,3176924
2021-06-02 09:59:37,704.0,3177074
2021-06-02 09:59:38,704.0,3177074
2021-06-02 09:59:40,703.95,3177353
2021-06-02 09:59:41,704.0,3177394
2021-06-02 09:59:42,703.95,3177444
2021-06-02 09:59:42,703.95,3177444
2021-06-02 09:59:43,704.05,3177694
2021-06-02 09:59:44,703.9,3177834
2021-06-02 09:59:45,703.95,3178294
2021-06-02 09:59:46,704.0,3180407
2021-06-02 09:59:47,704.0,3180507
2021-06-02 09:59:48,703.85,3181331
2021-06-02 09:59:50,703.85,3181331
2021-06-02 09:59:51,703.95,3181761
2021-06-02 09:59:52,703.85,3181911
2021-06-02 09:59:52,703.85,3182416
2021-06-02 09:59:53,704.0,3182652
2021-06-02 09:59:54,704.0,3182652
2021-06-02 09:59:55,704.0,3182652
2021-06-02 09:59:56,703.85,3182859
2021-06-02 09:59:58,703.85,3182859
2021-06-02 09:59:59,703.85,3182868
2021-06-02 10:00:00,704.0,3182998
2021-06-02 10:00:01,704.0,3183011
2021-06-02 10:00:01,704.0,3183021
2021-06-02 10:00:02,704.0,3183058
2021-06-02 10:00:03,704.0,3190535
2021-06-02 10:00:04,704.0,3190630
2021-06-02 10:00:07,703.95,3191026
2021-06-02 10:00:08,703.9,3191626
2021-06-02 10:00:09,703.9,3191626
2021-06-02 10:00:09,704.0,3191642
2021-06-02 10:00:10,704.0,3192152
2021-06-02 10:00:12,704.0,3192161
2021-06-02 10:00:13,704.0,3192200
2021-06-02 10:00:14,703.9,3192754
2021-06-02 10:00:15,703.9,3192776
2021-06-02 10:00:15,704.0,3193476
2021-06-02 10:00:17,704.0,3194489
2021-06-02 10:00:18,704.1,3194713
2021-06-02 10:00:19,704.1,3194727
2021-06-02 10:00:20,704.0,3194732
2021-06-02 10:00:22,704.0,3194872
2021-06-02 10:00:23,703.95,3194949
2021-06-02 10:00:23,703.95,3194949
2021-06-02 10:00:24,704.1,3202680
2021-06-02 10:00:25,704.1,3202711
2021-06-02 10:00:26,704.1,3202822
2021-06-02 10:00:28,704.15,3202922
2021-06-02 10:00:29,704.2,3203640
2021-06-02 10:00:29,704.1,3203668
2021-06-02 10:00:30,704.1,3203673
2021-06-02 10:00:31,704.7,3215299
2021-06-02 10:00:32,704.55,3215300
2021-06-02 10:00:33,704.55,3215457
2021-06-02 10:00:34,704.7,3215562
2021-06-02 10:00:35,704.75,3217036
2021-06-02 10:00:36,704.7,3217056
2021-06-02 10:00:37,704.7,3217113
2021-06-02 10:00:38,704.75,3218164
2021-06-02 10:00:39,704.75,3218356
2021-06-02 10:00:40,704.75,3218356
2021-06-02 10:00:41,704.7,3219466
2021-06-02 10:00:43,704.65,3220683
2021-06-02 10:00:44,704.7,3220719
2021-06-02 10:00:44,704.6,3221219
2021-06-02 10:00:47,704.75,3221359
2021-06-02 10:00:47,704.75,3221359
2021-06-02 10:00:48,704.75,3222118
2021-06-02 10:00:49,704.75,3222958
2021-06-02 10:00:50,704.95,3227678
2021-06-02 10:00:51,704.7,3227777
2021-06-02 10:00:52,704.9,3228237
2021-06-02 10:00:53,705.0,3228981
2021-06-02 10:00:54,704.8,3230181
2021-06-02 10:00:55,704.75,3230348
2021-06-02 10:00:57,705.0,3231292
2021-06-02 10:00:58,704.75,3231579
2021-06-02 10:00:59,704.75,3231750
2021-06-02 10:00:59,704.75,3231801
2021-06-02 10:01:00,704.9,3232263
2021-06-02 10:01:01,704.75,3232268
2021-06-02 10:01:02,704.8,3232303
2021-06-02 10:01:03,704.85,3232508
2021-06-02 10:01:04,704.95,3232530
2021-06-02 10:01:06,704.8,3232646
2021-06-02 10:01:07,704.8,3232646
2021-06-02 10:01:08,704.85,3232652
2021-06-02 10:01:09,704.95,3232945
2021-06-02 10:01:10,704.85,3233083
2021-06-02 10:01:11,704.95,3233238
2021-06-02 10:01:11,704.95,3233238
2021-06-02 10:01:12,704.8,3233841
2021-06-02 10:01:13,704.8,3233888
2021-06-02 10:01:15,704.95,3234042
2021-06-02 10:01:16,704.8,3234089
2021-06-02 10:01:17,704.75,3234388
2021-06-02 10:01:18,704.85,3234734
2021-06-02 10:01:18,704.9,3234834
2021-06-02 10:01:19,704.9,3235293
2021-06-02 10:01:20,704.9,3235601
2021-06-02 10:01:21,704.75,3235678
2021-06-02 10:01:22,704.75,3235699
2021-06-02 10:01:23,704.75,3235701
2021-06-02 10:01:25,704.85,3235920
2021-06-02 10:01:25,704.85,3235920
2021-06-02 10:01:26,704.7,3236026
2021-06-02 10:01:27,704.8,3236232
2021-06-02 10:01:28,704.8,3237517
2021-06-02 10:01:30,704.95,3237581
2021-06-02 10:01:32,704.8,3237883
2021-06-02 10:01:32,704.8,3237893
2021-06-02 10:01:33,704.7,3237932
2021-06-02 10:01:35,704.8,3238039
2021-06-02 10:01:35,704.7,3238518
2021-06-02 10:01:36,704.65,3243500
2021-06-02 10:01:37,704.6,3244509
2021-06-02 10:01:38,704.65,3244923
2021-06-02 10:01:40,704.7,3245252
2021-06-02 10:01:41,704.7,3245438
2021-06-02 10:01:42,704.7,3245499
2021-06-02 10:01:43,704.7,3245556
2021-06-02 10:01:44,704.7,3245631
2021-06-02 10:01:45,704.5,3245841
2021-06-02 10:01:45,704.5,3245841
2021-06-02 10:01:46,704.7,3245853
2021-06-02 10:01:47,704.5,3245854
2021-06-02 10:01:49,704.5,3246206
2021-06-02 10:01:50,704.5,3246206
2021-06-02 10:01:51,704.7,3246337
2021-06-02 10:01:52,704.7,3246338
2021-06-02 10:01:53,704.7,3246338
2021-06-02 10:01:54,704.7,3246444
2021-06-02 10:01:54,704.7,3246449
2021-06-02 10:01:55,704.7,3246526
2021-06-02 10:01:57,704.5,3246746
2021-06-02 10:01:59,704.7,3246872
2021-06-02 10:01:58,704.5,3246746
2021-06-02 10:02:00,704.55,3246986
2021-06-02 10:02:01,704.7,3247001
2021-06-02 10:02:02,704.7,3247313
2021-06-02 10:02:03,704.7,3247339
2021-06-02 10:02:03,704.7,3247339
2021-06-02 10:02:04,704.75,3247439
2021-06-02 10:02:05,704.8,3247441
2021-06-02 10:02:06,704.7,3249859
2021-06-02 10:02:07,704.8,3249891
2021-06-02 10:02:08,704.7,3249951
2021-06-02 10:02:10,704.85,3249964
2021-06-02 10:02:10,704.7,3249974
2021-06-02 10:02:12,704.85,3250185
2021-06-02 10:02:12,704.85,3250197
2021-06-02 10:02:14,704.7,3250203
2021-06-02 10:02:15,704.7,3250229
2021-06-02 10:02:16,704.8,3250235
2021-06-02 10:02:17,704.7,3250270
2021-06-02 10:02:18,704.85,3252020
2021-06-02 10:02:19,704.7,3252046
2021-06-02 10:02:20,704.7,3252046
2021-06-02 10:02:21,704.8,3252057
2021-06-02 10:02:22,704.7,3252601
2021-06-02 10:02:23,704.85,3252606
2021-06-02 10:02:23,704.85,3252606
2021-06-02 10:02:24,704.85,3253209
2021-06-02 10:02:25,704.7,3253243
2021-06-02 10:02:26,704.7,3253404
2021-06-02 10:02:27,704.85,3253694
2021-06-02 10:02:28,704.7,3253765
2021-06-02 10:02:30,704.7,3253985
2021-06-02 10:02:31,704.85,3254135
2021-06-02 10:02:32,704.85,3255195
2021-06-02 10:02:33,704.75,3255316
2021-06-02 10:02:33,704.7,3257405
2021-06-02 10:02:34,704.7,3257510
2021-06-02 10:02:35,704.75,3257530
2021-06-02 10:02:36,704.75,3257707
2021-06-02 10:02:37,704.65,3258035
2021-06-02 10:02:38,704.75,3258040
2021-06-02 10:02:39,704.65,3258255
2021-06-02 10:02:40,704.65,3258256
2021-06-02 10:02:42,704.75,3258486
2021-06-02 10:02:43,704.7,3258766
2021-06-02 10:02:44,704.6,3262124
2021-06-02 10:02:46,704.7,3262252
2021-06-02 10:02:47,704.65,3262380
2021-06-02 10:02:48,704.55,3263134
2021-06-02 10:02:48,704.4,3267049
2021-06-02 10:02:49,704.4,3267049
2021-06-02 10:02:50,704.3,3267259
2021-06-02 10:02:51,704.2,3267487
2021-06-02 10:02:52,704.2,3267488
2021-06-02 10:02:53,704.2,3267518
2021-06-02 10:02:54,704.3,3268044
2021-06-02 10:02:56,703.95,3273066
2021-06-02 10:02:57,703.8,3273669
2021-06-02 10:02:58,703.95,3273789
2021-06-02 10:02:59,703.9,3274007
2021-06-02 10:03:00,703.8,3275132
2021-06-02 10:03:01,703.8,3275773
2021-06-02 10:03:02,703.85,3275847
2021-06-02 10:03:03,703.8,3276003
2021-06-02 10:03:04,703.8,3276054
2021-06-02 10:03:05,703.8,3276054
2021-06-02 10:03:06,703.8,3276204
2021-06-02 10:03:07,703.85,3276306
2021-06-02 10:03:08,703.8,3278147
2021-06-02 10:03:08,703.8,3278277
2021-06-02 10:03:09,703.85,3279092
2021-06-02 10:03:10,704.2,3280929
2021-06-02 10:03:11,704.25,3280941
2021-06-02 10:03:13,704.1,3286799
2021-06-02 10:03:14,704.15,3287333
2021-06-02 10:03:15,704.15,3287763
2021-06-02 10:03:16,704.4,3287963
2021-06-02 10:03:17,704.2,3288566
2021-06-02 10:03:18,704.15,3288686
2021-06-02 10:03:19,704.1,3288701
2021-06-02 10:03:20,704.1,3288701
2021-06-02 10:03:21,704.05,3288901
2021-06-02 10:03:21,704.05,3288901
2021-06-02 10:03:22,704.05,3288988
2021-06-02 10:03:24,704.05,3288996
2021-06-02 10:03:25,704.35,3289006
2021-06-02 10:03:26,704.0,3289186
2021-06-02 10:03:27,704.15,3289238
2021-06-02 10:03:28,704.15,3289273
2021-06-02 10:03:28,704.05,3289280
2021-06-02 10:03:30,703.9,3289332
2021-06-02 10:03:31,704.15,3289532
2021-06-02 10:03:32,704.0,3289549
2021-06-02 10:03:33,703.8,3290200
2021-06-02 10:03:34,703.8,3290220
2021-06-02 10:03:35,703.8,3290365
2021-06-02 10:03:36,704.2,3291058
2021-06-02 10:03:36,704.2,3291058
2021-06-02 10:03:37,703.9,3291156
2021-06-02 10:03:38,703.8,3291168
2021-06-02 10:03:39,703.8,3291461
2021-06-02 10:03:41,703.8,3291984
2021-06-02 10:03:42,704.0,3292312
2021-06-02 10:03:43,704.0,3292312
2021-06-02 10:03:44,703.85,3292328
2021-06-02 10:03:44,703.85,3292328
2021-06-02 10:03:46,703.85,3292353
2021-06-02 10:03:47,703.8,3292491
2021-06-02 10:03:48,703.8,3292533
2021-06-02 10:03:49,703.7,3294676
2021-06-02 10:03:50,703.9,3294926
2021-06-02 10:03:51,703.7,3294983
2021-06-02 10:03:52,703.65,3295552
2021-06-02 10:03:52,703.65,3295552
2021-06-02 10:03:53,703.8,3295554
2021-06-02 10:03:55,703.65,3295839
2021-06-02 10:03:56,703.8,3295884
2021-06-02 10:03:57,703.65,3296667
2021-06-02 10:03:58,703.65,3296678
2021-06-02 10:03:59,703.65,3298526
2021-06-02 10:04:00,703.65,3298818
2021-06-02 10:04:00,703.65,3298818
2021-06-02 10:04:02,703.65,3299077
2021-06-02 10:04:03,703.8,3299177
2021-06-02 10:04:04,703.8,3299332
2021-06-02 10:04:05,703.8,3301023
2021-06-02 10:04:06,703.75,3301073
2021-06-02 10:04:07,703.8,3301103
2021-06-02 10:04:08,703.75,3301156
2021-06-02 10:04:09,703.7,3301391
2021-06-02 10:04:10,703.8,3301393
2021-06-02 10:04:11,703.8,3301426
2021-06-02 10:04:12,703.7,3301427
2021-06-02 10:04:13,703.7,3301432
2021-06-02 10:04:13,703.75,3301434
2021-06-02 10:04:14,703.85,3301669
2021-06-02 10:04:16,703.8,3301709
2021-06-02 10:04:17,703.7,3301759
2021-06-02 10:04:18,703.9,3301810
2021-06-02 10:04:19,703.95,3301814
2021-06-02 10:04:20,703.95,3301860
2021-06-02 10:04:21,703.8,3301890
2021-06-02 10:04:22,703.8,3301926
2021-06-02 10:04:23,703.7,3303181
2021-06-02 10:04:24,703.7,3303216
2021-06-02 10:04:25,703.9,3303226
2021-06-02 10:04:26,703.85,3303533
2021-06-02 10:04:26,703.85,3303533
2021-06-02 10:04:27,703.85,3303533
2021-06-02 10:04:28,703.7,3303538
2021-06-02 10:04:31,703.7,3303758
2021-06-02 10:04:31,703.8,3303777
2021-06-02 10:04:32,703.7,3303909
2021-06-02 10:04:34,703.7,3303918
2021-06-02 10:04:35,703.85,3303968
2021-06-02 10:04:36,703.7,3304168
2021-06-02 10:04:37,703.7,3304409
2021-06-02 10:04:37,703.85,3304481
2021-06-02 10:04:39,703.65,3304581
2021-06-02 10:04:40,703.65,3304581
2021-06-02 10:04:41,703.8,3304607
2021-06-02 10:04:42,703.65,3304858
2021-06-02 10:04:43,703.85,3304864
2021-06-02 10:04:44,703.85,3304864
2021-06-02 10:04:44,703.85,3304864
2021-06-02 10:04:45,703.65,3304914
2021-06-02 10:04:47,703.85,3305389
2021-06-02 10:04:48,703.6,3307535
2021-06-02 10:04:50,703.55,3307566
2021-06-02 10:04:51,703.55,3307676
2021-06-02 10:04:51,703.55,3307676
2021-06-02 10:04:52,703.8,3307686
2021-06-02 10:04:54,703.55,3308197
2021-06-02 10:04:55,703.5,3310097
2021-06-02 10:04:56,703.5,3310097
2021-06-02 10:04:57,703.8,3310218
2021-06-02 10:04:58,703.5,3310760
2021-06-02 10:04:59,703.5,3310792
2021-06-02 10:05:00,703.55,3310941
2021-06-02 10:05:00,703.55,3310941
2021-06-02 10:05:01,703.55,3310942
2021-06-02 10:05:03,703.8,3310972
2021-06-02 10:05:05,703.5,3312679
2021-06-02 10:05:06,703.5,3312925
2021-06-02 10:05:06,703.5,3313025
2021-06-02 10:05:07,703.5,3313075
2021-06-02 10:05:08,703.5,3313075
2021-06-02 10:05:10,703.5,3313116
2021-06-02 10:05:11,703.5,3313143
2021-06-02 10:05:12,703.3,3314746
2021-06-02 10:05:13,703.7,3316201
2021-06-02 10:05:14,703.7,3316201
2021-06-02 10:05:15,703.55,3316223
2021-06-02 10:05:16,703.55,3316263
2021-06-02 10:05:16,703.55,3316363
2021-06-02 10:05:17,703.55,3316363
2021-06-02 10:05:18,703.5,3316513
2021-06-02 10:05:19,703.8,3317063
2021-06-02 10:05:21,703.7,3317581
2021-06-02 10:05:22,703.75,3317706
2021-06-02 10:05:23,704.3,3333855
2021-06-02 10:05:24,704.45,3335241
2021-06-02 10:05:25,704.45,3335241
2021-06-02 10:05:26,704.35,3335802
2021-06-02 10:05:27,704.35,3335882
2021-06-02 10:05:28,704.35,3337563
2021-06-02 10:05:29,704.35,3337583
2021-06-02 10:05:30,704.35,3337583
2021-06-02 10:05:31,704.7,3337620
2021-06-02 10:05:32,704.25,3337934
2021-06-02 10:05:33,704.25,3337934
2021-06-02 10:05:34,704.25,3337934
