timestamp,ltp,volume
2021-04-12 09:15:08,1395.7,156737
2021-04-12 09:15:09,1395.7,161922
2021-04-12 09:15:10,1395.2,168160
2021-04-12 09:15:11,1396.25,176169
2021-04-12 09:15:12,1396.8,188817
2021-04-12 09:15:13,1396.15,198088
2021-04-12 09:15:14,1396.75,203398
2021-04-12 09:15:15,1396.8,209338
2021-04-12 09:15:16,1396.0,216245
2021-04-12 09:15:17,1395.95,221936
2021-04-12 09:15:18,1395.5,225347
2021-04-12 09:15:19,1394.75,237386
2021-04-12 09:15:20,1394.35,249754
2021-04-12 09:15:21,1391.95,259546
2021-04-12 09:15:22,1392.05,274509
2021-04-12 09:15:23,1393.4,289082
2021-04-12 09:15:24,1393.1,296680
2021-04-12 09:15:25,1393.45,308033
2021-04-12 09:15:26,1393.55,316263
2021-04-12 09:15:27,1394.35,322044
2021-04-12 09:15:28,1393.75,330409
2021-04-12 09:15:29,1393.0,332459
2021-04-12 09:15:30,1393.25,336669
2021-04-12 09:15:31,1393.0,339730
2021-04-12 09:15:32,1393.0,343233
2021-04-12 09:15:33,1392.6,345203
2021-04-12 09:15:34,1391.95,347578
2021-04-12 09:15:35,1391.75,354364
2021-04-12 09:15:36,1392.1,358899
2021-04-12 09:15:37,1391.75,361737
2021-04-12 09:15:38,1390.55,364612
2021-04-12 09:15:39,1390.85,366964
2021-04-12 09:15:40,1392.4,373302
2021-04-12 09:15:41,1391.15,377610
2021-04-12 09:15:42,1389.05,387516
2021-04-12 09:15:43,1388.9,391822
2021-04-12 09:15:44,1389.65,394889
2021-04-12 09:15:45,1388.5,397871
2021-04-12 09:15:46,1387.7,400074
2021-04-12 09:15:47,1387.7,403232
2021-04-12 09:15:48,1387.65,410559
2021-04-12 09:15:49,1387.3,412000
2021-04-12 09:15:50,1388.4,415217
2021-04-12 09:15:51,1387.2,417578
2021-04-12 09:15:52,1388.1,419568
2021-04-12 09:15:53,1388.25,423838
2021-04-12 09:15:54,1387.55,427283
2021-04-12 09:15:55,1387.05,431337
2021-04-12 09:15:56,1387.0,432121
2021-04-12 09:15:57,1387.1,433709
2021-04-12 09:15:58,1386.8,435610
2021-04-12 09:15:59,1385.35,438776
2021-04-12 09:16:00,1386.7,442907
2021-04-12 09:16:01,1385.7,445196
2021-04-12 09:16:02,1386.45,447394
2021-04-12 09:16:03,1386.7,449591
2021-04-12 09:16:04,1385.95,451211
2021-04-12 09:16:05,1386.5,457409
2021-04-12 09:16:06,1386.75,461934
2021-04-12 09:16:07,1386.05,465014
2021-04-12 09:16:08,1386.95,466900
2021-04-12 09:16:09,1386.95,468198
2021-04-12 09:16:10,1386.8,471171
2021-04-12 09:16:11,1386.65,477983
2021-04-12 09:16:12,1386.75,479259
2021-04-12 09:16:13,1386.7,482741
2021-04-12 09:16:14,1387.45,485077
2021-04-12 09:16:15,1387.25,487442
2021-04-12 09:16:16,1386.55,490783
2021-04-12 09:16:17,1386.95,492252
2021-04-12 09:16:18,1386.05,493874
2021-04-12 09:16:19,1386.9,497891
2021-04-12 09:16:20,1386.85,502151
2021-04-12 09:16:21,1386.0,507680
2021-04-12 09:16:22,1385.15,514671
2021-04-12 09:16:23,1386.2,519054
2021-04-12 09:16:24,1386.05,520570
2021-04-12 09:16:26,1385.65,524980
2021-04-12 09:16:27,1386.5,528688
2021-04-12 09:16:27,1386.15,529774
2021-04-12 09:16:28,1386.05,531254
2021-04-12 09:16:29,1385.0,533521
2021-04-12 09:16:30,1385.95,537819
2021-04-12 09:16:32,1385.45,540596
2021-04-12 09:16:32,1386.05,545172
2021-04-12 09:16:33,1386.0,546757
2021-04-12 09:16:34,1386.0,547620
2021-04-12 09:16:35,1385.25,549558
2021-04-12 09:16:36,1385.95,552805
2021-04-12 09:16:37,1385.25,553923
2021-04-12 09:16:38,1385.95,556796
2021-04-12 09:16:39,1385.6,558317
2021-04-12 09:16:40,1385.6,559211
2021-04-12 09:16:41,1385.65,560027
2021-04-12 09:16:42,1385.8,561087
2021-04-12 09:16:43,1385.75,563244
2021-04-12 09:16:45,1384.9,564960
2021-04-12 09:16:46,1384.7,568962
2021-04-12 09:16:47,1384.55,572407
2021-04-12 09:16:48,1384.75,574179
2021-04-12 09:16:49,1383.0,575728
2021-04-12 09:16:50,1383.95,579615
2021-04-12 09:16:51,1383.8,582691
2021-04-12 09:16:52,1382.9,584287
2021-04-12 09:16:53,1384.1,586441
2021-04-12 09:16:54,1384.35,590035
2021-04-12 09:16:55,1385.0,591120
2021-04-12 09:16:56,1385.0,593278
2021-04-12 09:16:57,1384.9,594474
2021-04-12 09:16:58,1384.9,595888
2021-04-12 09:16:59,1385.0,597761
2021-04-12 09:17:00,1384.75,598656
2021-04-12 09:17:01,1384.7,601785
2021-04-12 09:17:02,1383.65,604436
2021-04-12 09:17:03,1383.65,604809
2021-04-12 09:17:04,1383.65,607048
2021-04-12 09:17:05,1383.85,608754
2021-04-12 09:17:05,1383.1,609800
2021-04-12 09:17:06,1381.85,612106
2021-04-12 09:17:07,1382.55,614523
2021-04-12 09:17:09,1381.8,617186
2021-04-12 09:17:10,1381.8,619033
2021-04-12 09:17:11,1381.8,620259
2021-04-12 09:17:12,1381.95,622825
2021-04-12 09:17:13,1381.95,624802
2021-04-12 09:17:14,1381.95,625461
2021-04-12 09:17:15,1381.8,628364
2021-04-12 09:17:16,1381.95,629764
2021-04-12 09:17:17,1381.95,631847
2021-04-12 09:17:18,1382.0,633523
2021-04-12 09:17:19,1382.45,634520
2021-04-12 09:17:20,1383.4,635912
2021-04-12 09:17:21,1383.0,637559
2021-04-12 09:17:22,1383.65,639212
2021-04-12 09:17:23,1384.3,641576
2021-04-12 09:17:24,1384.6,644163
2021-04-12 09:17:25,1383.7,644317
2021-04-12 09:17:26,1383.8,650303
2021-04-12 09:17:27,1383.5,653342
2021-04-12 09:17:28,1383.95,656349
2021-04-12 09:17:29,1383.1,658383
2021-04-12 09:17:30,1382.95,659617
2021-04-12 09:17:31,1382.15,660930
2021-04-12 09:17:32,1383.0,665760
2021-04-12 09:17:33,1382.2,668500
2021-04-12 09:17:34,1382.95,670235
2021-04-12 09:17:35,1382.35,670821
2021-04-12 09:17:36,1383.0,673444
2021-04-12 09:17:37,1383.15,675234
2021-04-12 09:17:38,1382.25,676390
2021-04-12 09:17:39,1382.95,677461
2021-04-12 09:17:39,1382.95,678076
2021-04-12 09:17:40,1382.8,678785
2021-04-12 09:17:41,1382.95,680121
2021-04-12 09:17:42,1382.0,681264
2021-04-12 09:17:43,1382.05,682417
2021-04-12 09:17:44,1382.15,683542
2021-04-12 09:17:45,1382.95,684161
2021-04-12 09:17:46,1383.0,684610
2021-04-12 09:17:47,1382.85,685022
2021-04-12 09:17:48,1383.55,686376
2021-04-12 09:17:49,1383.7,687145
2021-04-12 09:17:50,1383.9,687936
2021-04-12 09:17:52,1383.85,689885
2021-04-12 09:17:53,1383.85,691285
2021-04-12 09:17:54,1384.3,692251
2021-04-12 09:17:55,1383.25,697267
2021-04-12 09:17:55,1383.95,698938
2021-04-12 09:17:56,1383.3,700273
2021-04-12 09:17:57,1384.05,700869
2021-04-12 09:17:58,1384.6,702013
2021-04-12 09:18:00,1384.4,703021
2021-04-12 09:18:01,1383.85,704379
2021-04-12 09:18:02,1383.85,705892
2021-04-12 09:18:03,1383.9,706540
2021-04-12 09:18:03,1383.35,707553
2021-04-12 09:18:04,1383.9,708360
2021-04-12 09:18:05,1383.6,709980
2021-04-12 09:18:06,1383.85,711228
2021-04-12 09:18:08,1383.45,712266
2021-04-12 09:18:09,1383.85,714257
2021-04-12 09:18:10,1383.85,715563
2021-04-12 09:18:11,1384.5,716504
2021-04-12 09:18:12,1384.1,716902
2021-04-12 09:18:12,1384.1,718134
2021-04-12 09:18:13,1383.6,718576
2021-04-12 09:18:14,1384.0,719154
2021-04-12 09:18:15,1383.95,721129
2021-04-12 09:18:16,1383.2,722514
2021-04-12 09:18:17,1383.5,724663
2021-04-12 09:18:18,1383.2,728164
2021-04-12 09:18:19,1384.0,739171
2021-04-12 09:18:20,1381.7,750545
2021-04-12 09:18:21,1381.65,754167
2021-04-12 09:18:22,1381.9,755832
2021-04-12 09:18:23,1381.05,757042
2021-04-12 09:18:24,1380.1,781002
2021-04-12 09:18:25,1381.55,786019
2021-04-12 09:18:26,1381.25,786504
2021-04-12 09:18:27,1381.2,787122
2021-04-12 09:18:28,1380.65,788778
2021-04-12 09:18:29,1381.75,791342
2021-04-12 09:18:30,1382.5,793594
2021-04-12 09:18:31,1381.9,795403
2021-04-12 09:18:33,1382.15,796603
2021-04-12 09:18:34,1382.0,798336
2021-04-12 09:18:35,1381.9,798680
2021-04-12 09:18:36,1382.7,799560
2021-04-12 09:18:37,1382.0,801152
2021-04-12 09:18:37,1382.7,802697
2021-04-12 09:18:38,1382.6,803343
2021-04-12 09:18:39,1382.9,803919
2021-04-12 09:18:40,1382.35,806940
2021-04-12 09:18:41,1382.25,807622
2021-04-12 09:18:43,1382.25,809298
2021-04-12 09:18:44,1381.75,809504
2021-04-12 09:18:45,1382.55,811289
2021-04-12 09:18:46,1382.4,811667
2021-04-12 09:18:47,1381.9,812389
2021-04-12 09:18:48,1382.2,814917
2021-04-12 09:18:49,1381.75,816522
2021-04-12 09:18:50,1381.1,818945
2021-04-12 09:18:51,1381.75,821293
2021-04-12 09:18:52,1381.3,822570
2021-04-12 09:18:54,1381.9,823651
2021-04-12 09:18:55,1381.4,825422
2021-04-12 09:18:56,1382.2,826329
2021-04-12 09:18:57,1381.95,827077
2021-04-12 09:18:57,1381.9,826535
2021-04-12 09:18:59,1381.9,828828
2021-04-12 09:18:59,1381.9,830024
2021-04-12 09:19:00,1381.95,830716
2021-04-12 09:19:01,1381.25,832429
2021-04-12 09:19:02,1382.5,834269
2021-04-12 09:19:03,1382.15,834821
2021-04-12 09:19:04,1382.2,836638
2021-04-12 09:19:06,1382.15,837095
2021-04-12 09:19:06,1382.25,837353
2021-04-12 09:19:07,1382.3,838104
2021-04-12 09:19:09,1381.9,838495
2021-04-12 09:19:10,1381.9,839078
2021-04-12 09:19:11,1381.9,839817
2021-04-12 09:19:12,1382.3,840223
2021-04-12 09:19:12,1382.05,840415
2021-04-12 09:19:13,1381.8,841076
2021-04-12 09:19:14,1381.2,843164
2021-04-12 09:19:15,1381.55,845297
2021-04-12 09:19:16,1381.9,846010
2021-04-12 09:19:17,1381.55,846842
2021-04-12 09:19:19,1381.5,847314
2021-04-12 09:19:20,1381.0,848348
2021-04-12 09:19:21,1381.25,851098
2021-04-12 09:19:22,1381.8,851665
2021-04-12 09:19:23,1381.8,852091
2021-04-12 09:19:24,1381.85,853715
2021-04-12 09:19:25,1381.5,854331
2021-04-12 09:19:25,1381.8,855636
2021-04-12 09:19:27,1380.75,862122
2021-04-12 09:19:28,1381.7,862728
2021-04-12 09:19:28,1381.65,863474
2021-04-12 09:19:29,1381.0,864078
2021-04-12 09:19:30,1381.45,865631
2021-04-12 09:19:31,1381.25,867869
2021-04-12 09:19:32,1380.35,869218
2021-04-12 09:19:33,1380.0,882429
2021-04-12 09:19:35,1380.35,888330
2021-04-12 09:19:36,1380.35,891351
2021-04-12 09:19:37,1381.5,892086
2021-04-12 09:19:38,1381.1,893276
2021-04-12 09:19:39,1381.95,894590
2021-04-12 09:19:40,1381.45,894983
2021-04-12 09:19:40,1381.4,895591
2021-04-12 09:19:42,1380.6,895781
2021-04-12 09:19:43,1381.3,896778
2021-04-12 09:19:44,1382.0,904188
2021-04-12 09:19:45,1382.0,904939
2021-04-12 09:19:46,1381.8,905177
2021-04-12 09:19:47,1381.9,906208
2021-04-12 09:19:48,1382.0,907158
2021-04-12 09:19:48,1382.15,907793
2021-04-12 09:19:49,1381.9,908541
2021-04-12 09:19:50,1382.0,913384
2021-04-12 09:19:51,1382.0,916375
2021-04-12 09:19:52,1382.05,917655
2021-04-12 09:19:53,1382.0,918130
2021-04-12 09:19:54,1381.25,918959
2021-04-12 09:19:55,1382.0,919851
2021-04-12 09:19:56,1382.45,920698
2021-04-12 09:19:57,1382.0,921442
2021-04-12 09:19:59,1382.45,924046
2021-04-12 09:20:00,1382.6,924902
2021-04-12 09:20:01,1381.75,925353
2021-04-12 09:20:02,1382.0,926069
2021-04-12 09:20:03,1382.25,928130
2021-04-12 09:20:03,1382.0,928530
2021-04-12 09:20:05,1381.35,929400
2021-04-12 09:20:06,1381.95,930133
2021-04-12 09:20:06,1380.85,931062
2021-04-12 09:20:07,1381.9,932674
2021-04-12 09:20:08,1381.55,935688
2021-04-12 09:20:09,1381.55,936162
2021-04-12 09:20:10,1380.9,937242
2021-04-12 09:20:11,1379.9,945985
2021-04-12 09:20:12,1381.0,947898
2021-04-12 09:20:13,1381.0,949757
2021-04-12 09:20:14,1380.6,950287
2021-04-12 09:20:16,1381.45,951925
2021-04-12 09:20:16,1381.0,953898
2021-04-12 09:20:18,1380.9,955132
2021-04-12 09:20:19,1380.3,956061
2021-04-12 09:20:19,1380.95,956972
2021-04-12 09:20:20,1380.35,958403
2021-04-12 09:20:22,1380.35,959708
2021-04-12 09:20:22,1380.95,960077
2021-04-12 09:20:24,1380.8,960703
2021-04-12 09:20:24,1381.0,961547
2021-04-12 09:20:26,1379.75,977072
2021-04-12 09:20:27,1380.35,979483
2021-04-12 09:20:27,1380.4,979802
2021-04-12 09:20:28,1380.0,981616
2021-04-12 09:20:30,1381.0,982992
2021-04-12 09:20:30,1381.35,983602
2021-04-12 09:20:31,1381.7,984718
2021-04-12 09:20:32,1381.0,985202
2021-04-12 09:20:33,1381.05,985570
2021-04-12 09:20:35,1381.85,986558
2021-04-12 09:20:36,1381.0,987095
2021-04-12 09:20:36,1381.15,988437
2021-04-12 09:20:38,1380.85,995950
2021-04-12 09:20:39,1380.7,1000405
2021-04-12 09:20:40,1380.55,1001339
2021-04-12 09:20:41,1380.15,1003380
2021-04-12 09:20:42,1380.6,1004445
2021-04-12 09:20:42,1381.0,1005995
2021-04-12 09:20:43,1380.7,1007229
2021-04-12 09:20:44,1380.7,1007677
2021-04-12 09:20:46,1380.75,1010753
2021-04-12 09:20:46,1381.6,1011162
2021-04-12 09:20:48,1381.25,1012463
2021-04-12 09:20:48,1381.35,1012675
2021-04-12 09:20:49,1381.35,1013059
2021-04-12 09:20:50,1380.7,1014076
2021-04-12 09:20:51,1381.65,1017006
2021-04-12 09:20:52,1381.6,1017146
2021-04-12 09:20:54,1382.0,1018490
2021-04-12 09:20:55,1381.85,1019500
2021-04-12 09:20:55,1382.6,1020231
2021-04-12 09:20:56,1382.85,1020985
2021-04-12 09:20:57,1382.4,1022007
2021-04-12 09:20:58,1382.95,1023847
2021-04-12 09:20:59,1383.35,1025114
2021-04-12 09:21:00,1382.65,1026975
2021-04-12 09:21:01,1383.4,1027937
2021-04-12 09:21:03,1383.2,1028554
2021-04-12 09:21:05,1382.65,1029698
2021-04-12 09:21:06,1382.45,1030258
2021-04-12 09:21:07,1382.45,1031042
2021-04-12 09:21:08,1382.55,1031387
2021-04-12 09:21:12,1382.15,1034806
2021-04-12 09:21:13,1381.75,1036254
2021-04-12 09:21:14,1382.0,1037708
2021-04-12 09:21:15,1381.8,1040035
2021-04-12 09:21:16,1381.7,1041135
2021-04-12 09:21:17,1381.7,1041943
2021-04-12 09:21:18,1381.4,1042535
2021-04-12 09:21:19,1382.0,1043668
2021-04-12 09:21:20,1382.0,1044004
2021-04-12 09:21:21,1381.65,1046475
2021-04-12 09:21:22,1382.0,1047795
2021-04-12 09:21:23,1382.5,1051753
2021-04-12 09:21:24,1382.75,1052945
2021-04-12 09:21:25,1382.7,1054390
2021-04-12 09:21:26,1382.05,1055017
2021-04-12 09:21:27,1382.5,1059335
2021-04-12 09:21:28,1382.45,1060819
2021-04-12 09:21:29,1382.9,1061530
2021-04-12 09:21:30,1382.4,1063631
2021-04-12 09:21:31,1382.5,1064060
2021-04-12 09:21:32,1382.5,1064796
2021-04-12 09:21:33,1383.0,1065460
2021-04-12 09:21:34,1382.6,1066464
2021-04-12 09:21:35,1382.9,1067128
2021-04-12 09:21:36,1382.85,1067673
2021-04-12 09:21:37,1383.1,1068786
2021-04-12 09:21:38,1382.95,1069154
2021-04-12 09:21:39,1382.95,1069824
2021-04-12 09:21:40,1382.5,1070157
2021-04-12 09:21:41,1382.95,1070423
2021-04-12 09:21:42,1382.7,1071222
2021-04-12 09:21:43,1382.6,1071889
2021-04-12 09:21:44,1382.6,1073080
2021-04-12 09:21:45,1382.05,1073523
2021-04-12 09:21:46,1382.0,1074079
2021-04-12 09:21:47,1382.0,1074283
2021-04-12 09:21:48,1382.6,1075237
2021-04-12 09:21:49,1382.5,1075788
2021-04-12 09:21:50,1381.75,1076663
2021-04-12 09:21:51,1381.65,1077228
2021-04-12 09:21:52,1380.85,1079238
2021-04-12 09:21:53,1380.55,1080742
2021-04-12 09:21:54,1381.3,1082122
2021-04-12 09:21:55,1380.85,1082239
2021-04-12 09:21:56,1381.85,1083134
2021-04-12 09:21:57,1381.85,1084089
2021-04-12 09:21:58,1382.4,1084812
2021-04-12 09:21:59,1382.3,1085301
2021-04-12 09:22:00,1381.65,1085892
2021-04-12 09:22:01,1382.0,1086646
2021-04-12 09:22:02,1381.2,1087211
2021-04-12 09:22:03,1381.55,1088465
2021-04-12 09:22:04,1381.55,1089064
2021-04-12 09:22:05,1381.65,1089441
2021-04-12 09:22:06,1381.65,1089686
2021-04-12 09:22:07,1382.0,1090642
2021-04-12 09:22:08,1381.45,1091137
2021-04-12 09:22:09,1382.2,1091399
2021-04-12 09:22:10,1382.2,1091493
2021-04-12 09:22:11,1381.6,1091527
2021-04-12 09:22:12,1382.0,1092118
2021-04-12 09:22:13,1382.5,1092783
2021-04-12 09:22:14,1382.2,1093466
2021-04-12 09:22:15,1382.05,1093910
2021-04-12 09:22:16,1382.7,1094362
2021-04-12 09:22:17,1382.45,1095289
2021-04-12 09:22:18,1383.0,1097513
2021-04-12 09:22:19,1383.0,1098043
2021-04-12 09:22:20,1383.2,1099176
2021-04-12 09:22:21,1383.05,1101103
2021-04-12 09:22:22,1382.75,1103460
2021-04-12 09:22:23,1383.4,1103988
2021-04-12 09:22:24,1383.4,1105295
2021-04-12 09:22:25,1383.4,1106210
2021-04-12 09:22:26,1383.4,1106994
2021-04-12 09:22:27,1383.4,1107666
2021-04-12 09:22:28,1383.5,1107944
2021-04-12 09:22:29,1382.9,1109143
2021-04-12 09:22:30,1382.95,1110621
2021-04-12 09:22:31,1383.15,1111800
2021-04-12 09:22:32,1382.75,1112137
2021-04-12 09:22:33,1383.5,1115961
2021-04-12 09:22:34,1383.45,1119382
2021-04-12 09:22:35,1384.35,1119814
2021-04-12 09:22:36,1384.65,1123328
2021-04-12 09:22:37,1384.9,1124054
2021-04-12 09:22:38,1385.4,1131451
2021-04-12 09:22:39,1384.75,1132449
2021-04-12 09:22:40,1384.35,1132708
2021-04-12 09:22:41,1384.35,1135823
2021-04-12 09:22:42,1383.6,1136902
2021-04-12 09:22:43,1384.4,1138263
2021-04-12 09:22:44,1384.15,1139586
2021-04-12 09:22:45,1384.8,1140492
2021-04-12 09:22:46,1383.8,1142811
2021-04-12 09:22:47,1384.8,1143677
2021-04-12 09:22:48,1384.4,1144219
2021-04-12 09:22:49,1384.4,1144558
2021-04-12 09:22:50,1384.15,1145515
2021-04-12 09:22:51,1384.2,1148247
2021-04-12 09:22:52,1384.7,1149565
2021-04-12 09:22:53,1384.2,1149913
2021-04-12 09:22:54,1384.45,1150850
2021-04-12 09:22:55,1384.5,1151657
2021-04-12 09:22:56,1384.5,1151956
2021-04-12 09:22:57,1384.2,1153147
2021-04-12 09:22:58,1384.9,1153535
2021-04-12 09:22:59,1384.9,1154550
2021-04-12 09:23:01,1385.0,1155008
2021-04-12 09:23:00,1384.7,1155002
2021-04-12 09:23:02,1384.65,1155663
2021-04-12 09:23:03,1384.6,1156271
2021-04-12 09:23:04,1385.0,1157329
2021-04-12 09:23:05,1385.35,1158120
2021-04-12 09:23:06,1384.65,1159334
2021-04-12 09:23:07,1385.3,1159992
2021-04-12 09:23:08,1384.75,1160379
2021-04-12 09:23:09,1385.4,1160582
2021-04-12 09:23:10,1384.5,1161258
2021-04-12 09:23:11,1384.4,1162489
2021-04-12 09:23:12,1384.35,1162938
2021-04-12 09:23:13,1383.7,1164300
2021-04-12 09:23:14,1383.75,1165039
2021-04-12 09:23:15,1383.75,1169417
2021-04-12 09:23:16,1383.2,1170087
2021-04-12 09:23:17,1383.75,1170619
2021-04-12 09:23:18,1384.0,1172495
2021-04-12 09:23:19,1383.3,1173131
2021-04-12 09:23:20,1384.0,1173371
2021-04-12 09:23:21,1384.15,1173978
2021-04-12 09:23:22,1384.4,1174105
2021-04-12 09:23:23,1384.35,1174719
2021-04-12 09:23:25,1383.15,1175519
2021-04-12 09:23:26,1383.85,1177592
2021-04-12 09:23:27,1384.55,1177892
2021-04-12 09:23:28,1383.9,1178659
2021-04-12 09:23:29,1383.4,1180025
2021-04-12 09:23:30,1383.85,1182226
2021-04-12 09:23:32,1383.85,1182852
2021-04-12 09:23:33,1383.85,1183744
2021-04-12 09:23:34,1383.5,1184318
2021-04-12 09:23:35,1384.0,1184693
2021-04-12 09:23:36,1384.0,1185033
2021-04-12 09:23:36,1383.4,1185093
2021-04-12 09:23:37,1383.7,1185782
2021-04-12 09:23:38,1383.35,1186093
2021-04-12 09:23:39,1383.7,1186630
2021-04-12 09:23:40,1383.85,1187072
2021-04-12 09:23:41,1383.5,1187917
2021-04-12 09:23:42,1383.0,1188143
2021-04-12 09:23:43,1383.75,1188946
2021-04-12 09:23:44,1383.75,1189119
2021-04-12 09:23:45,1383.8,1189556
2021-04-12 09:23:46,1383.9,1190329
2021-04-12 09:23:47,1383.95,1193055
2021-04-12 09:23:48,1383.0,1194624
2021-04-12 09:23:49,1383.35,1195535
2021-04-12 09:23:50,1383.0,1196520
2021-04-12 09:23:51,1383.0,1197200
2021-04-12 09:23:52,1383.6,1197678
2021-04-12 09:23:53,1383.6,1198078
2021-04-12 09:23:54,1383.35,1198457
2021-04-12 09:23:55,1383.5,1199713
2021-04-12 09:23:56,1383.3,1200173
2021-04-12 09:23:57,1382.65,1200853
2021-04-12 09:23:58,1383.0,1201368
2021-04-12 09:24:00,1382.65,1202237
2021-04-12 09:24:01,1382.9,1203128
2021-04-12 09:24:02,1382.25,1203822
2021-04-12 09:24:03,1382.25,1203960
2021-04-12 09:24:04,1382.55,1204448
2021-04-12 09:24:05,1382.55,1204978
2021-04-12 09:24:06,1382.45,1208332
2021-04-12 09:24:07,1382.0,1209399
2021-04-12 09:24:08,1381.85,1210040
2021-04-12 09:24:09,1382.45,1210424
2021-04-12 09:24:10,1382.25,1210957
2021-04-12 09:24:11,1382.0,1211283
2021-04-12 09:24:12,1382.1,1212021
2021-04-12 09:24:13,1381.85,1212363
2021-04-12 09:24:14,1381.85,1213019
2021-04-12 09:24:15,1382.15,1213312
2021-04-12 09:24:16,1381.95,1213894
2021-04-12 09:24:17,1382.5,1214540
2021-04-12 09:24:18,1382.5,1214576
2021-04-12 09:24:19,1382.0,1214762
2021-04-12 09:24:20,1382.0,1215135
2021-04-12 09:24:21,1381.65,1218128
2021-04-12 09:24:22,1382.55,1219668
2021-04-12 09:24:23,1382.6,1219942
2021-04-12 09:24:24,1382.5,1220487
2021-04-12 09:24:25,1382.3,1220611
2021-04-12 09:24:26,1382.0,1220837
2021-04-12 09:24:27,1382.25,1222130
2021-04-12 09:24:28,1382.25,1222192
2021-04-12 09:24:29,1381.3,1223361
2021-04-12 09:24:30,1381.9,1229683
2021-04-12 09:24:30,1381.85,1230438
2021-04-12 09:24:31,1381.8,1231728
2021-04-12 09:24:32,1381.5,1232340
2021-04-12 09:24:33,1381.25,1233524
2021-04-12 09:24:34,1381.65,1234404
2021-04-12 09:24:35,1381.05,1235455
2021-04-12 09:24:36,1381.7,1236500
2021-04-12 09:24:37,1381.85,1237627
2021-04-12 09:24:38,1381.45,1238517
2021-04-12 09:24:39,1381.1,1239007
2021-04-12 09:24:40,1381.35,1239411
2021-04-12 09:24:41,1381.3,1239645
2021-04-12 09:24:42,1381.85,1240183
2021-04-12 09:24:43,1381.3,1241060
2021-04-12 09:24:44,1381.8,1241351
2021-04-12 09:24:45,1381.3,1242038
2021-04-12 09:24:46,1381.85,1242493
2021-04-12 09:24:47,1381.9,1243440
2021-04-12 09:24:48,1381.85,1244426
2021-04-12 09:24:49,1381.15,1245423
2021-04-12 09:24:50,1381.45,1247061
2021-04-12 09:24:51,1380.7,1247776
2021-04-12 09:24:52,1380.8,1248133
2021-04-12 09:24:53,1381.55,1248424
2021-04-12 09:24:54,1381.15,1248613
2021-04-12 09:24:55,1380.95,1249113
2021-04-12 09:24:56,1381.45,1250019
2021-04-12 09:24:57,1380.75,1250641
2021-04-12 09:24:58,1381.0,1251014
2021-04-12 09:24:59,1380.7,1251270
2021-04-12 09:25:00,1381.0,1251743
2021-04-12 09:25:01,1380.5,1251988
2021-04-12 09:25:02,1381.0,1252566
2021-04-12 09:25:03,1381.45,1253157
2021-04-12 09:25:04,1381.4,1253411
2021-04-12 09:25:05,1381.45,1253715
2021-04-12 09:25:06,1381.4,1254832
2021-04-12 09:25:07,1381.45,1256224
2021-04-12 09:25:08,1382.15,1257583
2021-04-12 09:25:09,1381.65,1257749
2021-04-12 09:25:10,1381.95,1258443
2021-04-12 09:25:11,1382.65,1259287
2021-04-12 09:25:13,1382.7,1260478
2021-04-12 09:25:14,1383.5,1261781
2021-04-12 09:25:15,1384.35,1263192
2021-04-12 09:25:16,1383.55,1263877
2021-04-12 09:25:17,1383.55,1265454
2021-04-12 09:25:18,1383.6,1266200
2021-04-12 09:25:19,1383.6,1266796
2021-04-12 09:25:20,1383.3,1267252
2021-04-12 09:25:21,1384.2,1268032
2021-04-12 09:25:22,1383.5,1268839
2021-04-12 09:25:23,1383.45,1269110
2021-04-12 09:25:24,1384.5,1269399
2021-04-12 09:25:25,1384.55,1269527
2021-04-12 09:25:26,1384.5,1269924
2021-04-12 09:25:27,1384.5,1270294
2021-04-12 09:25:28,1384.55,1270755
2021-04-12 09:25:28,1383.95,1270822
2021-04-12 09:25:29,1384.2,1271176
2021-04-12 09:25:30,1384.15,1271414
2021-04-12 09:25:31,1384.75,1271835
2021-04-12 09:25:32,1384.8,1272142
2021-04-12 09:25:33,1385.85,1281010
2021-04-12 09:25:34,1385.1,1281942
2021-04-12 09:25:35,1385.85,1283555
2021-04-12 09:25:36,1385.2,1284225
2021-04-12 09:25:37,1385.35,1284748
2021-04-12 09:25:38,1384.7,1286334
2021-04-12 09:25:39,1385.5,1288641
2021-04-12 09:25:40,1385.2,1289572
2021-04-12 09:25:41,1384.75,1291625
2021-04-12 09:25:42,1384.85,1291918
2021-04-12 09:25:43,1384.9,1292252
2021-04-12 09:25:44,1384.75,1292597
2021-04-12 09:25:45,1384.15,1292830
2021-04-12 09:25:46,1384.15,1293308
2021-04-12 09:25:47,1384.8,1293931
2021-04-12 09:25:48,1383.95,1294611
2021-04-12 09:25:49,1384.15,1295130
2021-04-12 09:25:50,1384.5,1296089
2021-04-12 09:25:51,1384.15,1296675
2021-04-12 09:25:52,1383.95,1297063
2021-04-12 09:25:54,1383.8,1297706
2021-04-12 09:25:55,1384.3,1298157
2021-04-12 09:25:56,1384.25,1298652
2021-04-12 09:25:57,1384.05,1299508
2021-04-12 09:25:58,1384.3,1299828
2021-04-12 09:25:59,1384.0,1300109
2021-04-12 09:26:00,1384.05,1300778
2021-04-12 09:26:01,1383.35,1301301
2021-04-12 09:26:02,1383.3,1301754
2021-04-12 09:26:03,1384.15,1301880
2021-04-12 09:26:04,1384.15,1302067
2021-04-12 09:26:05,1384.15,1302291
2021-04-12 09:26:06,1383.25,1302419
2021-04-12 09:26:08,1383.55,1303334
2021-04-12 09:26:09,1383.7,1303691
2021-04-12 09:26:10,1383.65,1303805
2021-04-12 09:26:11,1382.6,1304407
2021-04-12 09:26:12,1382.85,1305274
2021-04-12 09:26:13,1382.45,1305768
2021-04-12 09:26:13,1383.05,1305642
2021-04-12 09:26:14,1382.65,1306235
2021-04-12 09:26:15,1383.15,1306653
2021-04-12 09:26:16,1383.2,1307256
2021-04-12 09:26:17,1383.0,1308099
2021-04-12 09:26:18,1383.15,1308467
2021-04-12 09:26:19,1383.05,1308776
2021-04-12 09:26:20,1383.05,1309429
2021-04-12 09:26:21,1382.95,1310051
2021-04-12 09:26:22,1382.9,1310416
2021-04-12 09:26:23,1382.25,1310977
2021-04-12 09:26:24,1383.0,1311484
2021-04-12 09:26:25,1383.0,1311576
2021-04-12 09:26:26,1383.2,1312192
2021-04-12 09:26:27,1382.4,1312821
2021-04-12 09:26:28,1383.1,1312967
2021-04-12 09:26:29,1383.1,1313007
2021-04-12 09:26:30,1383.1,1313157
2021-04-12 09:26:31,1383.35,1314039
2021-04-12 09:26:32,1382.75,1314550
2021-04-12 09:26:33,1383.4,1314930
2021-04-12 09:26:34,1383.3,1315074
2021-04-12 09:26:35,1383.3,1315156
2021-04-12 09:26:36,1383.4,1317497
2021-04-12 09:26:37,1383.5,1318086
2021-04-12 09:26:38,1383.5,1318142
2021-04-12 09:26:39,1383.5,1318271
2021-04-12 09:26:40,1383.55,1319312
2021-04-12 09:26:41,1383.5,1320946
2021-04-12 09:26:42,1383.45,1322392
2021-04-12 09:26:43,1382.2,1323053
2021-04-12 09:26:44,1382.8,1323730
2021-04-12 09:26:45,1382.8,1324358
2021-04-12 09:26:46,1382.95,1325329
2021-04-12 09:26:47,1382.95,1325903
2021-04-12 09:26:48,1383.0,1326841
2021-04-12 09:26:49,1383.0,1326927
2021-04-12 09:26:50,1382.95,1327268
2021-04-12 09:26:51,1382.95,1327729
2021-04-12 09:26:52,1382.5,1328116
2021-04-12 09:26:53,1383.0,1328606
2021-04-12 09:26:54,1382.35,1329527
2021-04-12 09:26:56,1382.6,1329912
2021-04-12 09:26:57,1383.55,1330737
2021-04-12 09:26:58,1383.0,1330954
2021-04-12 09:26:59,1382.75,1331581
2021-04-12 09:27:00,1383.0,1331614
2021-04-12 09:27:01,1383.0,1331833
2021-04-12 09:27:02,1383.3,1332092
2021-04-12 09:27:03,1382.45,1333096
2021-04-12 09:27:04,1383.0,1333242
2021-04-12 09:27:05,1383.0,1333890
2021-04-12 09:27:06,1383.0,1334159
2021-04-12 09:27:07,1382.15,1334266
2021-04-12 09:27:08,1382.9,1334801
2021-04-12 09:27:09,1383.15,1335090
2021-04-12 09:27:10,1381.95,1335774
2021-04-12 09:27:11,1381.75,1336539
2021-04-12 09:27:12,1382.35,1337547
2021-04-12 09:27:13,1382.0,1337994
2021-04-12 09:27:14,1382.35,1338561
2021-04-12 09:27:15,1382.2,1339677
2021-04-12 09:27:15,1382.2,1339704
2021-04-12 09:27:16,1381.45,1340076
2021-04-12 09:27:17,1381.4,1340401
2021-04-12 09:27:18,1382.0,1342228
2021-04-12 09:27:20,1382.2,1342830
2021-04-12 09:27:21,1382.25,1342964
2021-04-12 09:27:22,1382.2,1343158
2021-04-12 09:27:22,1382.2,1343171
2021-04-12 09:27:23,1381.8,1344194
2021-04-12 09:27:24,1381.15,1344563
2021-04-12 09:27:25,1381.15,1347387
2021-04-12 09:27:26,1381.65,1347579
2021-04-12 09:27:27,1381.6,1348359
2021-04-12 09:27:29,1381.6,1348742
2021-04-12 09:27:30,1381.55,1348951
2021-04-12 09:27:30,1381.55,1349044
2021-04-12 09:27:32,1380.55,1351776
2021-04-12 09:27:33,1380.8,1352991
2021-04-12 09:27:34,1381.5,1353397
2021-04-12 09:27:35,1381.5,1353611
2021-04-12 09:27:35,1381.5,1353797
2021-04-12 09:27:36,1381.65,1354415
2021-04-12 09:27:37,1381.5,1354913
2021-04-12 09:27:38,1381.25,1355807
2021-04-12 09:27:39,1381.5,1356449
2021-04-12 09:27:40,1381.55,1357075
2021-04-12 09:27:41,1381.05,1357566
2021-04-12 09:27:42,1381.7,1358104
2021-04-12 09:27:43,1381.1,1358640
2021-04-12 09:27:45,1381.55,1358753
2021-04-12 09:27:46,1381.25,1358906
2021-04-12 09:27:47,1381.5,1359158
2021-04-12 09:27:48,1381.65,1360071
2021-04-12 09:27:49,1381.5,1361253
2021-04-12 09:27:50,1381.3,1361505
2021-04-12 09:27:51,1381.55,1361747
2021-04-12 09:27:52,1381.5,1362156
2021-04-12 09:27:53,1381.65,1362791
2021-04-12 09:27:54,1381.5,1363071
2021-04-12 09:27:56,1382.2,1363600
2021-04-12 09:27:57,1381.6,1364008
2021-04-12 09:27:58,1382.0,1364311
2021-04-12 09:27:59,1382.0,1364862
2021-04-12 09:28:00,1381.65,1364939
2021-04-12 09:28:01,1381.0,1365555
2021-04-12 09:28:02,1381.25,1367104
2021-04-12 09:28:03,1381.35,1368466
2021-04-12 09:28:04,1380.35,1371658
2021-04-12 09:28:05,1380.4,1371988
2021-04-12 09:28:06,1380.95,1372888
2021-04-12 09:28:07,1380.85,1373275
2021-04-12 09:28:08,1378.6,1404373
2021-04-12 09:28:09,1379.2,1405373
2021-04-12 09:28:10,1378.65,1408189
2021-04-12 09:28:11,1378.65,1408699
2021-04-12 09:28:12,1379.15,1409868
2021-04-12 09:28:13,1378.65,1410161
2021-04-12 09:28:14,1378.9,1413328
2021-04-12 09:28:15,1378.8,1413513
2021-04-12 09:28:16,1378.2,1414051
2021-04-12 09:28:17,1378.5,1417917
2021-04-12 09:28:18,1377.5,1422396
2021-04-12 09:28:19,1377.55,1423280
2021-04-12 09:28:20,1378.0,1424977
2021-04-12 09:28:21,1377.9,1426424
2021-04-12 09:28:22,1377.35,1427081
2021-04-12 09:28:22,1377.4,1428021
2021-04-12 09:28:23,1376.9,1429044
2021-04-12 09:28:24,1376.55,1429802
2021-04-12 09:28:25,1377.15,1430091
2021-04-12 09:28:26,1377.1,1433449
2021-04-12 09:28:27,1376.75,1435050
2021-04-12 09:28:28,1377.25,1435495
2021-04-12 09:28:29,1376.45,1438319
2021-04-12 09:28:30,1376.75,1438916
2021-04-12 09:28:31,1377.0,1439249
2021-04-12 09:28:32,1377.1,1440111
2021-04-12 09:28:33,1376.65,1440554
2021-04-12 09:28:34,1376.95,1440996
2021-04-12 09:28:35,1376.85,1441918
2021-04-12 09:28:36,1376.95,1442947
2021-04-12 09:28:37,1376.8,1445129
2021-04-12 09:28:38,1376.3,1445881
2021-04-12 09:28:39,1376.3,1446378
2021-04-12 09:28:40,1377.0,1446851
2021-04-12 09:28:41,1377.0,1451557
2021-04-12 09:28:42,1376.85,1452229
2021-04-12 09:28:44,1376.95,1453330
2021-04-12 09:28:44,1376.9,1453743
2021-04-12 09:28:45,1376.85,1453968
2021-04-12 09:28:46,1377.1,1454932
2021-04-12 09:28:47,1377.0,1455160
2021-04-12 09:28:48,1377.45,1455681
2021-04-12 09:28:49,1377.45,1455986
2021-04-12 09:28:51,1377.0,1458276
2021-04-12 09:28:52,1377.55,1458581
2021-04-12 09:28:53,1377.85,1459389
2021-04-12 09:28:54,1377.85,1459601
2021-04-12 09:28:55,1377.6,1459974
2021-04-12 09:28:56,1377.75,1465327
2021-04-12 09:28:57,1377.85,1466839
2021-04-12 09:28:58,1377.9,1467533
2021-04-12 09:28:59,1377.9,1468869
2021-04-12 09:29:00,1377.15,1469058
2021-04-12 09:29:01,1377.8,1469501
2021-04-12 09:29:02,1377.05,1469601
2021-04-12 09:29:03,1377.7,1470481
2021-04-12 09:29:04,1377.2,1470625
2021-04-12 09:29:05,1377.5,1470759
2021-04-12 09:29:06,1377.7,1470920
2021-04-12 09:29:07,1378.0,1471412
2021-04-12 09:29:08,1377.45,1472101
2021-04-12 09:29:09,1378.0,1473699
2021-04-12 09:29:10,1378.25,1474350
2021-04-12 09:29:11,1377.5,1474612
2021-04-12 09:29:12,1377.75,1474944
2021-04-12 09:29:13,1378.3,1475512
2021-04-12 09:29:14,1378.35,1476541
2021-04-12 09:29:15,1378.35,1478655
2021-04-12 09:29:16,1378.5,1479014
2021-04-12 09:29:17,1378.3,1479543
2021-04-12 09:29:18,1377.75,1479983
2021-04-12 09:29:19,1378.3,1480394
2021-04-12 09:29:20,1378.3,1482934
2021-04-12 09:29:21,1378.25,1484152
2021-04-12 09:29:22,1378.2,1485034
2021-04-12 09:29:23,1377.45,1485463
2021-04-12 09:29:24,1378.0,1485898
2021-04-12 09:29:25,1378.0,1486485
2021-04-12 09:29:26,1377.45,1486910
2021-04-12 09:29:27,1377.45,1488415
2021-04-12 09:29:28,1377.5,1490822
2021-04-12 09:29:29,1378.2,1491341
2021-04-12 09:29:31,1378.4,1491873
2021-04-12 09:29:32,1378.5,1492358
2021-04-12 09:29:33,1378.5,1492440
2021-04-12 09:29:34,1378.85,1492639
2021-04-12 09:29:35,1378.35,1492671
2021-04-12 09:29:36,1378.25,1493123
2021-04-12 09:29:37,1378.4,1493274
2021-04-12 09:29:38,1378.05,1493808
2021-04-12 09:29:39,1378.05,1494695
2021-04-12 09:29:40,1377.35,1498983
2021-04-12 09:29:41,1377.3,1500395
2021-04-12 09:29:42,1377.75,1500815
2021-04-12 09:29:43,1377.95,1500930
2021-04-12 09:29:44,1378.05,1502564
2021-04-12 09:29:45,1378.0,1502615
2021-04-12 09:29:46,1378.0,1504009
2021-04-12 09:29:47,1377.75,1504250
2021-04-12 09:29:48,1378.0,1504428
2021-04-12 09:29:49,1378.0,1504525
2021-04-12 09:29:50,1378.0,1504808
2021-04-12 09:29:51,1377.75,1505007
2021-04-12 09:29:52,1377.9,1505625
2021-04-12 09:29:53,1377.75,1505906
2021-04-12 09:29:54,1378.0,1506037
2021-04-12 09:29:55,1377.75,1507214
2021-04-12 09:29:56,1377.0,1507591
2021-04-12 09:29:57,1377.4,1507706
2021-04-12 09:29:58,1377.65,1508301
2021-04-12 09:29:59,1378.0,1508986
2021-04-12 09:30:00,1378.05,1509423
2021-04-12 09:30:01,1377.35,1509974
2021-04-12 09:30:02,1377.35,1510093
2021-04-12 09:30:03,1377.35,1510974
2021-04-12 09:30:04,1377.25,1512489
2021-04-12 09:30:05,1376.85,1513318
2021-04-12 09:30:06,1377.0,1514836
2021-04-12 09:30:07,1377.25,1515897
2021-04-12 09:30:08,1377.25,1516147
2021-04-12 09:30:08,1376.55,1516350
2021-04-12 09:30:10,1377.0,1516973
2021-04-12 09:30:11,1376.75,1518545
2021-04-12 09:30:12,1376.75,1519125
2021-04-12 09:30:13,1377.3,1520212
2021-04-12 09:30:14,1377.25,1520651
2021-04-12 09:30:15,1377.2,1521350
2021-04-12 09:30:16,1377.5,1521423
2021-04-12 09:30:17,1377.5,1521798
2021-04-12 09:30:18,1377.45,1521856
2021-04-12 09:30:19,1377.45,1521985
2021-04-12 09:30:20,1377.2,1523287
2021-04-12 09:30:21,1376.9,1523373
2021-04-12 09:30:22,1376.35,1523759
2021-04-12 09:30:23,1376.15,1524214
2021-04-12 09:30:24,1376.75,1524250
2021-04-12 09:30:25,1375.75,1536399
2021-04-12 09:30:26,1375.95,1538620
2021-04-12 09:30:27,1375.4,1538851
2021-04-12 09:30:28,1376.1,1539256
2021-04-12 09:30:29,1376.15,1540618
2021-04-12 09:30:30,1376.2,1541005
2021-04-12 09:30:31,1376.0,1541516
2021-04-12 09:30:32,1376.25,1541766
2021-04-12 09:30:33,1376.1,1542375
2021-04-12 09:30:34,1376.8,1542801
2021-04-12 09:30:35,1375.9,1544406
2021-04-12 09:30:36,1376.25,1544570
2021-04-12 09:30:37,1376.5,1545196
2021-04-12 09:30:38,1376.6,1545583
2021-04-12 09:30:39,1377.0,1546409
2021-04-12 09:30:40,1377.0,1546453
2021-04-12 09:30:41,1377.2,1546850
2021-04-12 09:30:42,1377.0,1547710
2021-04-12 09:30:43,1377.05,1549273
2021-04-12 09:30:44,1376.5,1550761
2021-04-12 09:30:45,1376.0,1551242
2021-04-12 09:30:46,1376.45,1551303
2021-04-12 09:30:47,1376.4,1552576
2021-04-12 09:30:48,1376.2,1553225
2021-04-12 09:30:49,1375.35,1554323
2021-04-12 09:30:50,1375.15,1555340
2021-04-12 09:30:51,1375.0,1555919
2021-04-12 09:30:52,1375.75,1556086
2021-04-12 09:30:53,1375.75,1556447
2021-04-12 09:30:54,1375.9,1556825
2021-04-12 09:30:55,1375.9,1557691
2021-04-12 09:30:56,1375.25,1558155
2021-04-12 09:30:57,1375.3,1558374
2021-04-12 09:30:58,1375.1,1558699
2021-04-12 09:30:59,1375.65,1558880
2021-04-12 09:31:00,1374.7,1588573
2021-04-12 09:31:01,1374.35,1589987
2021-04-12 09:31:02,1374.85,1594992
2021-04-12 09:31:03,1375.0,1595548
2021-04-12 09:31:04,1375.0,1596229
2021-04-12 09:31:05,1375.15,1598089
2021-04-12 09:31:06,1375.0,1598309
2021-04-12 09:31:07,1374.05,1599261
2021-04-12 09:31:08,1374.6,1599686
2021-04-12 09:31:09,1373.9,1600958
2021-04-12 09:31:10,1374.35,1601951
2021-04-12 09:31:11,1374.5,1602744
2021-04-12 09:31:12,1373.7,1602966
2021-04-12 09:31:13,1373.9,1603744
2021-04-12 09:31:14,1373.05,1604770
2021-04-12 09:31:15,1373.5,1605740
2021-04-12 09:31:16,1373.5,1606030
2021-04-12 09:31:17,1372.95,1606623
2021-04-12 09:31:18,1373.8,1607571
2021-04-12 09:31:19,1373.0,1608262
2021-04-12 09:31:20,1372.9,1608648
2021-04-12 09:31:21,1373.2,1609626
2021-04-12 09:31:22,1372.8,1609724
2021-04-12 09:31:23,1372.9,1610524
2021-04-12 09:31:24,1372.7,1611107
2021-04-12 09:31:25,1372.7,1611358
2021-04-12 09:31:26,1373.1,1613471
2021-04-12 09:31:27,1372.9,1614851
2021-04-12 09:31:28,1372.85,1615515
2021-04-12 09:31:29,1373.35,1615857
2021-04-12 09:31:30,1372.85,1616306
2021-04-12 09:31:30,1372.85,1616306
2021-04-12 09:31:31,1372.95,1616541
2021-04-12 09:31:32,1372.5,1618340
2021-04-12 09:31:33,1371.8,1622791
2021-04-12 09:31:34,1371.7,1625871
2021-04-12 09:31:36,1371.0,1630577
2021-04-12 09:31:37,1371.0,1632386
2021-04-12 09:31:38,1370.9,1632984
2021-04-12 09:31:39,1371.25,1633644
2021-04-12 09:31:40,1370.95,1635328
2021-04-12 09:31:41,1370.4,1637251
2021-04-12 09:31:42,1370.8,1637938
2021-04-12 09:31:43,1371.1,1639519
2021-04-12 09:31:44,1371.0,1640420
2021-04-12 09:31:45,1371.2,1641356
2021-04-12 09:31:46,1371.15,1642302
2021-04-12 09:31:47,1371.05,1642872
2021-04-12 09:31:48,1370.3,1647105
2021-04-12 09:31:49,1370.15,1647677
2021-04-12 09:31:50,1370.85,1648723
2021-04-12 09:31:51,1370.95,1649521
2021-04-12 09:31:52,1371.0,1650126
2021-04-12 09:31:53,1371.2,1651600
2021-04-12 09:31:54,1370.4,1652340
2021-04-12 09:31:55,1371.0,1652736
2021-04-12 09:31:56,1372.0,1655027
2021-04-12 09:31:57,1371.7,1655907
2021-04-12 09:31:58,1372.15,1657456
2021-04-12 09:31:59,1372.8,1658988
2021-04-12 09:32:00,1372.85,1659626
2021-04-12 09:32:01,1372.35,1660527
2021-04-12 09:32:02,1372.35,1660995
2021-04-12 09:32:03,1372.45,1661426
2021-04-12 09:32:04,1372.15,1661934
2021-04-12 09:32:05,1372.85,1662169
2021-04-12 09:32:06,1372.5,1662272
2021-04-12 09:32:07,1373.0,1663303
2021-04-12 09:32:08,1373.3,1664511
2021-04-12 09:32:09,1373.5,1664950
2021-04-12 09:32:10,1372.35,1670087
2021-04-12 09:32:11,1373.0,1670920
2021-04-12 09:32:12,1372.8,1672055
2021-04-12 09:32:13,1373.5,1672180
2021-04-12 09:32:14,1373.4,1672862
2021-04-12 09:32:15,1373.0,1673379
2021-04-12 09:32:16,1372.45,1673810
2021-04-12 09:32:17,1372.65,1676914
2021-04-12 09:32:18,1372.3,1677786
2021-04-12 09:32:19,1372.35,1679544
2021-04-12 09:32:20,1372.5,1680159
2021-04-12 09:32:21,1371.5,1680334
2021-04-12 09:32:22,1371.95,1680834
2021-04-12 09:32:23,1371.4,1681597
2021-04-12 09:32:24,1372.0,1681652
2021-04-12 09:32:25,1371.9,1682125
2021-04-12 09:32:26,1372.35,1682364
2021-04-12 09:32:27,1372.25,1682542
2021-04-12 09:32:28,1371.6,1682834
2021-04-12 09:32:29,1372.35,1682993
2021-04-12 09:32:30,1372.05,1683414
2021-04-12 09:32:31,1371.75,1683689
2021-04-12 09:32:32,1371.65,1684128
2021-04-12 09:32:33,1371.0,1685181
2021-04-12 09:32:34,1371.2,1685302
2021-04-12 09:32:35,1371.0,1686345
2021-04-12 09:32:36,1370.9,1688644
2021-04-12 09:32:37,1370.85,1688773
2021-04-12 09:32:38,1370.85,1689291
2021-04-12 09:32:39,1371.1,1690514
2021-04-12 09:32:40,1371.25,1692112
2021-04-12 09:32:41,1370.4,1693202
2021-04-12 09:32:42,1370.35,1693332
2021-04-12 09:32:43,1370.35,1693933
2021-04-12 09:32:44,1370.15,1694800
2021-04-12 09:32:45,1371.0,1695466
2021-04-12 09:32:46,1370.9,1695685
2021-04-12 09:32:47,1370.3,1695947
2021-04-12 09:32:48,1370.9,1696214
2021-04-12 09:32:49,1370.85,1696286
2021-04-12 09:32:50,1370.85,1696403
2021-04-12 09:32:51,1370.85,1696802
2021-04-12 09:32:52,1370.95,1697101
2021-04-12 09:32:53,1370.9,1697193
2021-04-12 09:32:55,1371.15,1697340
2021-04-12 09:32:56,1371.1,1697379
2021-04-12 09:32:57,1370.35,1699272
2021-04-12 09:32:58,1371.0,1700096
2021-04-12 09:32:59,1371.1,1701036
2021-04-12 09:33:00,1370.55,1702075
2021-04-12 09:33:01,1371.0,1703127
2021-04-12 09:33:02,1370.25,1703584
2021-04-12 09:33:03,1370.25,1703873
2021-04-12 09:33:04,1370.95,1704300
2021-04-12 09:33:05,1370.3,1704921
2021-04-12 09:33:07,1370.3,1706183
2021-04-12 09:33:08,1370.95,1706804
2021-04-12 09:33:09,1370.9,1707182
2021-04-12 09:33:10,1370.9,1707409
2021-04-12 09:33:11,1371.15,1708265
2021-04-12 09:33:12,1370.75,1708584
2021-04-12 09:33:13,1371.1,1709011
2021-04-12 09:33:14,1370.7,1709572
2021-04-12 09:33:15,1370.55,1710593
2021-04-12 09:33:16,1371.2,1710830
2021-04-12 09:33:17,1370.5,1710936
2021-04-12 09:33:18,1370.75,1711309
2021-04-12 09:33:19,1371.55,1711878
2021-04-12 09:33:20,1371.75,1712930
2021-04-12 09:33:21,1371.05,1713124
2021-04-12 09:33:22,1371.6,1713430
2021-04-12 09:33:23,1371.75,1713594
2021-04-12 09:33:24,1371.15,1713604
2021-04-12 09:33:25,1371.65,1713997
2021-04-12 09:33:26,1371.2,1714305
2021-04-12 09:33:27,1372.0,1717334
2021-04-12 09:33:28,1372.4,1718385
2021-04-12 09:33:29,1372.6,1718941
2021-04-12 09:33:30,1372.0,1719912
2021-04-12 09:33:31,1372.6,1720072
2021-04-12 09:33:32,1372.95,1720901
2021-04-12 09:33:33,1372.9,1720926
2021-04-12 09:33:34,1372.75,1721154
2021-04-12 09:33:35,1372.5,1721334
2021-04-12 09:33:36,1372.35,1722589
2021-04-12 09:33:37,1373.0,1722659
2021-04-12 09:33:38,1373.0,1722834
2021-04-12 09:33:39,1373.0,1723626
2021-04-12 09:33:40,1372.8,1724230
2021-04-12 09:33:41,1372.4,1724935
2021-04-12 09:33:42,1372.65,1725041
2021-04-12 09:33:43,1373.0,1725943
2021-04-12 09:33:44,1373.0,1726296
2021-04-12 09:33:45,1373.8,1727238
2021-04-12 09:33:46,1373.45,1727551
2021-04-12 09:33:47,1373.05,1727718
2021-04-12 09:33:48,1373.8,1727895
2021-04-12 09:33:49,1373.8,1728534
2021-04-12 09:33:51,1374.05,1728569
2021-04-12 09:33:51,1373.8,1728665
2021-04-12 09:33:52,1373.9,1729474
2021-04-12 09:33:53,1373.9,1729527
2021-04-12 09:33:54,1373.9,1729587
2021-04-12 09:33:55,1373.85,1730506
2021-04-12 09:33:56,1373.95,1731107
2021-04-12 09:33:57,1373.95,1732291
2021-04-12 09:33:58,1373.95,1732494
2021-04-12 09:33:59,1373.6,1732933
2021-04-12 09:34:00,1374.2,1733322
2021-04-12 09:34:02,1373.8,1734481
2021-04-12 09:34:03,1373.8,1734527
2021-04-12 09:34:04,1373.85,1735310
2021-04-12 09:34:05,1374.2,1736431
2021-04-12 09:34:06,1374.25,1736490
2021-04-12 09:34:08,1373.5,1738888
2021-04-12 09:34:09,1374.25,1739559
2021-04-12 09:34:10,1374.7,1743042
2021-04-12 09:34:10,1374.2,1743201
2021-04-12 09:34:11,1373.8,1743837
2021-04-12 09:34:12,1373.5,1744756
2021-04-12 09:34:13,1373.2,1745238
2021-04-12 09:34:14,1373.0,1746047
2021-04-12 09:34:15,1373.85,1747554
2021-04-12 09:34:16,1373.7,1747630
2021-04-12 09:34:17,1373.5,1749197
2021-04-12 09:34:18,1373.25,1749847
2021-04-12 09:34:19,1373.9,1749979
2021-04-12 09:34:20,1373.85,1750422
2021-04-12 09:34:21,1373.9,1750826
2021-04-12 09:34:22,1372.3,1753048
2021-04-12 09:34:24,1373.2,1754768
2021-04-12 09:34:24,1373.15,1754696
2021-04-12 09:34:25,1373.05,1755267
2021-04-12 09:34:26,1372.9,1755929
2021-04-12 09:34:27,1372.85,1756478
2021-04-12 09:34:28,1372.85,1756796
2021-04-12 09:34:29,1372.2,1756939
2021-04-12 09:34:30,1372.35,1757486
2021-04-12 09:34:31,1372.0,1760488
2021-04-12 09:34:32,1371.65,1761575
2021-04-12 09:34:33,1371.6,1761647
2021-04-12 09:34:34,1371.6,1761688
2021-04-12 09:34:35,1371.55,1762572
2021-04-12 09:34:36,1372.0,1763015
2021-04-12 09:34:37,1371.65,1763141
2021-04-12 09:34:38,1371.8,1763281
2021-04-12 09:34:39,1371.85,1763593
2021-04-12 09:34:40,1372.65,1764422
2021-04-12 09:34:41,1372.1,1764773
2021-04-12 09:34:42,1372.0,1764850
2021-04-12 09:34:43,1372.25,1765302
2021-04-12 09:34:44,1372.6,1766002
2021-04-12 09:34:45,1372.0,1766169
2021-04-12 09:34:46,1372.25,1766688
2021-04-12 09:34:47,1372.55,1766969
2021-04-12 09:34:48,1372.75,1767460
2021-04-12 09:34:49,1372.9,1767985
2021-04-12 09:34:51,1372.95,1768890
2021-04-12 09:34:52,1372.0,1769620
2021-04-12 09:34:53,1372.5,1770075
2021-04-12 09:34:54,1372.5,1770709
2021-04-12 09:34:55,1372.6,1770810
2021-04-12 09:34:56,1372.4,1771063
2021-04-12 09:34:57,1372.9,1771947
2021-04-12 09:34:58,1372.6,1772368
2021-04-12 09:34:59,1373.4,1773747
2021-04-12 09:34:59,1373.65,1773748
2021-04-12 09:35:00,1373.05,1773876
2021-04-12 09:35:01,1372.95,1774258
2021-04-12 09:35:02,1372.75,1774542
2021-04-12 09:35:03,1372.65,1775369
2021-04-12 09:35:04,1372.8,1776432
2021-04-12 09:35:05,1373.0,1777123
2021-04-12 09:35:06,1372.85,1777374
2021-04-12 09:35:08,1372.75,1778148
2021-04-12 09:35:08,1372.65,1778502
2021-04-12 09:35:09,1372.3,1779016
2021-04-12 09:35:10,1372.1,1779188
2021-04-12 09:35:11,1372.8,1779330
2021-04-12 09:35:12,1372.85,1779630
2021-04-12 09:35:14,1372.8,1780116
2021-04-12 09:35:15,1372.7,1780741
2021-04-12 09:35:16,1372.2,1781089
2021-04-12 09:35:17,1372.95,1781520
2021-04-12 09:35:18,1373.0,1782019
2021-04-12 09:35:19,1372.9,1782284
2021-04-12 09:35:19,1372.7,1782306
2021-04-12 09:35:20,1373.0,1782559
2021-04-12 09:35:21,1373.0,1782850
2021-04-12 09:35:22,1373.45,1784375
2021-04-12 09:35:23,1373.15,1784861
2021-04-12 09:35:24,1373.3,1785088
2021-04-12 09:35:25,1373.55,1786002
2021-04-12 09:35:26,1374.0,1786559
2021-04-12 09:35:27,1374.05,1787100
2021-04-12 09:35:28,1374.0,1787473
2021-04-12 09:35:29,1374.25,1788149
2021-04-12 09:35:31,1374.15,1788898
2021-04-12 09:35:32,1374.15,1789635
2021-04-12 09:35:32,1374.5,1789974
2021-04-12 09:35:33,1374.0,1791037
2021-04-12 09:35:34,1374.1,1791936
2021-04-12 09:35:35,1374.65,1791989
2021-04-12 09:35:36,1374.9,1792255
2021-04-12 09:35:37,1374.9,1792866
2021-04-12 09:35:38,1374.9,1803765
2021-04-12 09:35:40,1375.3,1804233
2021-04-12 09:35:40,1374.9,1804228
2021-04-12 09:35:41,1374.9,1804587
2021-04-12 09:35:43,1375.4,1805275
2021-04-12 09:35:44,1375.6,1805418
2021-04-12 09:35:45,1375.15,1806253
2021-04-12 09:35:46,1375.7,1806909
2021-04-12 09:35:47,1375.7,1807813
2021-04-12 09:35:48,1375.5,1818369
2021-04-12 09:35:50,1375.9,1819410
2021-04-12 09:35:50,1375.9,1819411
2021-04-12 09:35:51,1375.3,1819667
2021-04-12 09:35:52,1376.0,1820377
2021-04-12 09:35:53,1375.6,1820549
2021-04-12 09:35:54,1375.65,1821164
2021-04-12 09:35:55,1376.25,1821587
2021-04-12 09:35:56,1376.05,1821727
2021-04-12 09:35:57,1376.0,1821935
2021-04-12 09:35:58,1376.3,1823351
2021-04-12 09:35:59,1376.45,1823700
2021-04-12 09:36:00,1376.05,1824765
2021-04-12 09:36:01,1376.0,1824981
2021-04-12 09:36:02,1376.25,1825526
2021-04-12 09:36:03,1376.3,1826370
2021-04-12 09:36:04,1376.1,1827007
2021-04-12 09:36:05,1376.3,1827224
2021-04-12 09:36:06,1375.85,1827391
2021-04-12 09:36:07,1376.1,1828096
2021-04-12 09:36:08,1375.55,1828935
2021-04-12 09:36:09,1375.55,1829025
2021-04-12 09:36:10,1376.0,1829117
2021-04-12 09:36:11,1375.55,1829730
2021-04-12 09:36:12,1376.05,1830425
2021-04-12 09:36:15,1375.5,1832400
2021-04-12 09:36:16,1375.55,1832539
2021-04-12 09:36:16,1375.55,1832551
2021-04-12 09:36:17,1375.55,1832616
2021-04-12 09:36:18,1375.5,1834414
2021-04-12 09:36:19,1376.1,1834791
2021-04-12 09:36:20,1376.0,1834898
2021-04-12 09:36:21,1375.6,1835029
2021-04-12 09:36:23,1375.55,1835199
2021-04-12 09:36:24,1376.1,1835479
2021-04-12 09:36:24,1376.1,1835538
2021-04-12 09:36:25,1375.7,1835715
2021-04-12 09:36:26,1375.75,1838712
2021-04-12 09:36:27,1376.1,1839169
2021-04-12 09:36:29,1375.75,1839349
2021-04-12 09:36:30,1376.05,1839502
2021-04-12 09:36:30,1376.05,1839522
2021-04-12 09:36:31,1376.0,1840163
2021-04-12 09:36:32,1376.05,1840308
2021-04-12 09:36:33,1375.7,1840506
2021-04-12 09:36:34,1375.75,1840948
2021-04-12 09:36:35,1375.7,1840970
2021-04-12 09:36:36,1375.45,1841509
2021-04-12 09:36:37,1375.75,1842300
2021-04-12 09:36:38,1375.75,1842541
2021-04-12 09:36:40,1375.75,1843076
2021-04-12 09:36:41,1375.75,1843765
2021-04-12 09:36:42,1375.45,1844053
2021-04-12 09:36:43,1375.15,1844580
2021-04-12 09:36:43,1375.15,1844580
2021-04-12 09:36:44,1375.45,1844983
2021-04-12 09:36:45,1375.4,1845041
2021-04-12 09:36:46,1375.0,1850067
2021-04-12 09:36:47,1374.4,1855860
2021-04-12 09:36:48,1374.5,1855974
2021-04-12 09:36:49,1374.7,1858737
2021-04-12 09:36:50,1374.8,1858939
2021-04-12 09:36:51,1374.7,1859202
2021-04-12 09:36:53,1375.15,1859604
2021-04-12 09:36:54,1375.4,1859809
2021-04-12 09:36:55,1375.4,1860009
2021-04-12 09:36:56,1375.35,1860152
2021-04-12 09:36:57,1375.3,1860283
2021-04-12 09:36:57,1375.3,1860285
2021-04-12 09:36:58,1374.8,1860810
2021-04-12 09:36:59,1375.25,1860854
2021-04-12 09:37:00,1375.0,1860882
2021-04-12 09:37:01,1374.95,1861555
2021-04-12 09:37:02,1374.0,1862201
2021-04-12 09:37:03,1374.8,1862287
2021-04-12 09:37:04,1374.8,1862331
2021-04-12 09:37:05,1374.65,1862424
2021-04-12 09:37:07,1374.65,1862469
2021-04-12 09:37:08,1374.65,1862596
2021-04-12 09:37:09,1374.8,1862904
2021-04-12 09:37:09,1374.65,1862925
2021-04-12 09:37:10,1375.1,1863088
2021-04-12 09:37:11,1375.65,1863683
2021-04-12 09:37:12,1375.3,1863838
2021-04-12 09:37:14,1375.55,1864011
2021-04-12 09:37:15,1375.3,1864168
2021-04-12 09:37:15,1375.3,1864168
2021-04-12 09:37:16,1375.5,1864293
2021-04-12 09:37:17,1375.75,1864532
2021-04-12 09:37:18,1376.0,1865987
2021-04-12 09:37:19,1376.0,1866418
2021-04-12 09:37:20,1376.2,1867710
2021-04-12 09:37:22,1376.0,1867907
2021-04-12 09:37:23,1376.4,1868086
2021-04-12 09:37:24,1376.4,1868533
2021-04-12 09:37:25,1376.35,1869194
2021-04-12 09:37:26,1376.35,1869240
2021-04-12 09:37:27,1376.35,1869293
2021-04-12 09:37:28,1376.0,1869332
2021-04-12 09:37:29,1376.2,1869471
2021-04-12 09:37:30,1375.75,1869806
2021-04-12 09:37:31,1375.85,1870096
2021-04-12 09:37:32,1376.45,1870296
2021-04-12 09:37:33,1376.15,1870710
2021-04-12 09:37:34,1376.4,1870948
2021-04-12 09:37:36,1376.4,1871018
2021-04-12 09:37:37,1376.4,1871332
2021-04-12 09:37:38,1376.65,1872116
2021-04-12 09:37:38,1376.95,1872092
2021-04-12 09:37:39,1376.95,1872340
2021-04-12 09:37:40,1376.8,1872594
2021-04-12 09:37:42,1376.8,1872891
2021-04-12 09:37:43,1376.65,1873251
2021-04-12 09:37:43,1376.75,1873272
2021-04-12 09:37:44,1376.2,1873948
2021-04-12 09:37:45,1376.25,1874681
2021-04-12 09:37:46,1376.35,1875096
2021-04-12 09:37:47,1376.4,1875191
2021-04-12 09:37:48,1376.4,1875555
2021-04-12 09:37:50,1376.05,1876004
2021-04-12 09:37:51,1376.45,1876864
2021-04-12 09:37:52,1376.8,1877091
2021-04-12 09:37:52,1376.8,1876994
2021-04-12 09:37:53,1376.55,1878546
2021-04-12 09:37:54,1376.8,1879098
2021-04-12 09:37:55,1376.55,1879253
2021-04-12 09:37:56,1377.5,1882735
2021-04-12 09:37:57,1376.85,1883130
2021-04-12 09:37:58,1377.55,1883621
2021-04-12 09:37:59,1377.55,1884623
2021-04-12 09:38:00,1377.3,1885216
2021-04-12 09:38:02,1377.4,1885413
2021-04-12 09:38:03,1377.0,1885832
2021-04-12 09:38:04,1377.4,1885908
2021-04-12 09:38:05,1377.95,1886154
2021-04-12 09:38:06,1377.25,1886964
2021-04-12 09:38:07,1378.0,1887246
2021-04-12 09:38:08,1378.0,1887485
2021-04-12 09:38:09,1378.0,1887686
2021-04-12 09:38:10,1377.95,1887927
2021-04-12 09:38:11,1377.8,1889003
2021-04-12 09:38:12,1378.0,1889250
2021-04-12 09:38:13,1378.25,1889582
2021-04-12 09:38:14,1378.55,1890483
2021-04-12 09:38:15,1378.55,1890676
2021-04-12 09:38:16,1378.55,1892610
2021-04-12 09:38:17,1378.55,1893704
2021-04-12 09:38:18,1378.0,1894462
2021-04-12 09:38:19,1378.0,1894632
2021-04-12 09:38:20,1378.2,1894926
2021-04-12 09:38:22,1377.45,1897428
2021-04-12 09:38:23,1377.3,1897791
2021-04-12 09:38:24,1378.0,1899315
2021-04-12 09:38:25,1377.8,1901272
2021-04-12 09:38:26,1378.05,1902273
2021-04-12 09:38:27,1377.65,1902655
2021-04-12 09:38:28,1378.05,1902696
2021-04-12 09:38:29,1378.0,1902760
2021-04-12 09:38:30,1377.95,1902902
2021-04-12 09:38:31,1377.35,1903335
2021-04-12 09:38:32,1377.95,1903427
2021-04-12 09:38:33,1377.9,1903529
2021-04-12 09:38:34,1378.0,1903905
2021-04-12 09:38:35,1377.95,1904282
2021-04-12 09:38:36,1377.65,1904700
2021-04-12 09:38:37,1378.25,1905316
2021-04-12 09:38:38,1378.5,1905619
2021-04-12 09:38:39,1378.2,1906340
2021-04-12 09:38:40,1377.95,1906845
2021-04-12 09:38:41,1378.2,1907775
2021-04-12 09:38:42,1378.0,1907996
2021-04-12 09:38:43,1378.1,1908787
2021-04-12 09:38:44,1378.4,1909022
2021-04-12 09:38:45,1378.4,1909566
2021-04-12 09:38:46,1378.05,1909846
2021-04-12 09:38:47,1379.2,1911105
2021-04-12 09:38:48,1379.4,1912317
2021-04-12 09:38:49,1379.6,1914100
2021-04-12 09:38:50,1379.0,1915782
2021-04-12 09:38:51,1378.45,1916447
2021-04-12 09:38:52,1379.35,1916738
2021-04-12 09:38:53,1379.45,1917113
2021-04-12 09:38:54,1379.1,1917928
2021-04-12 09:38:55,1379.85,1922389
2021-04-12 09:38:56,1379.95,1923753
2021-04-12 09:38:57,1379.5,1924097
2021-04-12 09:38:58,1380.0,1924521
2021-04-12 09:38:59,1379.4,1925008
2021-04-12 09:39:00,1379.85,1925467
2021-04-12 09:39:01,1380.0,1925853
2021-04-12 09:39:02,1380.8,1932376
2021-04-12 09:39:03,1380.95,1933698
2021-04-12 09:39:04,1381.15,1934434
2021-04-12 09:39:05,1381.15,1935080
2021-04-12 09:39:06,1381.2,1935491
2021-04-12 09:39:07,1381.05,1935757
2021-04-12 09:39:07,1381.15,1935885
2021-04-12 09:39:08,1379.25,1938383
2021-04-12 09:39:09,1379.5,1940005
2021-04-12 09:39:10,1380.25,1940369
2021-04-12 09:39:11,1379.85,1941261
2021-04-12 09:39:12,1379.85,1941488
2021-04-12 09:39:13,1379.85,1941831
2021-04-12 09:39:14,1379.75,1942539
2021-04-12 09:39:15,1380.15,1943120
2021-04-12 09:39:16,1380.4,1944748
2021-04-12 09:39:17,1380.0,1945947
2021-04-12 09:39:18,1379.3,1948766
2021-04-12 09:39:19,1379.6,1949260
2021-04-12 09:39:20,1379.85,1949331
2021-04-12 09:39:21,1379.7,1949410
2021-04-12 09:39:22,1379.5,1949796
2021-04-12 09:39:23,1379.25,1950282
2021-04-12 09:39:24,1379.7,1951002
2021-04-12 09:39:25,1379.25,1952309
2021-04-12 09:39:26,1379.25,1953957
2021-04-12 09:39:27,1379.55,1954893
2021-04-12 09:39:28,1379.75,1956291
2021-04-12 09:39:29,1379.2,1957698
2021-04-12 09:39:30,1379.45,1958280
2021-04-12 09:39:31,1379.95,1959130
2021-04-12 09:39:32,1379.7,1959902
2021-04-12 09:39:33,1379.0,1960930
2021-04-12 09:39:34,1378.2,1963769
2021-04-12 09:39:35,1378.85,1964768
2021-04-12 09:39:36,1379.0,1965122
2021-04-12 09:39:37,1377.8,1967085
2021-04-12 09:39:38,1377.85,1968409
2021-04-12 09:39:39,1378.8,1969004
2021-04-12 09:39:40,1377.6,1969391
2021-04-12 09:39:41,1378.45,1969622
2021-04-12 09:39:42,1378.1,1969719
2021-04-12 09:39:43,1377.85,1969868
2021-04-12 09:39:44,1378.45,1970225
2021-04-12 09:39:45,1378.3,1970334
2021-04-12 09:39:46,1378.05,1970770
2021-04-12 09:39:47,1378.5,1971919
2021-04-12 09:39:48,1378.65,1972383
2021-04-12 09:39:49,1378.15,1972904
2021-04-12 09:39:50,1378.15,1973118
2021-04-12 09:39:51,1378.45,1973193
2021-04-12 09:39:52,1378.6,1973258
2021-04-12 09:39:53,1378.25,1973356
2021-04-12 09:39:54,1378.25,1975063
2021-04-12 09:39:55,1379.0,1976525
2021-04-12 09:39:56,1379.0,1976936
2021-04-12 09:39:57,1379.25,1977076
2021-04-12 09:39:58,1378.75,1977565
2021-04-12 09:39:59,1378.85,1977642
2021-04-12 09:40:00,1379.5,1978939
2021-04-12 09:40:01,1378.8,1979762
2021-04-12 09:40:02,1379.35,1980235
2021-04-12 09:40:03,1378.55,1981891
2021-04-12 09:40:04,1378.5,1982214
2021-04-12 09:40:05,1379.3,1982848
2021-04-12 09:40:06,1378.65,1983273
2021-04-12 09:40:07,1379.2,1983542
2021-04-12 09:40:08,1379.0,1983747
2021-04-12 09:40:11,1378.85,1984142
2021-04-12 09:40:12,1379.05,1984410
2021-04-12 09:40:13,1378.95,1984672
2021-04-12 09:40:14,1378.95,1985768
2021-04-12 09:40:15,1379.0,1985914
2021-04-12 09:40:16,1378.4,1987075
2021-04-12 09:40:17,1378.75,1987600
2021-04-12 09:40:18,1378.85,1987857
2021-04-12 09:40:19,1378.25,1988007
2021-04-12 09:40:20,1378.25,1988364
2021-04-12 09:40:21,1378.05,1992736
2021-04-12 09:40:22,1378.5,1993044
2021-04-12 09:40:23,1378.75,1993909
2021-04-12 09:40:24,1378.3,1994432
2021-04-12 09:40:25,1379.0,1995785
2021-04-12 09:40:26,1379.55,1996102
2021-04-12 09:40:27,1379.0,1996192
2021-04-12 09:40:28,1379.0,1996350
2021-04-12 09:40:29,1379.55,1996378
2021-04-12 09:40:30,1379.55,1996674
2021-04-12 09:40:31,1379.6,1996830
2021-04-12 09:40:32,1379.3,1997164
2021-04-12 09:40:33,1378.95,1997994
2021-04-12 09:40:34,1378.7,1998640
2021-04-12 09:40:35,1379.3,1998901
2021-04-12 09:40:36,1379.0,1999004
2021-04-12 09:40:37,1379.15,1999093
2021-04-12 09:40:38,1379.0,1999684
2021-04-12 09:40:39,1379.0,1999790
2021-04-12 09:40:40,1379.0,1999830
2021-04-12 09:40:41,1379.55,2000680
2021-04-12 09:40:42,1379.0,2001118
2021-04-12 09:40:43,1379.0,2001260
2021-04-12 09:40:44,1379.0,2001373
2021-04-12 09:40:45,1378.55,2002728
2021-04-12 09:40:46,1378.95,2003395
2021-04-12 09:40:47,1378.35,2003840
2021-04-12 09:40:48,1379.05,2004231
2021-04-12 09:40:49,1379.25,2005353
2021-04-12 09:40:50,1379.1,2005505
2021-04-12 09:40:51,1378.6,2005876
2021-04-12 09:40:52,1379.0,2006194
2021-04-12 09:40:53,1378.95,2006323
2021-04-12 09:40:54,1378.9,2006973
2021-04-12 09:40:55,1378.85,2007208
2021-04-12 09:40:56,1378.8,2007324
2021-04-12 09:40:57,1378.75,2007607
2021-04-12 09:40:58,1378.7,2008752
2021-04-12 09:40:59,1378.3,2008835
2021-04-12 09:41:00,1379.15,2010019
2021-04-12 09:41:01,1379.0,2010244
2021-04-12 09:41:02,1378.95,2010304
2021-04-12 09:41:03,1379.5,2010347
2021-04-12 09:41:04,1379.95,2011662
2021-04-12 09:41:05,1379.9,2012151
2021-04-12 09:41:06,1379.5,2013006
2021-04-12 09:41:07,1379.95,2013353
2021-04-12 09:41:08,1380.0,2013430
2021-04-12 09:41:09,1379.9,2013550
2021-04-12 09:41:10,1379.25,2013914
2021-04-12 09:41:11,1379.85,2014135
2021-04-12 09:41:12,1379.35,2014677
2021-04-12 09:41:13,1379.35,2015122
2021-04-12 09:41:14,1378.05,2018474
2021-04-12 09:41:15,1378.6,2019503
2021-04-12 09:41:16,1378.6,2019653
2021-04-12 09:41:17,1378.6,2020106
2021-04-12 09:41:18,1379.25,2020870
2021-04-12 09:41:19,1379.25,2020908
2021-04-12 09:41:20,1379.0,2021016
2021-04-12 09:41:21,1379.0,2021182
2021-04-12 09:41:22,1378.65,2021400
2021-04-12 09:41:23,1379.2,2021693
2021-04-12 09:41:24,1379.2,2022158
2021-04-12 09:41:25,1379.2,2022611
2021-04-12 09:41:26,1378.95,2024028
2021-04-12 09:41:27,1379.2,2024099
2021-04-12 09:41:28,1379.4,2024126
2021-04-12 09:41:29,1379.0,2025502
2021-04-12 09:41:30,1378.9,2025699
2021-04-12 09:41:31,1378.9,2025849
2021-04-12 09:41:32,1378.9,2028277
2021-04-12 09:41:33,1379.4,2028455
2021-04-12 09:41:34,1378.6,2030190
2021-04-12 09:41:35,1378.65,2030519
2021-04-12 09:41:36,1379.0,2031043
2021-04-12 09:41:37,1379.1,2031549
2021-04-12 09:41:38,1379.05,2031655
2021-04-12 09:41:39,1379.2,2032057
2021-04-12 09:41:40,1378.75,2033428
2021-04-12 09:41:41,1378.1,2034123
2021-04-12 09:41:42,1378.85,2034206
2021-04-12 09:41:43,1378.85,2034467
2021-04-12 09:41:44,1378.95,2034520
2021-04-12 09:41:45,1378.6,2036004
2021-04-12 09:41:46,1378.8,2036101
2021-04-12 09:41:47,1378.8,2036762
2021-04-12 09:41:48,1378.85,2036844
2021-04-12 09:41:49,1378.7,2037445
2021-04-12 09:41:50,1378.65,2037647
2021-04-12 09:41:50,1378.25,2037663
2021-04-12 09:41:51,1378.5,2040009
2021-04-12 09:41:52,1378.3,2040546
2021-04-12 09:41:53,1378.3,2040810
2021-04-12 09:41:54,1378.7,2041189
2021-04-12 09:41:55,1378.85,2041632
2021-04-12 09:41:56,1378.85,2041923
2021-04-12 09:41:57,1378.85,2042108
2021-04-12 09:41:58,1379.2,2043266
2021-04-12 09:41:59,1378.85,2043679
2021-04-12 09:42:00,1379.4,2043922
2021-04-12 09:42:01,1379.35,2044302
2021-04-12 09:42:02,1379.4,2044395
2021-04-12 09:42:03,1379.4,2044526
2021-04-12 09:42:04,1379.65,2045203
2021-04-12 09:42:05,1379.05,2045387
2021-04-12 09:42:06,1379.7,2045648
2021-04-12 09:42:07,1379.7,2045733
2021-04-12 09:42:08,1379.7,2045816
2021-04-12 09:42:09,1379.7,2045850
2021-04-12 09:42:10,1380.0,2046401
2021-04-12 09:42:11,1380.35,2056558
2021-04-12 09:42:12,1380.4,2056832
2021-04-12 09:42:13,1380.4,2057621
2021-04-12 09:42:14,1380.0,2058001
2021-04-12 09:42:16,1380.65,2058322
2021-04-12 09:42:17,1380.4,2059797
2021-04-12 09:42:18,1380.2,2060393
2021-04-12 09:42:19,1379.1,2061997
2021-04-12 09:42:20,1379.35,2062220
2021-04-12 09:42:21,1379.7,2062330
2021-04-12 09:42:22,1378.85,2064261
2021-04-12 09:42:23,1379.45,2064477
2021-04-12 09:42:24,1379.5,2064662
2021-04-12 09:42:25,1379.5,2064843
2021-04-12 09:42:26,1379.45,2064900
2021-04-12 09:42:27,1379.5,2065317
2021-04-12 09:42:28,1379.5,2065694
2021-04-12 09:42:29,1379.5,2066027
2021-04-12 09:42:30,1379.5,2066241
2021-04-12 09:42:31,1379.5,2066748
2021-04-12 09:42:32,1379.45,2067744
2021-04-12 09:42:33,1379.45,2068155
2021-04-12 09:42:34,1379.5,2068486
2021-04-12 09:42:35,1379.45,2068650
2021-04-12 09:42:36,1379.75,2068868
2021-04-12 09:42:37,1379.85,2069003
2021-04-12 09:42:38,1379.5,2071508
2021-04-12 09:42:39,1380.0,2071773
2021-04-12 09:42:40,1379.5,2072665
2021-04-12 09:42:41,1379.1,2073760
2021-04-12 09:42:42,1380.7,2074714
2021-04-12 09:42:43,1379.9,2076501
2021-04-12 09:42:44,1380.2,2077158
2021-04-12 09:42:45,1379.55,2078105
2021-04-12 09:42:46,1380.1,2078880
2021-04-12 09:42:47,1380.0,2080081
2021-04-12 09:42:48,1379.0,2084378
2021-04-12 09:42:49,1379.75,2084541
2021-04-12 09:42:50,1379.8,2084849
2021-04-12 09:42:51,1380.0,2084973
2021-04-12 09:42:52,1379.95,2085180
2021-04-12 09:42:53,1378.7,2087852
2021-04-12 09:42:54,1379.45,2089416
2021-04-12 09:42:55,1379.05,2090071
2021-04-12 09:42:56,1379.65,2090462
2021-04-12 09:42:57,1379.8,2090604
2021-04-12 09:42:58,1380.05,2091500
2021-04-12 09:42:59,1380.15,2091729
2021-04-12 09:43:00,1380.15,2091752
2021-04-12 09:43:01,1380.15,2092424
2021-04-12 09:43:02,1380.35,2092874
2021-04-12 09:43:03,1380.05,2093667
2021-04-12 09:43:04,1380.15,2093926
2021-04-12 09:43:05,1380.0,2094302
2021-04-12 09:43:06,1380.1,2094308
2021-04-12 09:43:07,1380.1,2094430
2021-04-12 09:43:08,1379.8,2094765
2021-04-12 09:43:09,1379.4,2097199
2021-04-12 09:43:10,1380.3,2097373
2021-04-12 09:43:11,1380.2,2097890
2021-04-12 09:43:12,1380.2,2098265
2021-04-12 09:43:13,1379.85,2098732
2021-04-12 09:43:14,1379.1,2099695
2021-04-12 09:43:15,1379.65,2099857
2021-04-12 09:43:16,1379.45,2099994
2021-04-12 09:43:17,1379.45,2100208
2021-04-12 09:43:18,1379.05,2101471
2021-04-12 09:43:19,1379.25,2101698
2021-04-12 09:43:20,1379.25,2101964
2021-04-12 09:43:21,1379.55,2102517
2021-04-12 09:43:22,1379.55,2102595
2021-04-12 09:43:23,1379.5,2103920
2021-04-12 09:43:24,1379.0,2107187
2021-04-12 09:43:25,1379.2,2107929
2021-04-12 09:43:26,1378.75,2109101
2021-04-12 09:43:27,1379.2,2109428
2021-04-12 09:43:28,1379.0,2110163
2021-04-12 09:43:29,1379.55,2110373
2021-04-12 09:43:30,1378.6,2110711
2021-04-12 09:43:31,1379.2,2111232
2021-04-12 09:43:32,1378.05,2114416
2021-04-12 09:43:33,1378.85,2114753
2021-04-12 09:43:34,1378.15,2115159
2021-04-12 09:43:35,1378.8,2115397
2021-04-12 09:43:36,1378.85,2115695
2021-04-12 09:43:37,1378.95,2116058
2021-04-12 09:43:38,1378.25,2116228
2021-04-12 09:43:39,1378.3,2116290
2021-04-12 09:43:40,1378.95,2116453
2021-04-12 09:43:41,1378.95,2116525
2021-04-12 09:43:42,1378.35,2116669
2021-04-12 09:43:43,1378.35,2117996
2021-04-12 09:43:44,1378.4,2119378
2021-04-12 09:43:45,1378.3,2119442
2021-04-12 09:43:46,1378.05,2119607
2021-04-12 09:43:47,1378.35,2119713
2021-04-12 09:43:48,1378.15,2120627
2021-04-12 09:43:49,1378.4,2120674
2021-04-12 09:43:50,1378.4,2121103
2021-04-12 09:43:51,1378.15,2122226
2021-04-12 09:43:52,1378.65,2122560
2021-04-12 09:43:53,1378.4,2123776
2021-04-12 09:43:54,1378.4,2123976
2021-04-12 09:43:55,1378.4,2124079
2021-04-12 09:43:56,1378.3,2124299
2021-04-12 09:43:57,1378.4,2124423
2021-04-12 09:43:58,1378.2,2124692
2021-04-12 09:43:59,1378.2,2124876
2021-04-12 09:44:00,1378.2,2125028
2021-04-12 09:44:01,1378.6,2125315
2021-04-12 09:44:02,1378.15,2125532
2021-04-12 09:44:03,1378.2,2126318
2021-04-12 09:44:04,1378.2,2126360
2021-04-12 09:44:05,1378.4,2127101
2021-04-12 09:44:06,1378.5,2127304
2021-04-12 09:44:07,1378.4,2127454
2021-04-12 09:44:08,1378.4,2127614
2021-04-12 09:44:09,1378.25,2127797
2021-04-12 09:44:10,1378.2,2129260
2021-04-12 09:44:11,1378.4,2129353
2021-04-12 09:44:12,1377.05,2133614
2021-04-12 09:44:13,1378.4,2135152
2021-04-12 09:44:14,1378.0,2135501
2021-04-12 09:44:15,1378.0,2135571
2021-04-12 09:44:16,1378.0,2135983
2021-04-12 09:44:17,1378.35,2136182
2021-04-12 09:44:18,1378.0,2136348
2021-04-12 09:44:19,1378.2,2136991
2021-04-12 09:44:20,1378.05,2137136
2021-04-12 09:44:21,1378.5,2137196
2021-04-12 09:44:22,1378.0,2137317
2021-04-12 09:44:23,1378.85,2137775
2021-04-12 09:44:24,1378.7,2137915
2021-04-12 09:44:25,1378.95,2138107
2021-04-12 09:44:26,1378.95,2138180
2021-04-12 09:44:28,1379.0,2138436
2021-04-12 09:44:29,1379.0,2138635
2021-04-12 09:44:29,1379.0,2138683
2021-04-12 09:44:30,1379.05,2138795
2021-04-12 09:44:31,1379.9,2139087
2021-04-12 09:44:32,1379.85,2139180
2021-04-12 09:44:33,1379.5,2139528
2021-04-12 09:44:34,1379.45,2139709
2021-04-12 09:44:35,1379.95,2142255
2021-04-12 09:44:36,1380.0,2142725
2021-04-12 09:44:37,1379.2,2143445
2021-04-12 09:44:38,1378.65,2145674
2021-04-12 09:44:39,1378.85,2146004
2021-04-12 09:44:40,1380.0,2146540
2021-04-12 09:44:41,1380.25,2147721
2021-04-12 09:44:42,1380.0,2148876
2021-04-12 09:44:44,1379.9,2149843
2021-04-12 09:44:44,1379.4,2149852
2021-04-12 09:44:45,1379.5,2149960
2021-04-12 09:44:46,1380.5,2158504
2021-04-12 09:44:47,1379.95,2159924
2021-04-12 09:44:48,1380.35,2160939
2021-04-12 09:44:49,1379.95,2162086
2021-04-12 09:44:50,1379.95,2162615
2021-04-12 09:44:51,1379.95,2163087
2021-04-12 09:44:53,1379.7,2165279
2021-04-12 09:44:54,1379.5,2166091
2021-04-12 09:44:55,1379.65,2166315
2021-04-12 09:44:56,1379.4,2167190
2021-04-12 09:44:57,1379.6,2167297
2021-04-12 09:44:58,1379.95,2167645
2021-04-12 09:44:58,1379.9,2167876
2021-04-12 09:44:59,1379.45,2168400
2021-04-12 09:45:00,1379.65,2169015
2021-04-12 09:45:01,1379.4,2170027
2021-04-12 09:45:02,1378.85,2170825
2021-04-12 09:45:03,1378.7,2172381
2021-04-12 09:45:04,1378.1,2172506
2021-04-12 09:45:05,1378.55,2173601
2021-04-12 09:45:06,1378.95,2173832
2021-04-12 09:45:07,1378.9,2174032
2021-04-12 09:45:08,1379.2,2174524
2021-04-12 09:45:09,1378.45,2175078
2021-04-12 09:45:10,1378.7,2175210
2021-04-12 09:45:11,1379.15,2175507
2021-04-12 09:45:12,1378.35,2176254
2021-04-12 09:45:13,1378.25,2176741
2021-04-12 09:45:14,1379.0,2176893
2021-04-12 09:45:15,1378.95,2177138
2021-04-12 09:45:16,1378.9,2177469
2021-04-12 09:45:17,1378.45,2177522
2021-04-12 09:45:18,1378.45,2177764
2021-04-12 09:45:19,1378.85,2177988
2021-04-12 09:45:20,1378.75,2178543
2021-04-12 09:45:21,1378.75,2178586
2021-04-12 09:45:22,1378.55,2178945
2021-04-12 09:45:23,1378.95,2179427
2021-04-12 09:45:24,1378.7,2180418
2021-04-12 09:45:25,1378.65,2180794
2021-04-12 09:45:26,1378.6,2180839
2021-04-12 09:45:27,1378.7,2180958
2021-04-12 09:45:28,1378.75,2181754
2021-04-12 09:45:29,1378.6,2182144
2021-04-12 09:45:30,1378.95,2182542
2021-04-12 09:45:31,1378.5,2182923
2021-04-12 09:45:32,1378.0,2183847
2021-04-12 09:45:33,1377.5,2186590
2021-04-12 09:45:34,1377.5,2187048
2021-04-12 09:45:35,1377.85,2187556
2021-04-12 09:45:36,1377.9,2187729
2021-04-12 09:45:37,1377.95,2187865
2021-04-12 09:45:38,1377.6,2188029
2021-04-12 09:45:39,1377.5,2189836
2021-04-12 09:45:41,1377.7,2192702
2021-04-12 09:45:42,1378.25,2192848
2021-04-12 09:45:43,1378.1,2193219
2021-04-12 09:45:44,1377.95,2193892
2021-04-12 09:45:45,1377.75,2194592
2021-04-12 09:45:45,1377.3,2194617
2021-04-12 09:45:46,1378.0,2194781
2021-04-12 09:45:47,1378.2,2195060
2021-04-12 09:45:48,1378.25,2195136
2021-04-12 09:45:49,1378.95,2196358
2021-04-12 09:45:50,1378.85,2196896
2021-04-12 09:45:51,1378.8,2200584
2021-04-12 09:45:52,1378.8,2203565
2021-04-12 09:45:53,1379.1,2204577
2021-04-12 09:45:54,1379.7,2205872
2021-04-12 09:45:55,1379.65,2206761
2021-04-12 09:45:56,1379.95,2207177
2021-04-12 09:45:57,1379.8,2207644
2021-04-12 09:45:58,1379.95,2208931
2021-04-12 09:45:59,1380.0,2209594
2021-04-12 09:46:00,1380.4,2212289
2021-04-12 09:46:01,1380.35,2212789
2021-04-12 09:46:02,1379.8,2213501
2021-04-12 09:46:03,1380.55,2214879
2021-04-12 09:46:04,1380.8,2217292
2021-04-12 09:46:05,1380.55,2218475
2021-04-12 09:46:06,1380.65,2218775
2021-04-12 09:46:07,1380.7,2218953
2021-04-12 09:46:08,1380.7,2219194
2021-04-12 09:46:09,1380.55,2219604
2021-04-12 09:46:10,1379.9,2222445
2021-04-12 09:46:11,1380.2,2223309
2021-04-12 09:46:12,1380.4,2224060
2021-04-12 09:46:13,1379.95,2224526
2021-04-12 09:46:14,1379.85,2226218
2021-04-12 09:46:15,1379.8,2226621
2021-04-12 09:46:16,1380.0,2226756
2021-04-12 09:46:17,1380.0,2226866
2021-04-12 09:46:18,1379.95,2227267
2021-04-12 09:46:19,1380.0,2227852
2021-04-12 09:46:20,1380.3,2228548
2021-04-12 09:46:21,1380.3,2228811
2021-04-12 09:46:22,1380.4,2228979
2021-04-12 09:46:23,1380.4,2230305
2021-04-12 09:46:24,1380.35,2231766
2021-04-12 09:46:25,1380.3,2231791
2021-04-12 09:46:26,1380.3,2231831
2021-04-12 09:46:27,1380.25,2232098
2021-04-12 09:46:28,1379.7,2232596
2021-04-12 09:46:29,1379.65,2232641
2021-04-12 09:46:30,1379.5,2233007
2021-04-12 09:46:31,1379.5,2233759
2021-04-12 09:46:33,1379.45,2238159
2021-04-12 09:46:34,1379.5,2238542
2021-04-12 09:46:35,1378.95,2238653
2021-04-12 09:46:36,1378.8,2240248
2021-04-12 09:46:37,1378.95,2242488
2021-04-12 09:46:38,1379.15,2242635
2021-04-12 09:46:39,1379.15,2242937
2021-04-12 09:46:40,1378.95,2243021
2021-04-12 09:46:40,1379.15,2243041
2021-04-12 09:46:41,1379.0,2243264
2021-04-12 09:46:42,1379.25,2243502
2021-04-12 09:46:43,1379.3,2243704
2021-04-12 09:46:44,1379.2,2243822
2021-04-12 09:46:45,1379.15,2244164
2021-04-12 09:46:46,1379.3,2245390
2021-04-12 09:46:47,1379.3,2245583
2021-04-12 09:46:48,1378.75,2252529
2021-04-12 09:46:49,1379.15,2252922
2021-04-12 09:46:50,1378.85,2253031
2021-04-12 09:46:51,1378.85,2253381
2021-04-12 09:46:52,1378.85,2253697
2021-04-12 09:46:53,1379.1,2253803
2021-04-12 09:46:54,1378.85,2253937
2021-04-12 09:46:55,1378.65,2255597
2021-04-12 09:46:56,1379.6,2257772
2021-04-12 09:46:57,1378.75,2258725
2021-04-12 09:46:58,1378.65,2260024
2021-04-12 09:47:00,1379.3,2260729
2021-04-12 09:47:01,1379.3,2260912
2021-04-12 09:47:02,1379.15,2261184
2021-04-12 09:47:03,1379.15,2261297
2021-04-12 09:47:04,1379.15,2262038
2021-04-12 09:47:05,1378.8,2262694
2021-04-12 09:47:06,1379.05,2263000
2021-04-12 09:47:07,1379.1,2263163
2021-04-12 09:47:08,1379.1,2263764
2021-04-12 09:47:09,1378.65,2265386
2021-04-12 09:47:10,1378.95,2266111
2021-04-12 09:47:11,1378.05,2266884
2021-04-12 09:47:12,1378.0,2268557
2021-04-12 09:47:13,1378.0,2269056
2021-04-12 09:47:13,1378.0,2269163
2021-04-12 09:47:14,1377.65,2270287
2021-04-12 09:47:15,1377.9,2270433
2021-04-12 09:47:16,1377.6,2270809
2021-04-12 09:47:17,1377.55,2272168
2021-04-12 09:47:18,1377.5,2272302
2021-04-12 09:47:19,1377.0,2272379
2021-04-12 09:47:20,1377.1,2277487
2021-04-12 09:47:21,1377.25,2277990
2021-04-12 09:47:22,1376.55,2278325
2021-04-12 09:47:23,1377.25,2278548
2021-04-12 09:47:24,1377.3,2278713
2021-04-12 09:47:25,1377.25,2278906
2021-04-12 09:47:26,1377.25,2278991
2021-04-12 09:47:27,1377.0,2279051
2021-04-12 09:47:28,1377.25,2279338
2021-04-12 09:47:29,1377.0,2279615
2021-04-12 09:47:30,1377.95,2282614
2021-04-12 09:47:31,1377.75,2282816
2021-04-12 09:47:32,1377.75,2283685
2021-04-12 09:47:33,1377.85,2283726
2021-04-12 09:47:34,1377.65,2283750
2021-04-12 09:47:35,1377.1,2284184
2021-04-12 09:47:36,1377.0,2285479
2021-04-12 09:47:37,1377.1,2285623
2021-04-12 09:47:38,1377.35,2289177
2021-04-12 09:47:39,1377.3,2289214
2021-04-12 09:47:40,1377.95,2289833
2021-04-12 09:47:43,1377.7,2290172
2021-04-12 09:47:44,1377.95,2291275
2021-04-12 09:47:45,1377.85,2291733
2021-04-12 09:47:46,1377.75,2291967
2021-04-12 09:47:47,1377.5,2292854
2021-04-12 09:47:48,1377.5,2292871
2021-04-12 09:47:49,1377.4,2292896
2021-04-12 09:47:50,1377.85,2293898
2021-04-12 09:47:51,1378.0,2294002
2021-04-12 09:47:51,1378.0,2294014
2021-04-12 09:47:52,1377.85,2294153
2021-04-12 09:47:53,1377.85,2294306
2021-04-12 09:47:54,1377.55,2294601
2021-04-12 09:47:55,1378.0,2294697
2021-04-12 09:47:56,1377.95,2294740
2021-04-12 09:47:57,1377.55,2295221
2021-04-12 09:47:59,1378.25,2298086
2021-04-12 09:48:00,1377.85,2298917
2021-04-12 09:48:01,1377.5,2300668
2021-04-12 09:48:02,1377.5,2301270
2021-04-12 09:48:03,1377.5,2301695
2021-04-12 09:48:03,1377.5,2301731
2021-04-12 09:48:04,1377.85,2301832
2021-04-12 09:48:05,1377.85,2302118
2021-04-12 09:48:06,1377.75,2302212
2021-04-12 09:48:07,1377.0,2302822
2021-04-12 09:48:08,1377.65,2303038
2021-04-12 09:48:09,1377.6,2303371
2021-04-12 09:48:10,1377.1,2303707
2021-04-12 09:48:11,1377.7,2304212
2021-04-12 09:48:12,1377.2,2305267
2021-04-12 09:48:13,1377.4,2305308
2021-04-12 09:48:14,1377.65,2305386
2021-04-12 09:48:16,1377.25,2308129
2021-04-12 09:48:17,1377.45,2309250
2021-04-12 09:48:18,1377.0,2309420
2021-04-12 09:48:19,1377.45,2309548
2021-04-12 09:48:20,1377.6,2309648
2021-04-12 09:48:20,1377.5,2309691
2021-04-12 09:48:21,1377.4,2310120
2021-04-12 09:48:22,1377.4,2310248
2021-04-12 09:48:23,1378.0,2310606
2021-04-12 09:48:25,1377.5,2311020
2021-04-12 09:48:26,1377.75,2311725
2021-04-12 09:48:27,1377.3,2313186
2021-04-12 09:48:28,1377.45,2313534
2021-04-12 09:48:29,1377.7,2313701
2021-04-12 09:48:30,1377.7,2313913
2021-04-12 09:48:30,1377.7,2313889
2021-04-12 09:48:31,1378.15,2314526
2021-04-12 09:48:32,1377.95,2314734
2021-04-12 09:48:33,1378.0,2314941
2021-04-12 09:48:34,1377.6,2315629
2021-04-12 09:48:35,1378.0,2316358
2021-04-12 09:48:36,1378.1,2316944
2021-04-12 09:48:37,1377.55,2317508
2021-04-12 09:48:39,1377.5,2317725
2021-04-12 09:48:40,1377.5,2318597
2021-04-12 09:48:41,1378.0,2318939
2021-04-12 09:48:42,1378.0,2319134
2021-04-12 09:48:43,1377.6,2319234
2021-04-12 09:48:44,1378.5,2319811
2021-04-12 09:48:45,1378.0,2320391
2021-04-12 09:48:46,1378.35,2320498
2021-04-12 09:48:47,1378.3,2320678
2021-04-12 09:48:47,1378.25,2320711
2021-04-12 09:48:48,1378.3,2320925
2021-04-12 09:48:49,1378.55,2321025
2021-04-12 09:48:50,1378.15,2321220
2021-04-12 09:48:52,1378.5,2321502
2021-04-12 09:48:53,1378.65,2321822
2021-04-12 09:48:54,1378.65,2322717
2021-04-12 09:48:55,1378.65,2322767
2021-04-12 09:48:56,1378.4,2322880
2021-04-12 09:48:57,1378.2,2323240
2021-04-12 09:48:58,1378.35,2323508
2021-04-12 09:48:59,1378.6,2323850
2021-04-12 09:49:00,1378.4,2324044
2021-04-12 09:49:01,1379.0,2324672
2021-04-12 09:49:02,1378.7,2324686
2021-04-12 09:49:03,1379.0,2324784
2021-04-12 09:49:03,1379.0,2324854
2021-04-12 09:49:04,1379.7,2325290
2021-04-12 09:49:05,1379.3,2325471
2021-04-12 09:49:06,1379.25,2325736
2021-04-12 09:49:07,1379.25,2325810
2021-04-12 09:49:08,1379.45,2325882
2021-04-12 09:49:09,1379.0,2325926
2021-04-12 09:49:11,1379.0,2326263
2021-04-12 09:49:12,1378.95,2326438
2021-04-12 09:49:13,1379.45,2326512
2021-04-12 09:49:14,1379.0,2326737
2021-04-12 09:49:15,1378.95,2326796
2021-04-12 09:49:16,1378.9,2327241
2021-04-12 09:49:17,1378.6,2331759
2021-04-12 09:49:18,1378.9,2332056
2021-04-12 09:49:19,1379.0,2332436
2021-04-12 09:49:20,1379.4,2332563
2021-04-12 09:49:21,1379.4,2332581
2021-04-12 09:49:22,1379.05,2333171
2021-04-12 09:49:23,1379.4,2333466
2021-04-12 09:49:24,1379.35,2333909
2021-04-12 09:49:25,1379.4,2334854
2021-04-12 09:49:26,1379.3,2335006
2021-04-12 09:49:27,1379.05,2335854
2021-04-12 09:49:28,1379.0,2336016
2021-04-12 09:49:29,1379.0,2336111
2021-04-12 09:49:30,1379.0,2336331
2021-04-12 09:49:31,1379.0,2336520
2021-04-12 09:49:32,1379.0,2337869
2021-04-12 09:49:33,1378.65,2338349
2021-04-12 09:49:34,1378.65,2338380
2021-04-12 09:49:35,1378.75,2338835
2021-04-12 09:49:36,1378.75,2338978
2021-04-12 09:49:36,1378.75,2338983
2021-04-12 09:49:37,1378.75,2339015
2021-04-12 09:49:39,1378.85,2339128
2021-04-12 09:49:40,1379.3,2339229
2021-04-12 09:49:41,1379.3,2339360
2021-04-12 09:49:42,1379.55,2339698
2021-04-12 09:49:43,1379.75,2339913
2021-04-12 09:49:44,1379.6,2339939
2021-04-12 09:49:45,1379.55,2339968
2021-04-12 09:49:47,1379.8,2340228
2021-04-12 09:49:48,1379.75,2340273
2021-04-12 09:49:49,1379.75,2341409
2021-04-12 09:49:49,1379.85,2341412
2021-04-12 09:49:50,1379.85,2341446
2021-04-12 09:49:51,1379.85,2341585
2021-04-12 09:49:52,1379.8,2341865
2021-04-12 09:49:53,1379.75,2341975
2021-04-12 09:49:54,1379.6,2342120
2021-04-12 09:49:55,1378.7,2343168
2021-04-12 09:49:56,1379.35,2343411
2021-04-12 09:49:57,1379.55,2343600
2021-04-12 09:49:58,1379.0,2343710
2021-04-12 09:49:59,1379.55,2343750
2021-04-12 09:50:00,1379.0,2343946
2021-04-12 09:50:02,1379.35,2344154
2021-04-12 09:50:03,1378.7,2345358
2021-04-12 09:50:04,1378.9,2345589
2021-04-12 09:50:05,1378.85,2346325
2021-04-12 09:50:06,1378.75,2346329
2021-04-12 09:50:07,1378.85,2346465
2021-04-12 09:50:08,1378.8,2347422
2021-04-12 09:50:09,1378.75,2348301
2021-04-12 09:50:10,1378.2,2348557
2021-04-12 09:50:11,1378.55,2348872
2021-04-12 09:50:11,1378.6,2348912
2021-04-12 09:50:12,1378.6,2349333
2021-04-12 09:50:13,1378.35,2349793
2021-04-12 09:50:14,1378.55,2350871
2021-04-12 09:50:15,1378.55,2351023
2021-04-12 09:50:16,1378.55,2351179
2021-04-12 09:50:17,1378.25,2351469
2021-04-12 09:50:18,1378.35,2351671
2021-04-12 09:50:19,1378.35,2352169
2021-04-12 09:50:20,1378.0,2352874
2021-04-12 09:50:21,1378.6,2353164
2021-04-12 09:50:22,1378.5,2353392
2021-04-12 09:50:23,1378.6,2353622
2021-04-12 09:50:25,1378.6,2353692
2021-04-12 09:50:25,1378.5,2353768
2021-04-12 09:50:26,1378.5,2354095
2021-04-12 09:50:27,1378.35,2354290
2021-04-12 09:50:28,1378.35,2354969
2021-04-12 09:50:29,1378.55,2355049
2021-04-12 09:50:31,1378.55,2355152
2021-04-12 09:50:32,1378.25,2355261
2021-04-12 09:50:33,1378.75,2355469
2021-04-12 09:50:34,1378.55,2355633
2021-04-12 09:50:35,1378.45,2356238
2021-04-12 09:50:36,1378.55,2356285
2021-04-12 09:50:37,1378.45,2356954
2021-04-12 09:50:38,1378.45,2357049
2021-04-12 09:50:39,1378.45,2357546
2021-04-12 09:50:40,1378.55,2358009
2021-04-12 09:50:41,1378.65,2358443
2021-04-12 09:50:42,1378.55,2358590
2021-04-12 09:50:43,1378.55,2358670
2021-04-12 09:50:43,1378.55,2358670
2021-04-12 09:50:44,1378.5,2358740
2021-04-12 09:50:45,1378.1,2359352
2021-04-12 09:50:46,1378.55,2359758
2021-04-12 09:50:47,1378.95,2360093
2021-04-12 09:50:48,1378.95,2360101
2021-04-12 09:50:50,1378.95,2360161
2021-04-12 09:50:51,1379.15,2360818
2021-04-12 09:50:52,1379.0,2361040
2021-04-12 09:50:53,1379.05,2361056
2021-04-12 09:50:54,1379.05,2361142
2021-04-12 09:50:55,1379.3,2361161
2021-04-12 09:50:56,1379.05,2361381
2021-04-12 09:50:57,1379.65,2361636
2021-04-12 09:50:58,1379.3,2361800
2021-04-12 09:50:59,1379.3,2361881
2021-04-12 09:51:00,1379.3,2361913
2021-04-12 09:51:01,1379.45,2362354
2021-04-12 09:51:02,1379.2,2363052
2021-04-12 09:51:03,1379.2,2363174
2021-04-12 09:51:04,1379.05,2363425
2021-04-12 09:51:05,1378.8,2363760
2021-04-12 09:51:06,1378.8,2364087
2021-04-12 09:51:07,1378.8,2364201
2021-04-12 09:51:08,1378.8,2364331
2021-04-12 09:51:10,1379.0,2364946
2021-04-12 09:51:11,1379.05,2365034
2021-04-12 09:51:13,1379.2,2365394
2021-04-12 09:51:14,1379.45,2365576
2021-04-12 09:51:15,1379.4,2365700
2021-04-12 09:51:16,1379.35,2365861
2021-04-12 09:51:17,1379.35,2365895
2021-04-12 09:51:18,1379.4,2366106
2021-04-12 09:51:19,1378.8,2367711
2021-04-12 09:51:20,1379.0,2367967
2021-04-12 09:51:21,1378.5,2368466
2021-04-12 09:51:22,1378.5,2368779
2021-04-12 09:51:23,1378.5,2369038
2021-04-12 09:51:23,1378.5,2369039
2021-04-12 09:51:24,1378.2,2369775
2021-04-12 09:51:25,1378.25,2370305
2021-04-12 09:51:26,1378.65,2370362
2021-04-12 09:51:28,1378.65,2370779
2021-04-12 09:51:29,1379.0,2370926
2021-04-12 09:51:30,1379.0,2372509
2021-04-12 09:51:31,1379.5,2372738
2021-04-12 09:51:32,1379.35,2374750
2021-04-12 09:51:33,1379.35,2375177
2021-04-12 09:51:34,1379.5,2375453
2021-04-12 09:51:35,1379.5,2375615
2021-04-12 09:51:35,1379.35,2376035
2021-04-12 09:51:37,1379.5,2376322
2021-04-12 09:51:38,1379.85,2376477
2021-04-12 09:51:39,1379.8,2376640
2021-04-12 09:51:40,1379.35,2377396
2021-04-12 09:51:41,1379.8,2377668
2021-04-12 09:51:42,1379.8,2378407
2021-04-12 09:51:43,1379.8,2378631
2021-04-12 09:51:44,1379.95,2378734
2021-04-12 09:51:45,1379.8,2379703
2021-04-12 09:51:46,1379.5,2380450
2021-04-12 09:51:47,1379.5,2380531
2021-04-12 09:51:48,1379.3,2380688
2021-04-12 09:51:49,1379.5,2380741
2021-04-12 09:51:50,1379.4,2380796
2021-04-12 09:51:51,1379.15,2380983
2021-04-12 09:51:52,1379.05,2381145
2021-04-12 09:51:53,1379.1,2381443
2021-04-12 09:51:54,1379.1,2381610
2021-04-12 09:51:55,1379.1,2381804
2021-04-12 09:51:56,1379.05,2382006
2021-04-12 09:51:57,1379.7,2382507
2021-04-12 09:51:58,1379.7,2382536
2021-04-12 09:51:59,1379.5,2382649
2021-04-12 09:51:59,1379.7,2382651
2021-04-12 09:52:00,1379.7,2382698
2021-04-12 09:52:01,1379.7,2382898
2021-04-12 09:52:03,1379.35,2383345
2021-04-12 09:52:04,1379.5,2383422
2021-04-12 09:52:05,1379.5,2383486
2021-04-12 09:52:06,1379.4,2383747
2021-04-12 09:52:07,1379.3,2384530
2021-04-12 09:52:08,1379.75,2384698
2021-04-12 09:52:09,1379.7,2384857
2021-04-12 09:52:14,1379.7,2385326
2021-04-12 09:52:15,1379.65,2385718
2021-04-12 09:52:16,1379.65,2385748
2021-04-12 09:52:17,1379.7,2386107
2021-04-12 09:52:18,1379.7,2386152
2021-04-12 09:52:19,1379.7,2386252
2021-04-12 09:52:20,1379.7,2386329
2021-04-12 09:52:21,1379.45,2388022
2021-04-12 09:52:22,1379.9,2388060
2021-04-12 09:52:23,1379.9,2388137
2021-04-12 09:52:24,1379.85,2388138
2021-04-12 09:52:25,1379.65,2388301
2021-04-12 09:52:26,1379.65,2388391
2021-04-12 09:52:27,1379.65,2388506
2021-04-12 09:52:28,1379.1,2389271
2021-04-12 09:52:29,1379.65,2389397
2021-04-12 09:52:30,1379.45,2390158
2021-04-12 09:52:31,1379.45,2390281
2021-04-12 09:52:32,1379.45,2390546
2021-04-12 09:52:33,1379.0,2390806
2021-04-12 09:52:34,1379.1,2391024
2021-04-12 09:52:35,1379.1,2396586
2021-04-12 09:52:36,1379.65,2397761
2021-04-12 09:52:38,1379.2,2397888
2021-04-12 09:52:39,1379.6,2397921
2021-04-12 09:52:40,1379.15,2399161
2021-04-12 09:52:41,1379.5,2399209
2021-04-12 09:52:42,1379.5,2399764
2021-04-12 09:52:43,1379.65,2400089
2021-04-12 09:52:44,1379.65,2400183
2021-04-12 09:52:45,1379.3,2400246
2021-04-12 09:52:46,1379.65,2400348
2021-04-12 09:52:47,1379.65,2400423
2021-04-12 09:52:48,1379.5,2400605
2021-04-12 09:52:49,1379.65,2400640
2021-04-12 09:52:50,1379.65,2401871
2021-04-12 09:52:51,1379.95,2402021
2021-04-12 09:52:52,1379.95,2402057
2021-04-12 09:52:53,1379.6,2402444
2021-04-12 09:52:54,1379.5,2402700
2021-04-12 09:52:55,1379.6,2402882
2021-04-12 09:52:56,1379.55,2403020
2021-04-12 09:52:57,1379.6,2403261
2021-04-12 09:52:58,1379.5,2403313
2021-04-12 09:52:59,1379.5,2404043
2021-04-12 09:53:00,1379.5,2404089
2021-04-12 09:53:01,1379.45,2404517
2021-04-12 09:53:02,1379.35,2404749
2021-04-12 09:53:03,1379.15,2405589
2021-04-12 09:53:04,1379.15,2405758
2021-04-12 09:53:05,1378.75,2407034
2021-04-12 09:53:06,1378.75,2407495
2021-04-12 09:53:07,1379.0,2407745
2021-04-12 09:53:08,1379.55,2407946
2021-04-12 09:53:10,1379.5,2408041
2021-04-12 09:53:09,1379.5,2408006
2021-04-12 09:53:11,1379.35,2408092
2021-04-12 09:53:12,1379.5,2408153
2021-04-12 09:53:13,1379.7,2408594
2021-04-12 09:53:14,1379.35,2408669
2021-04-12 09:53:15,1379.45,2408707
2021-04-12 09:53:16,1379.7,2408892
2021-04-12 09:53:17,1379.7,2409107
2021-04-12 09:53:18,1379.7,2409688
2021-04-12 09:53:19,1379.55,2409689
2021-04-12 09:53:20,1379.0,2410176
2021-04-12 09:53:21,1379.75,2410758
2021-04-12 09:53:22,1379.8,2410764
2021-04-12 09:53:23,1379.65,2410872
2021-04-12 09:53:24,1379.5,2410887
2021-04-12 09:53:25,1379.45,2410935
2021-04-12 09:53:26,1379.45,2411091
2021-04-12 09:53:27,1379.35,2412295
2021-04-12 09:53:28,1379.25,2412880
2021-04-12 09:53:29,1379.2,2413237
2021-04-12 09:53:30,1379.2,2413320
2021-04-12 09:53:31,1379.2,2413515
2021-04-12 09:53:32,1379.2,2413540
2021-04-12 09:53:33,1379.2,2414385
2021-04-12 09:53:34,1379.2,2414412
2021-04-12 09:53:35,1379.15,2414459
2021-04-12 09:53:36,1379.5,2418957
2021-04-12 09:53:37,1379.55,2418980
2021-04-12 09:53:38,1379.55,2419108
2021-04-12 09:53:39,1379.25,2419610
2021-04-12 09:53:40,1379.35,2420020
2021-04-12 09:53:41,1379.25,2420025
2021-04-12 09:53:42,1379.0,2420218
2021-04-12 09:53:43,1379.45,2420561
2021-04-12 09:53:44,1379.45,2420599
2021-04-12 09:53:45,1379.4,2421360
2021-04-12 09:53:47,1379.35,2421820
2021-04-12 09:53:46,1379.35,2421820
2021-04-12 09:53:48,1379.4,2422000
2021-04-12 09:53:49,1379.45,2422582
2021-04-12 09:53:50,1379.45,2422662
2021-04-12 09:53:51,1379.45,2422712
2021-04-12 09:53:52,1379.7,2423212
2021-04-12 09:53:53,1379.7,2423523
2021-04-12 09:53:54,1379.4,2423540
2021-04-12 09:53:55,1379.4,2423667
2021-04-12 09:53:56,1379.5,2424742
2021-04-12 09:53:57,1379.5,2424789
2021-04-12 09:53:58,1379.45,2424818
2021-04-12 09:53:59,1379.5,2425044
2021-04-12 09:54:00,1379.4,2425148
2021-04-12 09:54:01,1379.5,2425214
2021-04-12 09:54:02,1379.45,2425297
2021-04-12 09:54:03,1379.7,2425408
2021-04-12 09:54:04,1379.5,2425494
2021-04-12 09:54:05,1379.7,2425567
2021-04-12 09:54:06,1379.65,2425616
2021-04-12 09:54:07,1379.65,2425649
2021-04-12 09:54:08,1379.65,2425703
2021-04-12 09:54:09,1379.7,2425839
2021-04-12 09:54:10,1379.7,2425901
2021-04-12 09:54:11,1379.7,2425914
2021-04-12 09:54:12,1379.65,2426339
2021-04-12 09:54:13,1380.0,2426576
2021-04-12 09:54:14,1379.55,2426769
2021-04-12 09:54:15,1379.9,2428100
2021-04-12 09:54:16,1379.85,2428423
2021-04-12 09:54:17,1379.6,2428863
2021-04-12 09:54:18,1379.9,2428961
2021-04-12 09:54:19,1379.9,2428999
2021-04-12 09:54:20,1379.6,2429797
2021-04-12 09:54:21,1379.55,2430009
2021-04-12 09:54:22,1379.6,2430061
2021-04-12 09:54:23,1379.6,2430772
2021-04-12 09:54:24,1379.6,2430872
2021-04-12 09:54:25,1379.55,2431130
2021-04-12 09:54:26,1379.6,2431317
2021-04-12 09:54:27,1379.9,2431568
2021-04-12 09:54:28,1379.85,2431664
2021-04-12 09:54:29,1379.85,2431750
2021-04-12 09:54:30,1380.0,2431849
2021-04-12 09:54:31,1379.9,2432411
2021-04-12 09:54:32,1379.35,2432699
2021-04-12 09:54:33,1379.55,2432808
2021-04-12 09:54:34,1379.65,2433493
2021-04-12 09:54:36,1379.0,2435727
2021-04-12 09:54:35,1379.6,2433754
2021-04-12 09:54:37,1378.8,2438266
2021-04-12 09:54:38,1378.8,2438678
2021-04-12 09:54:39,1378.75,2438825
2021-04-12 09:54:40,1378.7,2439072
2021-04-12 09:54:41,1378.45,2439205
2021-04-12 09:54:42,1378.6,2439356
2021-04-12 09:54:43,1378.6,2439393
2021-04-12 09:54:44,1378.6,2439699
2021-04-12 09:54:45,1378.7,2439772
2021-04-12 09:54:46,1378.2,2440147
2021-04-12 09:54:47,1379.0,2440533
2021-04-12 09:54:48,1379.2,2440709
2021-04-12 09:54:49,1378.6,2441122
2021-04-12 09:54:50,1378.6,2441298
2021-04-12 09:54:51,1378.45,2441731
2021-04-12 09:54:52,1378.05,2441830
2021-04-12 09:54:53,1378.45,2442051
2021-04-12 09:54:54,1378.15,2442344
2021-04-12 09:54:55,1378.15,2442633
2021-04-12 09:54:56,1378.45,2442794
2021-04-12 09:54:57,1378.2,2443163
2021-04-12 09:54:58,1378.25,2443778
2021-04-12 09:54:59,1378.5,2444084
2021-04-12 09:55:00,1378.4,2444162
2021-04-12 09:55:01,1378.35,2444391
2021-04-12 09:55:02,1378.45,2444712
2021-04-12 09:55:03,1378.35,2444713
2021-04-12 09:55:04,1378.65,2445195
2021-04-12 09:55:05,1378.55,2445214
2021-04-12 09:55:06,1378.75,2445570
2021-04-12 09:55:07,1378.75,2445571
2021-04-12 09:55:08,1378.6,2445657
2021-04-12 09:55:09,1378.25,2445834
2021-04-12 09:55:10,1378.25,2446300
2021-04-12 09:55:11,1378.6,2446369
2021-04-12 09:55:13,1378.35,2447465
2021-04-12 09:55:14,1378.75,2447694
2021-04-12 09:55:15,1378.7,2447791
2021-04-12 09:55:16,1378.7,2447861
2021-04-12 09:55:17,1378.6,2447996
2021-04-12 09:55:18,1378.85,2448337
2021-04-12 09:55:20,1378.85,2448388
2021-04-12 09:55:20,1378.85,2448405
2021-04-12 09:55:21,1378.85,2448483
2021-04-12 09:55:22,1378.5,2449000
2021-04-12 09:55:23,1378.5,2449348
2021-04-12 09:55:24,1378.5,2449860
2021-04-12 09:55:25,1378.45,2450299
2021-04-12 09:55:26,1378.5,2450432
2021-04-12 09:55:27,1378.5,2450439
2021-04-12 09:55:28,1378.55,2450533
2021-04-12 09:55:29,1378.75,2450605
2021-04-12 09:55:30,1378.75,2450645
2021-04-12 09:55:31,1378.6,2452468
2021-04-12 09:55:32,1378.9,2452651
2021-04-12 09:55:33,1378.9,2452672
2021-04-12 09:55:35,1378.9,2452762
2021-04-12 09:55:36,1378.85,2452882
2021-04-12 09:55:37,1378.7,2453044
2021-04-12 09:55:37,1378.7,2453049
2021-04-12 09:55:38,1378.7,2453497
2021-04-12 09:55:39,1378.95,2453719
2021-04-12 09:55:40,1378.95,2453811
2021-04-12 09:55:41,1378.7,2455090
2021-04-12 09:55:42,1379.9,2456362
2021-04-12 09:55:43,1379.05,2456584
2021-04-12 09:55:44,1379.15,2456618
2021-04-12 09:55:45,1379.5,2456690
2021-04-12 09:55:46,1379.5,2456844
2021-04-12 09:55:48,1380.0,2457057
2021-04-12 09:55:48,1380.0,2463989
2021-04-12 09:55:49,1380.2,2466561
2021-04-12 09:55:50,1380.65,2468093
2021-04-12 09:55:51,1380.7,2468386
2021-04-12 09:55:52,1380.6,2468812
2021-04-12 09:55:53,1380.4,2468966
2021-04-12 09:55:54,1380.4,2469205
2021-04-12 09:55:56,1380.4,2469770
2021-04-12 09:55:56,1380.4,2469752
2021-04-12 09:55:57,1380.85,2470260
2021-04-12 09:55:58,1380.85,2470388
2021-04-12 09:55:59,1381.5,2473682
2021-04-12 09:56:00,1381.4,2474314
2021-04-12 09:56:01,1381.4,2474631
2021-04-12 09:56:02,1381.35,2474967
2021-04-12 09:56:03,1381.5,2475830
2021-04-12 09:56:04,1381.1,2476070
2021-04-12 09:56:05,1381.1,2476369
2021-04-12 09:56:06,1381.35,2476817
2021-04-12 09:56:08,1381.1,2477002
2021-04-12 09:56:09,1381.5,2477490
2021-04-12 09:56:10,1381.5,2477666
2021-04-12 09:56:11,1381.5,2478184
2021-04-12 09:56:12,1380.85,2480379
2021-04-12 09:56:13,1380.85,2480490
2021-04-12 09:56:14,1380.85,2480517
2021-04-12 09:56:15,1380.85,2480623
2021-04-12 09:56:16,1380.85,2480906
2021-04-12 09:56:17,1381.3,2482257
2021-04-12 09:56:18,1381.25,2482459
2021-04-12 09:56:19,1380.85,2482523
2021-04-12 09:56:20,1380.85,2482555
2021-04-12 09:56:21,1380.85,2482642
2021-04-12 09:56:21,1381.45,2482647
2021-04-12 09:56:22,1381.1,2483416
2021-04-12 09:56:23,1381.45,2483468
2021-04-12 09:56:24,1381.0,2484290
2021-04-12 09:56:25,1381.1,2484409
2021-04-12 09:56:26,1380.6,2487744
2021-04-12 09:56:27,1380.75,2488809
2021-04-12 09:56:28,1381.45,2488998
2021-04-12 09:56:29,1381.5,2489111
2021-04-12 09:56:30,1381.9,2490188
2021-04-12 09:56:31,1381.9,2490543
2021-04-12 09:56:32,1381.9,2490679
2021-04-12 09:56:33,1381.9,2490710
2021-04-12 09:56:34,1381.65,2490927
2021-04-12 09:56:35,1381.65,2491711
2021-04-12 09:56:36,1381.8,2492379
2021-04-12 09:56:37,1381.8,2492582
2021-04-12 09:56:38,1381.8,2492806
2021-04-12 09:56:39,1381.9,2493317
2021-04-12 09:56:40,1381.75,2493449
2021-04-12 09:56:41,1381.5,2493574
2021-04-12 09:56:42,1381.8,2493874
2021-04-12 09:56:43,1381.45,2494583
2021-04-12 09:56:44,1381.7,2494890
2021-04-12 09:56:45,1381.35,2495696
2021-04-12 09:56:46,1381.35,2495875
2021-04-12 09:56:47,1381.45,2496101
2021-04-12 09:56:48,1381.35,2496274
2021-04-12 09:56:49,1381.8,2496840
2021-04-12 09:56:50,1381.9,2497084
2021-04-12 09:56:51,1381.9,2497443
2021-04-12 09:56:52,1381.9,2497453
2021-04-12 09:56:53,1381.7,2497870
2021-04-12 09:56:54,1381.8,2497986
2021-04-12 09:56:56,1381.85,2498224
2021-04-12 09:56:57,1381.3,2501371
2021-04-12 09:56:58,1381.15,2502263
2021-04-12 09:56:59,1381.15,2502573
2021-04-12 09:57:00,1381.15,2502914
2021-04-12 09:57:00,1381.15,2502914
2021-04-12 09:57:01,1381.15,2503494
2021-04-12 09:57:02,1381.0,2504178
2021-04-12 09:57:03,1381.1,2504190
2021-04-12 09:57:04,1381.65,2504920
2021-04-12 09:57:05,1381.6,2505103
2021-04-12 09:57:06,1381.45,2505432
2021-04-12 09:57:07,1381.45,2505484
2021-04-12 09:57:08,1381.4,2505520
2021-04-12 09:57:09,1381.4,2505739
2021-04-12 09:57:10,1381.4,2505844
2021-04-12 09:57:11,1381.4,2506013
2021-04-12 09:57:12,1381.35,2506055
2021-04-12 09:57:13,1381.2,2506605
2021-04-12 09:57:14,1381.2,2506731
2021-04-12 09:57:15,1381.65,2507785
2021-04-12 09:57:16,1381.55,2508007
2021-04-12 09:57:17,1381.6,2508025
2021-04-12 09:57:18,1381.2,2508123
2021-04-12 09:57:19,1381.6,2508376
2021-04-12 09:57:20,1381.65,2508432
2021-04-12 09:57:21,1381.65,2508510
2021-04-12 09:57:22,1381.65,2508588
2021-04-12 09:57:24,1381.65,2509329
2021-04-12 09:57:25,1381.7,2509622
2021-04-12 09:57:26,1381.7,2510870
2021-04-12 09:57:27,1381.7,2511082
2021-04-12 09:57:27,1381.8,2511114
2021-04-12 09:57:28,1381.8,2511482
2021-04-12 09:57:29,1381.7,2511688
2021-04-12 09:57:30,1380.95,2514868
2021-04-12 09:57:31,1381.25,2515383
2021-04-12 09:57:32,1381.6,2515616
2021-04-12 09:57:33,1381.6,2516011
2021-04-12 09:57:34,1381.6,2516263
2021-04-12 09:57:36,1381.15,2517110
2021-04-12 09:57:35,1381.7,2516426
2021-04-12 09:57:37,1380.55,2520164
2021-04-12 09:57:38,1381.2,2521410
2021-04-12 09:57:40,1381.1,2521448
2021-04-12 09:57:41,1380.95,2521829
2021-04-12 09:57:42,1380.9,2522276
2021-04-12 09:57:43,1380.9,2522527
2021-04-12 09:57:44,1380.4,2523387
2021-04-12 09:57:44,1380.75,2523448
2021-04-12 09:57:45,1380.7,2523681
2021-04-12 09:57:46,1380.65,2523790
2021-04-12 09:57:48,1380.65,2524706
2021-04-12 09:57:49,1380.65,2526336
2021-04-12 09:57:50,1380.8,2526502
2021-04-12 09:57:51,1380.8,2526627
2021-04-12 09:57:52,1380.8,2526693
2021-04-12 09:57:53,1380.8,2526781
2021-04-12 09:57:54,1380.65,2527430
2021-04-12 09:57:55,1380.95,2528094
2021-04-12 09:57:56,1380.95,2528360
2021-04-12 09:57:58,1380.95,2529310
2021-04-12 09:57:59,1380.9,2529709
2021-04-12 09:58:00,1380.9,2529745
2021-04-12 09:58:01,1380.85,2529827
2021-04-12 09:58:01,1380.85,2529827
2021-04-12 09:58:02,1380.85,2530940
2021-04-12 09:58:03,1380.6,2532181
2021-04-12 09:58:04,1381.0,2532948
2021-04-12 09:58:05,1380.9,2533381
2021-04-12 09:58:06,1381.0,2533719
2021-04-12 09:58:08,1381.0,2533784
2021-04-12 09:58:09,1381.0,2535785
2021-04-12 09:58:10,1381.0,2536443
2021-04-12 09:58:11,1381.0,2536650
2021-04-12 09:58:11,1381.0,2536650
2021-04-12 09:58:12,1381.0,2536698
2021-04-12 09:58:13,1381.0,2537016
2021-04-12 09:58:15,1381.0,2537081
2021-04-12 09:58:16,1380.9,2537103
2021-04-12 09:58:16,1380.95,2537096
2021-04-12 09:58:17,1380.95,2537301
2021-04-12 09:58:18,1381.0,2537594
2021-04-12 09:58:20,1381.0,2538132
2021-04-12 09:58:21,1380.9,2538164
2021-04-12 09:58:21,1380.9,2538164
2021-04-12 09:58:22,1380.8,2538182
2021-04-12 09:58:23,1381.0,2538463
2021-04-12 09:58:24,1380.8,2539622
2021-04-12 09:58:25,1380.8,2540096
2021-04-12 09:58:26,1380.65,2540252
2021-04-12 09:58:27,1380.75,2540369
2021-04-12 09:58:28,1380.75,2540403
2021-04-12 09:58:29,1380.65,2540649
2021-04-12 09:58:30,1380.75,2540910
2021-04-12 09:58:31,1380.95,2541503
2021-04-12 09:58:32,1381.0,2541958
2021-04-12 09:58:34,1380.9,2542073
2021-04-12 09:58:35,1380.9,2542167
2021-04-12 09:58:36,1380.9,2542263
2021-04-12 09:58:37,1380.95,2542336
2021-04-12 09:58:38,1380.75,2542702
2021-04-12 09:58:38,1380.7,2542736
2021-04-12 09:58:39,1380.75,2542827
2021-04-12 09:58:40,1380.75,2543108
2021-04-12 09:58:42,1380.75,2543469
2021-04-12 09:58:43,1381.0,2543741
2021-04-12 09:58:44,1380.75,2543979
2021-04-12 09:58:44,1380.75,2543986
2021-04-12 09:58:47,1380.8,2545153
2021-04-12 09:58:48,1380.8,2545384
2021-04-12 09:58:49,1380.9,2545740
2021-04-12 09:58:50,1380.75,2546351
2021-04-12 09:58:52,1380.9,2546441
2021-04-12 09:58:53,1380.9,2547170
2021-04-12 09:58:54,1380.85,2547259
2021-04-12 09:58:55,1380.8,2547684
2021-04-12 09:58:56,1380.8,2547909
2021-04-12 09:58:57,1380.8,2548038
2021-04-12 09:58:57,1380.85,2548239
2021-04-12 09:58:58,1380.9,2548390
2021-04-12 09:58:59,1380.9,2548435
2021-04-12 09:59:00,1380.9,2548615
2021-04-12 09:59:02,1381.0,2548749
2021-04-12 09:59:03,1380.8,2548891
2021-04-12 09:59:03,1380.95,2548893
2021-04-12 09:59:04,1380.95,2548920
2021-04-12 09:59:05,1381.0,2551105
2021-04-12 09:59:07,1381.0,2551622
2021-04-12 09:59:08,1381.0,2552693
2021-04-12 09:59:09,1381.0,2552899
2021-04-12 09:59:10,1380.85,2554235
2021-04-12 09:59:10,1380.85,2554591
2021-04-12 09:59:11,1380.75,2556304
2021-04-12 09:59:12,1380.4,2556543
2021-04-12 09:59:13,1380.7,2556921
2021-04-12 09:59:14,1380.7,2557166
2021-04-12 09:59:15,1380.85,2557338
2021-04-12 09:59:16,1380.75,2557460
2021-04-12 09:59:17,1380.45,2557514
2021-04-12 09:59:18,1380.75,2557748
2021-04-12 09:59:19,1380.75,2558200
2021-04-12 09:59:20,1380.75,2558332
2021-04-12 09:59:21,1380.75,2558405
2021-04-12 09:59:22,1381.0,2565167
2021-04-12 09:59:23,1380.95,2565530
2021-04-12 09:59:24,1380.95,2566242
2021-04-12 09:59:26,1381.65,2567448
2021-04-12 09:59:27,1381.6,2567472
2021-04-12 09:59:28,1381.6,2567681
2021-04-12 09:59:29,1381.6,2567950
2021-04-12 09:59:29,1381.25,2567962
2021-04-12 09:59:30,1381.6,2568107
2021-04-12 09:59:31,1381.6,2568268
2021-04-12 09:59:33,1381.65,2568419
2021-04-12 09:59:34,1381.55,2569002
2021-04-12 09:59:35,1381.55,2569138
2021-04-12 09:59:36,1381.55,2569367
2021-04-12 09:59:37,1381.6,2569502
2021-04-12 09:59:38,1382.4,2581917
2021-04-12 09:59:39,1382.5,2583215
2021-04-12 09:59:40,1381.85,2585176
2021-04-12 09:59:40,1382.5,2585422
2021-04-12 09:59:41,1382.2,2586081
2021-04-12 09:59:42,1382.2,2586263
2021-04-12 09:59:43,1382.4,2586313
2021-04-12 09:59:44,1382.2,2586386
2021-04-12 09:59:46,1382.4,2586607
2021-04-12 09:59:47,1382.7,2587643
2021-04-12 09:59:48,1382.65,2587815
2021-04-12 09:59:49,1382.65,2588069
2021-04-12 09:59:50,1382.65,2588243
2021-04-12 09:59:51,1382.8,2588391
2021-04-12 09:59:51,1382.8,2588426
2021-04-12 09:59:52,1382.8,2588447
2021-04-12 09:59:53,1382.7,2588679
2021-04-12 09:59:54,1382.7,2588840
2021-04-12 09:59:55,1382.5,2589831
2021-04-12 09:59:56,1382.4,2590938
2021-04-12 09:59:57,1382.25,2592819
2021-04-12 09:59:59,1382.25,2593481
2021-04-12 10:00:00,1382.25,2593937
2021-04-12 10:00:01,1382.2,2594865
2021-04-12 10:00:01,1382.2,2594759
2021-04-12 10:00:02,1382.5,2595366
2021-04-12 10:00:03,1382.45,2595580
2021-04-12 10:00:04,1382.2,2595735
2021-04-12 10:00:06,1382.0,2596198
2021-04-12 10:00:07,1382.05,2596961
2021-04-12 10:00:08,1381.75,2597155
2021-04-12 10:00:09,1381.75,2597727
2021-04-12 10:00:10,1381.7,2597923
2021-04-12 10:00:12,1381.4,2599522
2021-04-12 10:00:13,1381.3,2599568
2021-04-12 10:00:14,1381.25,2600192
2021-04-12 10:00:15,1381.25,2600451
2021-04-12 10:00:16,1381.2,2601008
2021-04-12 10:00:17,1380.85,2605222
2021-04-12 10:00:18,1380.9,2605885
2021-04-12 10:00:19,1380.7,2606948
2021-04-12 10:00:20,1380.7,2607768
2021-04-12 10:00:21,1380.45,2608086
2021-04-12 10:00:22,1380.95,2608139
2021-04-12 10:00:23,1381.15,2608168
2021-04-12 10:00:23,1380.95,2608169
2021-04-12 10:00:24,1380.95,2608233
2021-04-12 10:00:26,1380.6,2608351
2021-04-12 10:00:27,1380.55,2608649
2021-04-12 10:00:28,1380.55,2609024
2021-04-12 10:00:29,1380.8,2609211
2021-04-12 10:00:30,1380.5,2609397
2021-04-12 10:00:30,1380.75,2609416
2021-04-12 10:00:31,1380.5,2610177
2021-04-12 10:00:33,1380.45,2610799
2021-04-12 10:00:34,1380.4,2611259
2021-04-12 10:00:35,1380.4,2611423
2021-04-12 10:00:36,1380.4,2611590
2021-04-12 10:00:37,1380.25,2612049
2021-04-12 10:00:38,1380.15,2612131
2021-04-12 10:00:38,1380.25,2612167
2021-04-12 10:00:39,1380.5,2612643
2021-04-12 10:00:41,1380.8,2612732
2021-04-12 10:00:42,1380.4,2612796
2021-04-12 10:00:43,1380.8,2612807
2021-04-12 10:00:43,1380.75,2612819
2021-04-12 10:00:44,1380.75,2612893
2021-04-12 10:00:46,1380.35,2614048
2021-04-12 10:00:47,1379.85,2623456
2021-04-12 10:00:48,1380.05,2623874
2021-04-12 10:00:49,1380.4,2624549
2021-04-12 10:00:50,1379.4,2624737
2021-04-12 10:00:50,1379.4,2624737
2021-04-12 10:00:51,1379.9,2624971
2021-04-12 10:00:53,1379.9,2625040
2021-04-12 10:00:54,1379.3,2625231
2021-04-12 10:00:55,1379.9,2625329
2021-04-12 10:00:56,1380.0,2625494
2021-04-12 10:00:57,1379.85,2625783
2021-04-12 10:00:57,1379.95,2625785
2021-04-12 10:00:58,1379.95,2625918
2021-04-12 10:00:59,1379.95,2625933
2021-04-12 10:01:00,1380.05,2627639
2021-04-12 10:01:01,1380.2,2627707
2021-04-12 10:01:02,1380.25,2628008
2021-04-12 10:01:04,1380.15,2628165
2021-04-12 10:01:05,1380.15,2628243
2021-04-12 10:01:06,1380.15,2628275
2021-04-12 10:01:07,1379.6,2629548
2021-04-12 10:01:08,1379.75,2629825
2021-04-12 10:01:10,1379.7,2630246
2021-04-12 10:01:11,1379.7,2630322
2021-04-12 10:01:12,1379.65,2631521
2021-04-12 10:01:13,1379.65,2631636
2021-04-12 10:01:13,1379.6,2631659
2021-04-12 10:01:14,1379.8,2632212
2021-04-12 10:01:15,1379.6,2636265
2021-04-12 10:01:16,1379.55,2637517
2021-04-12 10:01:17,1379.2,2637859
2021-04-12 10:01:18,1379.6,2638890
2021-04-12 10:01:20,1379.6,2639359
2021-04-12 10:01:21,1379.6,2639376
2021-04-12 10:01:22,1379.6,2639967
2021-04-12 10:01:23,1379.7,2640609
2021-04-12 10:01:24,1379.65,2640671
2021-04-12 10:01:25,1379.15,2640816
2021-04-12 10:01:26,1379.5,2640946
2021-04-12 10:01:27,1379.7,2641220
2021-04-12 10:01:28,1379.7,2641257
2021-04-12 10:01:29,1379.75,2641376
2021-04-12 10:01:29,1379.75,2641381
2021-04-12 10:01:31,1379.75,2641469
2021-04-12 10:01:32,1379.75,2641501
2021-04-12 10:01:33,1379.95,2643395
2021-04-12 10:01:34,1379.9,2643472
2021-04-12 10:01:35,1379.9,2643522
2021-04-12 10:01:36,1379.75,2643667
2021-04-12 10:01:37,1379.75,2643723
2021-04-12 10:01:38,1379.75,2644222
2021-04-12 10:01:39,1379.75,2644708
2021-04-12 10:01:40,1380.0,2644933
2021-04-12 10:01:41,1380.0,2644938
2021-04-12 10:01:42,1379.75,2644964
2021-04-12 10:01:43,1380.0,2645576
2021-04-12 10:01:44,1379.8,2645666
2021-04-12 10:01:45,1379.95,2645786
2021-04-12 10:01:46,1380.0,2646334
2021-04-12 10:01:47,1380.0,2646499
2021-04-12 10:01:47,1380.0,2646514
2021-04-12 10:01:48,1380.0,2646606
2021-04-12 10:01:49,1379.95,2646628
2021-04-12 10:01:51,1380.15,2647022
2021-04-12 10:01:52,1380.3,2647153
2021-04-12 10:01:53,1380.5,2647402
2021-04-12 10:01:54,1380.25,2647600
2021-04-12 10:01:55,1380.6,2647657
2021-04-12 10:01:56,1380.6,2647667
2021-04-12 10:01:57,1380.55,2647921
2021-04-12 10:01:58,1380.4,2649117
2021-04-12 10:01:58,1380.0,2649329
2021-04-12 10:01:59,1380.55,2649617
2021-04-12 10:02:00,1380.3,2650937
2021-04-12 10:02:02,1380.3,2651053
2021-04-12 10:02:04,1380.0,2651234
2021-04-12 10:02:05,1380.15,2652042
2021-04-12 10:02:06,1380.15,2652138
2021-04-12 10:02:07,1379.75,2653202
2021-04-12 10:02:08,1380.0,2653695
2021-04-12 10:02:09,1379.95,2653718
2021-04-12 10:02:10,1379.75,2653913
2021-04-12 10:02:11,1379.85,2654091
2021-04-12 10:02:12,1379.8,2654261
2021-04-12 10:02:13,1379.8,2654759
2021-04-12 10:02:14,1379.8,2655063
2021-04-12 10:02:14,1379.8,2655227
2021-04-12 10:02:16,1379.8,2656189
2021-04-12 10:02:17,1380.4,2656912
2021-04-12 10:02:18,1380.4,2657204
2021-04-12 10:02:19,1380.3,2657256
2021-04-12 10:02:21,1380.35,2657946
2021-04-12 10:02:23,1380.45,2659462
2021-04-12 10:02:24,1380.85,2659859
2021-04-12 10:02:25,1380.45,2660276
2021-04-12 10:02:26,1380.5,2662622
2021-04-12 10:02:26,1380.5,2662622
2021-04-12 10:02:28,1381.0,2663120
2021-04-12 10:02:29,1381.2,2663161
2021-04-12 10:02:30,1381.3,2663448
2021-04-12 10:02:31,1381.35,2664375
2021-04-12 10:02:32,1381.9,2664404
2021-04-12 10:02:33,1381.85,2664772
2021-04-12 10:02:33,1381.45,2665050
2021-04-12 10:02:34,1381.45,2665343
2021-04-12 10:02:35,1381.7,2665487
2021-04-12 10:02:36,1381.7,2665859
2021-04-12 10:02:37,1381.35,2665866
2021-04-12 10:02:38,1381.7,2666367
2021-04-12 10:02:40,1381.5,2667477
2021-04-12 10:02:41,1381.6,2668071
2021-04-12 10:02:42,1381.55,2672865
2021-04-12 10:02:43,1381.5,2673772
2021-04-12 10:02:44,1381.55,2675473
2021-04-12 10:02:45,1381.85,2676569
2021-04-12 10:02:46,1381.75,2677687
2021-04-12 10:02:47,1381.95,2678554
2021-04-12 10:02:47,1381.9,2678654
2021-04-12 10:02:49,1381.95,2679456
2021-04-12 10:02:50,1382.05,2682083
2021-04-12 10:02:51,1382.2,2682535
2021-04-12 10:02:52,1382.2,2683238
2021-04-12 10:02:53,1382.2,2683339
2021-04-12 10:02:54,1382.15,2683523
2021-04-12 10:02:55,1382.2,2683621
2021-04-12 10:02:56,1381.95,2684373
