timestamp,ltp,volume
2021-05-31 09:15:17,146.9,123750
2021-05-31 09:15:23,146.7,135508
2021-05-31 09:15:29,146.7,146489
2021-05-31 09:15:34,146.65,151540
2021-05-31 09:15:40,146.65,174338
2021-05-31 09:15:46,146.65,178491
2021-05-31 09:15:51,146.8,181680
2021-05-31 09:15:57,146.8,183710
2021-05-31 09:16:02,146.8,192710
2021-05-31 09:16:07,146.75,200708
2021-05-31 09:16:13,146.75,205525
2021-05-31 09:16:18,146.8,206834
2021-05-31 09:16:24,146.8,210725
2021-05-31 09:16:29,146.7,214824
2021-05-31 09:16:34,146.65,218852
2021-05-31 09:16:39,146.55,265416
2021-05-31 09:16:44,146.6,271884
2021-05-31 09:16:49,146.6,307921
2021-05-31 09:16:54,146.5,309108
2021-05-31 09:17:00,146.5,318794
2021-05-31 09:17:05,146.4,329775
2021-05-31 09:17:10,146.55,336351
2021-05-31 09:17:15,146.55,342155
2021-05-31 09:17:20,146.45,350921
2021-05-31 09:17:25,146.45,358844
2021-05-31 09:17:30,146.4,361861
2021-05-31 09:17:35,146.35,371777
2021-05-31 09:17:40,146.3,384360
2021-05-31 09:17:45,146.05,459938
2021-05-31 09:17:51,146.05,464309
2021-05-31 09:17:56,145.95,473481
2021-05-31 09:18:00,146.0,474946
2021-05-31 09:18:05,146.05,485663
2021-05-31 09:18:10,145.95,487643
2021-05-31 09:18:15,145.95,492810
2021-05-31 09:18:20,145.95,516422
2021-05-31 09:18:25,145.75,548006
2021-05-31 09:18:30,145.75,561235
2021-05-31 09:18:35,145.8,563931
2021-05-31 09:18:40,145.95,566567
2021-05-31 09:18:45,146.0,567806
2021-05-31 09:18:50,146.15,571595
2021-05-31 09:18:55,146.15,572899
2021-05-31 09:19:00,146.05,580428
2021-05-31 09:19:05,146.0,595681
2021-05-31 09:19:10,146.05,601845
2021-05-31 09:19:15,146.15,606453
2021-05-31 09:19:20,146.05,609687
2021-05-31 09:19:25,146.15,625633
2021-05-31 09:19:30,145.95,676194
2021-05-31 09:19:35,145.8,693866
2021-05-31 09:19:40,145.7,758417
2021-05-31 09:19:45,145.55,760263
2021-05-31 09:19:50,145.65,761207
2021-05-31 09:19:54,145.55,763173
2021-05-31 09:19:59,145.45,796287
2021-05-31 09:20:04,145.4,807475
2021-05-31 09:20:09,145.5,822848
2021-05-31 09:20:14,145.55,837880
2021-05-31 09:20:18,145.5,854257
2021-05-31 09:20:23,145.55,866528
2021-05-31 09:20:28,145.45,872913
2021-05-31 09:20:33,145.55,875850
2021-05-31 09:20:38,145.5,879733
2021-05-31 09:20:42,145.5,899136
2021-05-31 09:20:47,145.4,909651
2021-05-31 09:20:52,145.35,914919
2021-05-31 09:20:57,145.2,952561
2021-05-31 09:21:02,145.35,963502
2021-05-31 09:21:06,145.3,965750
2021-05-31 09:21:11,145.35,967992
2021-05-31 09:21:16,145.4,969299
2021-05-31 09:21:21,145.4,981932
2021-05-31 09:21:26,145.4,991672
2021-05-31 09:21:30,145.35,995710
2021-05-31 09:21:35,145.4,999868
2021-05-31 09:21:40,145.5,1000240
2021-05-31 09:21:45,145.4,1006115
2021-05-31 09:21:50,145.45,1007914
2021-05-31 09:21:55,145.5,1010115
2021-05-31 09:22:00,145.5,1014730
2021-05-31 09:22:05,145.7,1017129
2021-05-31 09:22:09,145.75,1022646
2021-05-31 09:22:14,145.6,1024188
2021-05-31 09:22:19,145.75,1028079
2021-05-31 09:22:24,145.75,1030667
2021-05-31 09:22:29,145.75,1036265
2021-05-31 09:22:33,145.75,1038054
2021-05-31 09:22:38,145.8,1038673
2021-05-31 09:22:42,145.75,1041699
2021-05-31 09:22:47,145.45,1113667
2021-05-31 09:22:52,145.5,1118634
2021-05-31 09:22:56,145.4,1119989
2021-05-31 09:23:01,145.45,1124237
2021-05-31 09:23:06,145.45,1126626
2021-05-31 09:23:10,145.45,1128119
2021-05-31 09:23:15,145.4,1143390
2021-05-31 09:23:20,145.4,1145327
2021-05-31 09:23:24,145.4,1148207
2021-05-31 09:23:29,145.3,1168886
2021-05-31 09:23:34,145.3,1170111
2021-05-31 09:23:39,145.3,1171447
2021-05-31 09:23:43,145.3,1171921
2021-05-31 09:23:48,145.35,1172479
2021-05-31 09:23:52,145.4,1174012
2021-05-31 09:23:57,145.55,1186487
2021-05-31 09:24:01,145.7,1187563
2021-05-31 09:24:06,145.65,1188332
2021-05-31 09:24:10,145.65,1189072
2021-05-31 09:24:15,145.55,1189387
2021-05-31 09:24:20,145.55,1200654
2021-05-31 09:24:24,145.55,1207683
2021-05-31 09:24:29,145.55,1208068
2021-05-31 09:24:33,145.55,1209478
2021-05-31 09:24:38,145.6,1211688
2021-05-31 09:24:42,145.55,1212183
2021-05-31 09:24:47,145.3,1320182
2021-05-31 09:24:52,145.25,1326504
2021-05-31 09:24:56,145.4,1328251
2021-05-31 09:25:00,145.45,1331757
2021-05-31 09:25:05,145.45,1337191
2021-05-31 09:25:09,145.45,1338377
2021-05-31 09:25:13,145.35,1339043
2021-05-31 09:25:18,145.45,1341580
2021-05-31 09:25:22,145.35,1343059
2021-05-31 09:25:27,145.45,1346491
2021-05-31 09:25:32,145.45,1347125
2021-05-31 09:25:36,145.35,1352744
2021-05-31 09:25:41,145.4,1353579
2021-05-31 09:25:45,145.35,1353800
2021-05-31 09:25:50,145.2,1407771
2021-05-31 09:25:54,145.3,1409179
2021-05-31 09:25:59,145.2,1414286
2021-05-31 09:26:03,145.2,1418531
2021-05-31 09:26:12,145.05,1422668
2021-05-31 09:26:17,145.1,1423740
2021-05-31 09:26:21,145.15,1432867
2021-05-31 09:26:25,145.15,1433543
2021-05-31 09:26:30,145.15,1440271
2021-05-31 09:26:34,145.25,1443020
2021-05-31 09:26:39,145.25,1443972
2021-05-31 09:26:43,145.4,1445441
2021-05-31 09:26:48,145.35,1445525
2021-05-31 09:26:52,145.05,1529959
2021-05-31 09:26:57,145.25,1542096
2021-05-31 09:27:01,145.3,1552502
2021-05-31 09:27:06,145.35,1554849
2021-05-31 09:27:10,145.35,1555543
2021-05-31 09:27:15,145.4,1562124
2021-05-31 09:27:19,145.4,1562489
2021-05-31 09:27:24,145.45,1565622
2021-05-31 09:27:29,145.3,1566998
2021-05-31 09:27:34,145.3,1567253
2021-05-31 09:27:38,145.25,1568006
2021-05-31 09:27:47,145.3,1570908
2021-05-31 09:27:51,145.25,1579226
2021-05-31 09:27:56,145.25,1584798
2021-05-31 09:28:00,145.25,1586652
2021-05-31 09:28:04,145.2,1587962
2021-05-31 09:28:08,145.15,1588393
2021-05-31 09:28:12,145.2,1618757
2021-05-31 09:28:17,145.25,1618834
2021-05-31 09:28:21,145.25,1623741
2021-05-31 09:28:25,145.3,1628690
2021-05-31 09:28:30,145.25,1630407
2021-05-31 09:28:34,145.3,1631812
2021-05-31 09:28:39,145.35,1638356
2021-05-31 09:28:43,145.35,1638520
2021-05-31 09:28:47,145.35,1638842
2021-05-31 09:28:51,145.35,1641900
2021-05-31 09:28:56,145.35,1642414
2021-05-31 09:29:00,145.25,1646936
2021-05-31 09:29:05,145.25,1666002
2021-05-31 09:29:09,145.15,1667206
2021-05-31 09:29:14,145.15,1667419
2021-05-31 09:29:18,145.1,1681682
2021-05-31 09:29:22,145.2,1682543
2021-05-31 09:29:27,145.25,1683494
2021-05-31 09:29:31,145.25,1684534
2021-05-31 09:29:35,145.2,1685403
2021-05-31 09:29:40,145.2,1690219
2021-05-31 09:29:44,145.25,1695404
2021-05-31 09:29:48,145.3,1697957
2021-05-31 09:29:52,145.3,1701194
2021-05-31 09:29:57,145.35,1701474
2021-05-31 09:30:01,145.4,1701863
2021-05-31 09:30:05,145.4,1707352
2021-05-31 09:30:10,145.4,1707918
2021-05-31 09:30:14,145.4,1708758
2021-05-31 09:30:19,145.45,1713042
2021-05-31 09:30:23,145.45,1714163
2021-05-31 09:30:28,145.45,1718811
2021-05-31 09:30:32,145.55,1734398
2021-05-31 09:30:36,145.55,1734905
2021-05-31 09:30:41,145.45,1736806
2021-05-31 09:30:45,145.55,1738595
2021-05-31 09:30:49,145.55,1740562
2021-05-31 09:30:54,145.65,1789687
2021-05-31 09:30:58,145.65,1797790
2021-05-31 09:31:03,145.65,1798825
2021-05-31 09:31:07,145.6,1806470
2021-05-31 09:31:12,145.65,1810400
2021-05-31 09:31:16,145.65,1814013
2021-05-31 09:31:20,145.6,1816386
2021-05-31 09:31:24,145.6,1819465
2021-05-31 09:31:28,145.6,1819913
2021-05-31 09:31:33,145.65,1824134
2021-05-31 09:31:37,145.6,1840386
2021-05-31 09:31:41,145.7,1848325
2021-05-31 09:31:46,145.6,1860021
2021-05-31 09:31:50,145.75,1860385
2021-05-31 09:31:54,145.8,1864546
2021-05-31 09:31:59,145.65,1865825
2021-05-31 09:32:03,145.7,1867876
2021-05-31 09:32:08,145.8,1869886
2021-05-31 09:32:12,145.8,1870265
2021-05-31 09:32:17,145.7,1872577
2021-05-31 09:32:21,145.85,1874602
2021-05-31 09:32:25,145.75,1874960
2021-05-31 09:32:29,145.75,1876132
2021-05-31 09:32:34,145.85,1877885
2021-05-31 09:32:38,145.85,1879536
2021-05-31 09:32:43,145.85,1880647
2021-05-31 09:32:47,145.9,1883831
2021-05-31 09:32:51,145.8,1888373
2021-05-31 09:32:55,145.85,1892464
2021-05-31 09:32:59,145.8,1895053
2021-05-31 09:33:03,145.75,1896573
2021-05-31 09:33:13,145.8,1901529
2021-05-31 09:33:17,145.8,1903826
2021-05-31 09:33:21,145.8,1905467
2021-05-31 09:33:25,145.75,1908123
2021-05-31 09:33:29,145.8,1909334
2021-05-31 09:33:33,145.85,1911176
2021-05-31 09:33:37,145.8,1911280
2021-05-31 09:33:42,145.85,1911687
2021-05-31 09:33:51,145.8,1934073
2021-05-31 09:33:55,145.8,1937369
2021-05-31 09:33:59,145.75,1937808
2021-05-31 09:34:03,145.8,1938093
2021-05-31 09:34:08,145.8,1940377
2021-05-31 09:34:12,145.8,1944282
2021-05-31 09:34:20,145.7,1948200
2021-05-31 09:34:25,145.7,1948432
2021-05-31 09:34:29,145.6,1966429
2021-05-31 09:34:33,145.8,1969944
2021-05-31 09:34:38,145.7,1970645
2021-05-31 09:34:42,145.75,1975197
2021-05-31 09:34:47,145.8,1975697
2021-05-31 09:34:51,145.75,1977061
2021-05-31 09:34:55,145.6,2012451
2021-05-31 09:34:59,145.55,2020724
2021-05-31 09:35:03,145.65,2023347
2021-05-31 09:35:07,145.65,2023757
2021-05-31 09:35:11,145.65,2024698
2021-05-31 09:35:16,145.6,2025096
2021-05-31 09:35:20,145.6,2031432
2021-05-31 09:35:24,145.65,2031790
2021-05-31 09:35:28,145.6,2031978
2021-05-31 09:35:32,145.6,2032902
2021-05-31 09:35:36,145.65,2038495
2021-05-31 09:35:37,145.8,2046456
2021-05-31 09:35:38,145.75,2047356
2021-05-31 09:35:39,145.75,2047356
2021-05-31 09:35:40,145.75,2047356
2021-05-31 09:35:40,145.8,2047695
2021-05-31 09:35:42,145.8,2048070
2021-05-31 09:35:43,145.8,2067064
2021-05-31 09:35:43,145.9,2067014
2021-05-31 09:35:45,145.8,2068073
2021-05-31 09:35:46,145.75,2068273
2021-05-31 09:35:47,145.8,2088491
2021-05-31 09:35:48,145.85,2089067
2021-05-31 09:35:49,145.9,2089698
2021-05-31 09:35:50,145.85,2089713
2021-05-31 09:35:51,145.85,2090491
2021-05-31 09:35:52,145.85,2090608
2021-05-31 09:35:53,145.9,2091720
2021-05-31 09:35:53,145.9,2092520
2021-05-31 09:35:54,145.85,2092676
2021-05-31 09:35:55,145.85,2093114
2021-05-31 09:35:56,145.85,2093160
2021-05-31 09:35:57,145.95,2100155
2021-05-31 09:35:58,145.9,2105287
2021-05-31 09:35:59,145.95,2116065
2021-05-31 09:36:01,145.95,2116237
2021-05-31 09:36:02,145.95,2116617
2021-05-31 09:36:03,145.95,2117153
2021-05-31 09:36:04,145.95,2117153
2021-05-31 09:36:05,145.95,2117517
2021-05-31 09:36:06,146.0,2117715
2021-05-31 09:36:07,146.05,2118538
2021-05-31 09:36:08,145.95,2119192
2021-05-31 09:36:09,145.95,2120864
2021-05-31 09:36:10,145.95,2121102
2021-05-31 09:36:11,146.0,2121402
2021-05-31 09:36:12,145.95,2121538
2021-05-31 09:36:14,145.9,2123106
2021-05-31 09:36:15,146.0,2123109
2021-05-31 09:36:16,146.0,2123226
2021-05-31 09:36:17,146.0,2124037
2021-05-31 09:36:18,145.9,2125209
2021-05-31 09:36:19,146.0,2125210
2021-05-31 09:36:20,146.0,2126810
2021-05-31 09:36:21,145.95,2126820
2021-05-31 09:36:21,145.95,2126847
2021-05-31 09:36:22,146.0,2127347
2021-05-31 09:36:23,145.95,2127457
2021-05-31 09:36:25,146.0,2129676
2021-05-31 09:36:26,145.95,2129714
2021-05-31 09:36:27,146.0,2130431
2021-05-31 09:36:29,146.0,2131360
2021-05-31 09:36:30,146.0,2151399
2021-05-31 09:36:31,146.0,2152279
2021-05-31 09:36:32,146.0,2152319
2021-05-31 09:36:33,146.0,2153349
2021-05-31 09:36:33,145.95,2153299
2021-05-31 09:36:35,145.95,2154353
2021-05-31 09:36:36,146.0,2159538
2021-05-31 09:36:37,145.95,2159610
2021-05-31 09:36:38,146.0,2159930
2021-05-31 09:36:39,146.0,2160357
2021-05-31 09:36:40,146.0,2160613
2021-05-31 09:36:41,145.95,2164814
2021-05-31 09:36:42,145.95,2166234
2021-05-31 09:36:43,146.05,2167884
2021-05-31 09:36:45,145.95,2167989
2021-05-31 09:36:46,146.0,2168089
2021-05-31 09:36:47,146.05,2169745
2021-05-31 09:36:48,146.05,2170327
2021-05-31 09:36:49,146.05,2171153
2021-05-31 09:36:50,146.0,2171199
2021-05-31 09:36:51,146.0,2171802
2021-05-31 09:36:52,146.0,2174114
2021-05-31 09:36:54,146.05,2186057
2021-05-31 09:36:55,146.1,2191343
2021-05-31 09:36:56,146.1,2191643
2021-05-31 09:36:57,146.1,2191679
2021-05-31 09:36:58,146.05,2196637
2021-05-31 09:36:59,146.1,2196697
2021-05-31 09:37:00,146.05,2196783
2021-05-31 09:37:01,146.05,2196820
2021-05-31 09:37:02,146.1,2199216
2021-05-31 09:37:03,146.0,2200252
2021-05-31 09:37:04,146.0,2200378
2021-05-31 09:37:05,146.05,2200395
2021-05-31 09:37:06,146.05,2200445
2021-05-31 09:37:07,146.05,2204660
2021-05-31 09:37:08,146.05,2204905
2021-05-31 09:37:09,146.05,2204905
2021-05-31 09:37:10,146.05,2210242
2021-05-31 09:37:11,146.0,2210334
2021-05-31 09:37:12,146.1,2210534
2021-05-31 09:37:13,146.05,2210820
2021-05-31 09:37:14,146.0,2211336
2021-05-31 09:37:15,146.0,2212337
2021-05-31 09:37:16,146.0,2212337
2021-05-31 09:37:17,146.1,2212474
2021-05-31 09:37:19,146.05,2212734
2021-05-31 09:37:18,146.05,2212724
2021-05-31 09:37:20,146.05,2213234
2021-05-31 09:37:21,146.1,2213244
2021-05-31 09:37:22,146.1,2213814
2021-05-31 09:37:23,146.1,2213814
2021-05-31 09:37:24,146.1,2213869
2021-05-31 09:37:25,146.05,2219789
2021-05-31 09:37:26,146.0,2219989
2021-05-31 09:37:27,146.1,2220000
2021-05-31 09:37:28,146.1,2220050
2021-05-31 09:37:29,146.1,2220250
2021-05-31 09:37:30,146.05,2221300
2021-05-31 09:37:31,146.05,2221301
2021-05-31 09:37:32,146.15,2224111
2021-05-31 09:37:33,146.15,2224111
2021-05-31 09:37:34,146.1,2224523
2021-05-31 09:37:35,146.1,2224531
2021-05-31 09:37:36,146.1,2224650
2021-05-31 09:37:37,146.1,2224650
2021-05-31 09:37:38,146.1,2224650
2021-05-31 09:37:39,146.1,2225759
2021-05-31 09:37:41,146.05,2227183
2021-05-31 09:37:42,146.1,2227200
2021-05-31 09:37:43,146.15,2228728
2021-05-31 09:37:44,146.15,2228769
2021-05-31 09:37:45,146.05,2229119
2021-05-31 09:37:46,146.1,2229819
2021-05-31 09:37:47,146.05,2239003
2021-05-31 09:37:48,145.95,2242317
2021-05-31 09:37:49,146.05,2242542
2021-05-31 09:37:50,146.05,2242626
2021-05-31 09:37:51,146.05,2242636
2021-05-31 09:37:52,146.1,2243216
2021-05-31 09:37:54,146.1,2243621
2021-05-31 09:37:53,146.1,2243598
2021-05-31 09:37:55,146.0,2243693
2021-05-31 09:37:56,146.1,2245813
2021-05-31 09:37:57,146.1,2245813
2021-05-31 09:37:58,146.0,2246028
2021-05-31 09:37:59,146.05,2246529
2021-05-31 09:38:00,146.1,2246829
2021-05-31 09:38:01,146.0,2247553
2021-05-31 09:38:02,146.1,2248674
2021-05-31 09:38:03,145.95,2252874
2021-05-31 09:38:04,145.95,2252946
2021-05-31 09:38:05,146.0,2252999
2021-05-31 09:38:06,146.0,2253019
2021-05-31 09:38:07,146.05,2254024
2021-05-31 09:38:08,146.0,2254029
2021-05-31 09:38:09,146.0,2254049
2021-05-31 09:38:10,145.9,2266553
2021-05-31 09:38:12,145.8,2268191
2021-05-31 09:38:11,145.85,2266803
2021-05-31 09:38:13,145.8,2269691
2021-05-31 09:38:14,145.9,2269791
2021-05-31 09:38:15,145.9,2269791
2021-05-31 09:38:16,145.7,2294569
2021-05-31 09:38:17,145.7,2303701
2021-05-31 09:38:18,145.7,2303960
2021-05-31 09:38:20,145.65,2323666
2021-05-31 09:38:19,145.65,2323666
2021-05-31 09:38:21,145.45,2346805
2021-05-31 09:38:22,145.55,2358315
2021-05-31 09:38:23,145.55,2358316
2021-05-31 09:38:24,145.6,2358594
2021-05-31 09:38:25,145.65,2360006
2021-05-31 09:38:26,145.6,2360356
2021-05-31 09:38:27,145.6,2360356
2021-05-31 09:38:28,145.65,2370856
2021-05-31 09:38:29,145.6,2370860
2021-05-31 09:38:30,145.7,2371515
2021-05-31 09:38:31,145.7,2371515
2021-05-31 09:38:32,145.6,2372256
2021-05-31 09:38:33,145.7,2372452
2021-05-31 09:38:34,145.65,2372498
2021-05-31 09:38:35,145.75,2373549
2021-05-31 09:38:36,145.75,2373565
2021-05-31 09:38:37,145.75,2373565
2021-05-31 09:38:38,145.75,2377765
2021-05-31 09:38:39,145.75,2377775
2021-05-31 09:38:40,145.8,2378017
2021-05-31 09:38:41,145.8,2378167
2021-05-31 09:38:42,145.75,2379489
2021-05-31 09:38:43,145.75,2380549
2021-05-31 09:38:44,145.65,2386614
2021-05-31 09:38:45,145.75,2388164
2021-05-31 09:38:46,145.7,2391016
2021-05-31 09:38:47,145.7,2391041
2021-05-31 09:38:48,145.7,2391051
2021-05-31 09:38:50,145.6,2391656
2021-05-31 09:38:51,145.7,2391706
2021-05-31 09:38:52,145.75,2391864
2021-05-31 09:38:53,145.75,2391943
2021-05-31 09:38:54,145.75,2391993
2021-05-31 09:38:55,145.75,2392473
2021-05-31 09:38:56,145.7,2392634
2021-05-31 09:38:57,145.7,2392634
2021-05-31 09:38:58,145.7,2392634
2021-05-31 09:38:59,145.7,2392729
2021-05-31 09:39:00,145.7,2393573
2021-05-31 09:39:01,145.65,2393584
2021-05-31 09:39:02,145.65,2393584
2021-05-31 09:39:03,145.6,2394484
2021-05-31 09:39:04,145.75,2406875
2021-05-31 09:39:06,145.85,2411688
2021-05-31 09:39:06,145.85,2411688
2021-05-31 09:39:08,145.95,2417927
2021-05-31 09:39:10,145.95,2439780
2021-05-31 09:39:11,145.95,2439780
2021-05-31 09:39:13,146.05,2443290
2021-05-31 09:39:13,146.05,2443290
2021-05-31 09:39:14,146.0,2447347
2021-05-31 09:39:16,146.0,2449455
2021-05-31 09:39:17,146.1,2465401
2021-05-31 09:39:17,146.1,2465401
2021-05-31 09:39:18,146.05,2466051
2021-05-31 09:39:20,146.05,2478142
2021-05-31 09:39:21,146.0,2490912
2021-05-31 09:39:22,146.05,2494838
2021-05-31 09:39:23,146.1,2504861
2021-05-31 09:39:24,146.1,2505267
2021-05-31 09:39:25,146.1,2506857
2021-05-31 09:39:26,146.15,2507065
2021-05-31 09:39:28,146.15,2507156
2021-05-31 09:39:28,146.1,2507256
2021-05-31 09:39:29,146.15,2507490
2021-05-31 09:39:31,146.1,2516058
2021-05-31 09:39:32,146.05,2526422
2021-05-31 09:39:33,146.15,2551829
2021-05-31 09:39:34,146.1,2552199
2021-05-31 09:39:35,146.1,2554251
2021-05-31 09:39:36,146.15,2558919
2021-05-31 09:39:37,146.2,2571615
2021-05-31 09:39:38,146.1,2573120
2021-05-31 09:39:40,146.2,2573286
2021-05-31 09:39:41,146.25,2584618
2021-05-31 09:39:41,146.2,2584598
2021-05-31 09:39:42,146.25,2585789
2021-05-31 09:39:43,146.2,2586899
2021-05-31 09:39:44,146.25,2588299
2021-05-31 09:39:45,146.2,2604709
2021-05-31 09:39:46,145.95,2658888
2021-05-31 09:39:47,145.95,2660893
2021-05-31 09:39:48,146.0,2662497
2021-05-31 09:39:49,146.0,2663664
2021-05-31 09:39:50,146.05,2664738
2021-05-31 09:39:51,146.05,2669205
2021-05-31 09:39:52,146.1,2672195
2021-05-31 09:39:53,146.1,2673635
2021-05-31 09:39:54,146.1,2674357
2021-05-31 09:39:55,146.1,2676067
2021-05-31 09:39:57,146.15,2683100
2021-05-31 09:39:57,146.15,2683100
2021-05-31 09:39:58,146.15,2683920
2021-05-31 09:39:59,146.15,2684463
2021-05-31 09:40:00,146.05,2688037
2021-05-31 09:40:01,146.15,2710492
2021-05-31 09:40:02,146.1,2712540
2021-05-31 09:40:03,146.1,2713410
2021-05-31 09:40:05,146.15,2714499
2021-05-31 09:40:05,146.15,2714499
2021-05-31 09:40:06,146.15,2715374
2021-05-31 09:40:07,146.15,2719786
2021-05-31 09:40:08,146.15,2725537
2021-05-31 09:40:09,146.15,2733619
2021-05-31 09:40:10,146.15,2733900
2021-05-31 09:40:11,146.15,2734148
2021-05-31 09:40:13,146.15,2738035
2021-05-31 09:40:13,146.1,2738290
2021-05-31 09:40:14,146.2,2739943
2021-05-31 09:40:15,146.2,2740368
2021-05-31 09:40:16,146.15,2740419
2021-05-31 09:40:17,146.15,2742909
2021-05-31 09:40:18,146.15,2745996
2021-05-31 09:40:19,146.15,2748791
2021-05-31 09:40:20,146.15,2749440
2021-05-31 09:40:22,146.1,2757549
2021-05-31 09:40:22,146.1,2757850
2021-05-31 09:40:23,146.0,2761299
2021-05-31 09:40:24,146.1,2761850
2021-05-31 09:40:25,146.1,2766094
2021-05-31 09:40:26,146.0,2769486
2021-05-31 09:40:27,146.0,2780390
2021-05-31 09:40:29,146.05,2782705
2021-05-31 09:40:30,146.1,2791040
2021-05-31 09:40:31,146.1,2791071
2021-05-31 09:40:32,146.1,2793205
2021-05-31 09:40:34,146.1,2798863
2021-05-31 09:40:34,146.1,2798863
2021-05-31 09:40:35,146.1,2808948
2021-05-31 09:40:36,146.1,2812462
2021-05-31 09:40:37,146.1,2814881
2021-05-31 09:40:39,146.1,2818772
2021-05-31 09:40:39,146.05,2822046
2021-05-31 09:40:40,146.15,2823047
2021-05-31 09:40:41,146.15,2826716
2021-05-31 09:40:42,146.1,2827766
2021-05-31 09:40:43,146.1,2827954
2021-05-31 09:40:44,145.8,2887385
2021-05-31 09:40:45,145.9,2888206
2021-05-31 09:40:46,145.95,2891565
2021-05-31 09:40:47,145.9,2892011
2021-05-31 09:40:48,145.9,2892143
2021-05-31 09:40:49,145.9,2893324
2021-05-31 09:40:51,145.9,2894843
2021-05-31 09:40:51,145.9,2894843
2021-05-31 09:40:52,145.95,2895039
2021-05-31 09:40:53,145.85,2897104
2021-05-31 09:40:54,145.9,2897304
2021-05-31 09:40:55,145.9,2897900
2021-05-31 09:40:56,145.95,2898360
2021-05-31 09:40:57,145.95,2898428
2021-05-31 09:40:58,145.9,2900260
2021-05-31 09:40:59,145.85,2902551
2021-05-31 09:41:01,145.7,2933406
2021-05-31 09:41:03,145.75,2935321
2021-05-31 09:41:04,145.6,2944344
2021-05-31 09:41:06,145.65,2944718
2021-05-31 09:41:09,145.6,2945982
2021-05-31 09:41:11,145.7,2946542
2021-05-31 09:41:12,145.65,2947672
2021-05-31 09:41:12,145.7,2947732
2021-05-31 09:41:14,145.7,2948342
2021-05-31 09:41:14,145.7,2948342
2021-05-31 09:41:16,145.6,2949940
2021-05-31 09:41:17,145.6,2949940
2021-05-31 09:41:18,145.6,2949940
2021-05-31 09:41:19,145.65,2965222
2021-05-31 09:41:20,145.6,2965875
2021-05-31 09:41:20,145.65,2966330
2021-05-31 09:41:22,145.7,2967721
2021-05-31 09:41:21,145.7,2967331
2021-05-31 09:41:23,145.65,2972721
2021-05-31 09:41:24,145.7,2973046
2021-05-31 09:41:25,145.65,2980100
2021-05-31 09:41:26,145.7,2984500
2021-05-31 09:41:27,145.7,2984500
2021-05-31 09:41:28,145.7,2984570
2021-05-31 09:41:29,145.7,2985240
2021-05-31 09:41:30,145.75,2985271
2021-05-31 09:41:31,145.75,2985271
2021-05-31 09:41:32,145.75,2986050
2021-05-31 09:41:33,145.75,2987510
2021-05-31 09:41:34,145.75,2988356
2021-05-31 09:41:35,145.7,2988614
2021-05-31 09:41:36,145.75,2989114
2021-05-31 09:41:37,145.8,2990366
2021-05-31 09:41:38,145.7,2994948
2021-05-31 09:41:39,145.65,2994988
2021-05-31 09:41:40,145.8,2995462
2021-05-31 09:41:41,145.75,2995463
2021-05-31 09:41:43,145.7,2999113
2021-05-31 09:41:43,145.7,2999763
2021-05-31 09:41:44,145.5,3019835
2021-05-31 09:41:46,145.6,3025005
2021-05-31 09:41:47,145.6,3025060
2021-05-31 09:41:48,145.6,3025400
2021-05-31 09:41:49,145.6,3025656
2021-05-31 09:41:49,145.6,3025606
2021-05-31 09:41:50,145.6,3025905
2021-05-31 09:41:51,145.55,3026435
2021-05-31 09:41:52,145.65,3026535
2021-05-31 09:41:53,145.55,3026571
2021-05-31 09:41:54,145.65,3026636
2021-05-31 09:41:56,145.65,3026636
2021-05-31 09:41:56,145.6,3031217
2021-05-31 09:41:57,145.65,3031717
2021-05-31 09:41:58,145.6,3031792
2021-05-31 09:41:59,145.7,3031864
2021-05-31 09:42:00,145.65,3031869
2021-05-31 09:42:02,145.7,3031885
2021-05-31 09:42:02,145.65,3031897
2021-05-31 09:42:03,145.65,3031897
2021-05-31 09:42:04,145.7,3033583
2021-05-31 09:42:05,145.7,3033838
2021-05-31 09:42:06,145.7,3038140
2021-05-31 09:42:07,145.65,3046398
2021-05-31 09:42:11,145.65,3047705
2021-05-31 09:42:12,145.65,3047736
2021-05-31 09:42:13,145.7,3048041
2021-05-31 09:42:14,145.7,3048147
2021-05-31 09:42:15,145.65,3048172
2021-05-31 09:42:16,145.65,3049562
2021-05-31 09:42:17,145.7,3049567
2021-05-31 09:42:17,145.7,3050145
2021-05-31 09:42:18,145.7,3050813
2021-05-31 09:42:19,145.65,3051304
2021-05-31 09:42:20,145.7,3052706
2021-05-31 09:42:21,145.65,3055047
2021-05-31 09:42:22,145.7,3055154
2021-05-31 09:42:23,145.7,3055179
2021-05-31 09:42:24,145.7,3055879
2021-05-31 09:42:25,145.7,3055881
2021-05-31 09:42:27,145.7,3059277
2021-05-31 09:42:28,145.65,3059323
2021-05-31 09:42:29,145.75,3059438
2021-05-31 09:42:30,145.65,3069826
2021-05-31 09:42:31,145.65,3069863
2021-05-31 09:42:31,145.65,3070163
2021-05-31 09:42:32,145.65,3070163
2021-05-31 09:42:33,145.75,3070168
2021-05-31 09:42:34,145.8,3071168
2021-05-31 09:42:35,145.7,3071220
2021-05-31 09:42:36,145.75,3071318
2021-05-31 09:42:37,145.7,3071357
2021-05-31 09:42:38,145.75,3071632
2021-05-31 09:42:39,145.75,3073891
2021-05-31 09:42:41,145.7,3075072
2021-05-31 09:42:42,145.7,3075145
2021-05-31 09:42:43,145.7,3080155
2021-05-31 09:42:44,145.65,3081264
2021-05-31 09:42:45,145.65,3081380
2021-05-31 09:42:46,145.8,3082390
2021-05-31 09:42:48,145.7,3083410
2021-05-31 09:42:49,145.7,3084013
2021-05-31 09:42:50,145.8,3084322
2021-05-31 09:42:51,145.8,3084322
2021-05-31 09:42:52,145.8,3084422
2021-05-31 09:42:54,145.75,3084482
2021-05-31 09:42:55,145.75,3086473
2021-05-31 09:42:56,145.85,3087542
2021-05-31 09:42:56,145.85,3087567
2021-05-31 09:42:58,145.8,3088193
2021-05-31 09:42:58,145.8,3088193
2021-05-31 09:43:00,145.7,3088956
2021-05-31 09:43:00,145.8,3089056
2021-05-31 09:43:01,145.8,3089056
2021-05-31 09:43:02,145.85,3089157
2021-05-31 09:43:03,145.75,3089223
2021-05-31 09:43:04,145.75,3089760
2021-05-31 09:43:05,145.8,3090485
2021-05-31 09:43:06,145.75,3093758
2021-05-31 09:43:07,145.75,3093824
2021-05-31 09:43:08,145.7,3094434
2021-05-31 09:43:09,145.75,3094504
2021-05-31 09:43:10,145.75,3094504
2021-05-31 09:43:12,145.65,3094515
2021-05-31 09:43:13,145.7,3096740
2021-05-31 09:43:14,145.7,3096741
2021-05-31 09:43:15,145.75,3096889
2021-05-31 09:43:16,145.75,3097423
2021-05-31 09:43:17,145.75,3097544
2021-05-31 09:43:18,145.7,3098344
2021-05-31 09:43:19,145.7,3098444
2021-05-31 09:43:20,145.7,3101056
2021-05-31 09:43:21,145.7,3101056
2021-05-31 09:43:22,145.7,3101657
2021-05-31 09:43:22,145.7,3101707
2021-05-31 09:43:24,145.7,3101857
2021-05-31 09:43:24,145.65,3102241
2021-05-31 09:43:25,145.7,3103227
2021-05-31 09:43:26,145.75,3103477
2021-05-31 09:43:27,145.7,3103479
2021-05-31 09:43:28,145.8,3103619
2021-05-31 09:43:30,145.7,3103729
2021-05-31 09:43:31,145.7,3104686
2021-05-31 09:43:32,145.65,3105722
2021-05-31 09:43:33,145.7,3107119
2021-05-31 09:43:34,145.7,3107135
2021-05-31 09:43:35,145.75,3107490
2021-05-31 09:43:36,145.75,3107695
2021-05-31 09:43:37,145.8,3107795
2021-05-31 09:43:38,145.8,3107905
2021-05-31 09:43:39,145.8,3107905
2021-05-31 09:43:40,145.7,3108005
2021-05-31 09:43:40,145.7,3108105
2021-05-31 09:43:42,145.7,3108241
2021-05-31 09:43:45,145.75,3109501
2021-05-31 09:43:46,145.8,3109730
2021-05-31 09:43:47,145.8,3110430
2021-05-31 09:43:50,145.85,3110570
2021-05-31 09:43:51,145.8,3110758
2021-05-31 09:43:52,145.9,3110899
2021-05-31 09:43:53,145.8,3110972
2021-05-31 09:43:53,145.75,3126513
2021-05-31 09:43:54,145.75,3126838
2021-05-31 09:43:55,145.75,3126838
2021-05-31 09:43:56,145.85,3126933
2021-05-31 09:43:58,145.85,3126996
2021-05-31 09:43:59,145.8,3127097
2021-05-31 09:44:00,145.75,3128167
2021-05-31 09:44:01,145.8,3128245
2021-05-31 09:44:02,145.8,3128245
2021-05-31 09:44:03,145.8,3128256
2021-05-31 09:44:04,145.8,3128456
2021-05-31 09:44:05,145.8,3128477
2021-05-31 09:44:06,145.7,3128510
2021-05-31 09:44:07,145.7,3128510
2021-05-31 09:44:08,145.8,3128578
2021-05-31 09:44:09,145.7,3129583
2021-05-31 09:44:10,145.7,3137941
2021-05-31 09:44:11,145.7,3138406
2021-05-31 09:44:12,145.75,3138531
2021-05-31 09:44:13,145.7,3138631
2021-05-31 09:44:13,145.75,3139414
2021-05-31 09:44:14,145.8,3139894
2021-05-31 09:44:15,145.8,3140194
2021-05-31 09:44:16,145.8,3140345
2021-05-31 09:44:17,145.75,3140355
2021-05-31 09:44:18,145.7,3142065
2021-05-31 09:44:19,145.7,3142396
2021-05-31 09:44:21,145.8,3143537
2021-05-31 09:44:22,145.7,3143733
2021-05-31 09:44:23,145.75,3143957
2021-05-31 09:44:24,145.7,3146016
2021-05-31 09:44:24,145.75,3146018
2021-05-31 09:44:26,145.75,3147768
2021-05-31 09:44:26,145.75,3147868
2021-05-31 09:44:27,145.75,3147971
2021-05-31 09:44:28,145.75,3147971
2021-05-31 09:44:29,145.75,3148272
2021-05-31 09:44:30,145.75,3148292
2021-05-31 09:44:31,145.7,3148300
2021-05-31 09:44:32,145.7,3148330
2021-05-31 09:44:33,145.75,3148345
2021-05-31 09:44:34,145.75,3148345
2021-05-31 09:44:35,145.75,3148605
2021-05-31 09:44:36,145.75,3148963
2021-05-31 09:44:38,145.8,3148964
2021-05-31 09:44:38,145.8,3148964
2021-05-31 09:44:40,145.8,3148989
2021-05-31 09:44:40,145.8,3149009
2021-05-31 09:44:41,145.8,3149009
2021-05-31 09:44:43,145.75,3149070
2021-05-31 09:44:44,145.8,3149090
2021-05-31 09:44:45,145.8,3149090
2021-05-31 09:44:45,145.8,3149215
2021-05-31 09:44:46,145.8,3149235
2021-05-31 09:44:48,145.8,3149235
2021-05-31 09:44:49,145.85,3149236
2021-05-31 09:44:50,145.8,3149336
2021-05-31 09:44:51,145.8,3149336
2021-05-31 09:44:52,145.85,3149356
2021-05-31 09:44:53,145.8,3151931
2021-05-31 09:44:54,145.85,3151946
2021-05-31 09:44:55,145.85,3151954
2021-05-31 09:44:56,145.85,3152504
2021-05-31 09:44:57,145.85,3152646
2021-05-31 09:44:58,145.9,3152647
2021-05-31 09:44:59,145.9,3152647
2021-05-31 09:45:01,145.8,3155042
2021-05-31 09:45:02,145.9,3155561
2021-05-31 09:45:03,145.8,3156103
2021-05-31 09:45:04,145.85,3156132
2021-05-31 09:45:05,145.85,3156132
2021-05-31 09:45:06,145.85,3156132
2021-05-31 09:45:07,145.85,3157187
2021-05-31 09:45:08,145.85,3157187
2021-05-31 09:45:09,145.8,3157190
2021-05-31 09:45:10,145.8,3157490
2021-05-31 09:45:10,145.8,3157490
2021-05-31 09:45:12,145.8,3160081
2021-05-31 09:45:12,145.8,3160081
2021-05-31 09:45:14,145.85,3160321
2021-05-31 09:45:15,145.85,3160552
2021-05-31 09:45:16,145.9,3170552
2021-05-31 09:45:17,145.9,3170554
2021-05-31 09:45:18,145.9,3170832
2021-05-31 09:45:19,145.8,3170990
2021-05-31 09:45:20,145.85,3171090
2021-05-31 09:45:21,145.85,3171491
2021-05-31 09:45:22,145.8,3171641
2021-05-31 09:45:23,145.8,3179681
2021-05-31 09:45:24,145.75,3179931
2021-05-31 09:45:25,145.75,3180441
2021-05-31 09:45:26,145.75,3180489
2021-05-31 09:45:27,145.8,3180695
2021-05-31 09:45:28,145.85,3181495
2021-05-31 09:45:29,145.85,3181495
2021-05-31 09:45:30,145.75,3182517
2021-05-31 09:45:31,145.7,3183317
2021-05-31 09:45:32,145.75,3185948
2021-05-31 09:45:33,145.75,3186063
2021-05-31 09:45:33,145.75,3186063
2021-05-31 09:45:35,145.8,3186938
2021-05-31 09:45:35,145.8,3187238
2021-05-31 09:45:36,145.8,3187238
2021-05-31 09:45:37,145.75,3187359
2021-05-31 09:45:38,145.75,3192962
2021-05-31 09:45:39,145.65,3192971
2021-05-31 09:45:41,145.75,3193531
2021-05-31 09:45:42,145.8,3195720
2021-05-31 09:45:43,145.8,3196470
2021-05-31 09:45:43,145.8,3196495
2021-05-31 09:45:44,145.8,3196703
2021-05-31 09:45:46,145.75,3197114
2021-05-31 09:45:47,145.75,3197264
2021-05-31 09:45:48,145.75,3197605
2021-05-31 09:45:49,145.75,3198485
2021-05-31 09:45:50,145.75,3199085
2021-05-31 09:45:51,145.75,3199085
2021-05-31 09:45:52,145.8,3199405
2021-05-31 09:45:53,145.8,3199415
2021-05-31 09:45:53,145.8,3199415
2021-05-31 09:45:54,145.8,3199415
2021-05-31 09:45:55,145.8,3199415
2021-05-31 09:45:57,145.8,3200308
2021-05-31 09:45:58,145.8,3200418
2021-05-31 09:45:59,145.8,3200420
2021-05-31 09:45:59,145.75,3200781
2021-05-31 09:46:01,145.8,3200831
2021-05-31 09:46:01,145.8,3200831
2021-05-31 09:46:02,145.75,3201004
2021-05-31 09:46:03,145.7,3202014
2021-05-31 09:46:04,145.6,3246212
2021-05-31 09:46:05,145.65,3247022
2021-05-31 09:46:06,145.6,3247031
2021-05-31 09:46:08,145.6,3247031
2021-05-31 09:46:09,145.65,3247131
2021-05-31 09:46:10,145.65,3247132
2021-05-31 09:46:10,145.6,3247232
2021-05-31 09:46:12,145.7,3247312
2021-05-31 09:46:13,145.7,3247312
2021-05-31 09:46:14,145.7,3247312
2021-05-31 09:46:15,145.65,3247552
2021-05-31 09:46:16,145.65,3248079
2021-05-31 09:46:17,145.65,3248080
2021-05-31 09:46:18,145.65,3248180
2021-05-31 09:46:19,145.6,3249217
2021-05-31 09:46:20,145.65,3249872
2021-05-31 09:46:21,145.65,3249872
2021-05-31 09:46:22,145.55,3249882
2021-05-31 09:46:23,145.55,3249886
2021-05-31 09:46:24,145.55,3250631
2021-05-31 09:46:24,145.55,3250631
2021-05-31 09:46:25,145.5,3250641
2021-05-31 09:46:26,145.55,3250741
2021-05-31 09:46:28,145.55,3250851
2021-05-31 09:46:29,145.55,3250851
2021-05-31 09:46:30,145.55,3250851
2021-05-31 09:46:31,145.6,3251161
2021-05-31 09:46:32,145.6,3251571
2021-05-31 09:46:33,145.6,3251571
2021-05-31 09:46:33,145.6,3251621
2021-05-31 09:46:35,145.55,3252765
2021-05-31 09:46:36,145.6,3253820
2021-05-31 09:46:37,145.6,3253935
2021-05-31 09:46:37,145.6,3253935
2021-05-31 09:46:39,145.55,3253958
2021-05-31 09:46:40,145.55,3253958
2021-05-31 09:46:40,145.55,3254058
2021-05-31 09:46:41,145.65,3255558
2021-05-31 09:46:43,145.6,3256303
2021-05-31 09:46:44,145.6,3256303
2021-05-31 09:46:45,145.55,3258881
2021-05-31 09:46:46,145.5,3259106
2021-05-31 09:46:48,145.5,3259106
2021-05-31 09:46:49,145.6,3259306
2021-05-31 09:46:50,145.6,3259306
2021-05-31 09:46:51,145.6,3259306
2021-05-31 09:46:52,145.6,3259328
2021-05-31 09:46:53,145.6,3259358
2021-05-31 09:46:54,145.55,3259363
2021-05-31 09:46:55,145.65,3260863
2021-05-31 09:46:56,145.65,3260963
2021-05-31 09:46:57,145.55,3262663
2021-05-31 09:46:58,145.55,3263063
2021-05-31 09:46:59,145.65,3263163
2021-05-31 09:46:59,145.65,3263163
2021-05-31 09:47:01,145.55,3263239
2021-05-31 09:47:02,145.55,3263549
2021-05-31 09:47:02,145.55,3263949
2021-05-31 09:47:03,145.6,3263950
2021-05-31 09:47:04,145.6,3263968
2021-05-31 09:47:06,145.55,3264179
2021-05-31 09:47:06,145.6,3264279
2021-05-31 09:47:07,145.6,3265279
2021-05-31 09:47:08,145.6,3265484
2021-05-31 09:47:10,145.6,3265484
2021-05-31 09:47:11,145.6,3265614
2021-05-31 09:47:12,145.6,3266667
2021-05-31 09:47:13,145.6,3266667
2021-05-31 09:47:16,145.65,3268167
2021-05-31 09:47:16,145.65,3268167
2021-05-31 09:47:18,145.65,3268667
2021-05-31 09:47:19,145.65,3268752
2021-05-31 09:47:20,145.7,3269772
2021-05-31 09:47:21,145.6,3270052
2021-05-31 09:47:22,145.6,3270052
2021-05-31 09:47:23,145.7,3270152
2021-05-31 09:47:24,145.7,3270152
2021-05-31 09:47:25,145.65,3270452
2021-05-31 09:47:27,145.6,3271053
2021-05-31 09:47:27,145.6,3271053
2021-05-31 09:47:29,145.7,3272053
2021-05-31 09:47:30,145.7,3272056
2021-05-31 09:47:31,145.7,3272156
2021-05-31 09:47:32,145.7,3272496
2021-05-31 09:47:33,145.7,3272496
2021-05-31 09:47:34,145.7,3272496
2021-05-31 09:47:35,145.7,3272900
2021-05-31 09:47:36,145.7,3273200
2021-05-31 09:47:37,145.7,3273200
2021-05-31 09:47:38,145.7,3273200
2021-05-31 09:47:39,145.7,3273201
2021-05-31 09:47:40,145.7,3273210
2021-05-31 09:47:41,145.7,3273261
2021-05-31 09:47:42,145.7,3273361
2021-05-31 09:47:43,145.65,3274163
2021-05-31 09:47:44,145.65,3274353
2021-05-31 09:47:45,145.65,3274353
2021-05-31 09:47:46,145.7,3274354
2021-05-31 09:47:47,145.7,3274354
2021-05-31 09:47:48,145.7,3274354
2021-05-31 09:47:49,145.7,3274354
2021-05-31 09:47:50,145.7,3275444
2021-05-31 09:47:51,145.75,3275454
2021-05-31 09:47:52,145.75,3275454
2021-05-31 09:47:53,145.7,3277149
2021-05-31 09:47:54,145.65,3277251
2021-05-31 09:47:55,145.7,3277253
2021-05-31 09:47:56,145.7,3277503
2021-05-31 09:47:57,145.7,3277703
2021-05-31 09:47:58,145.7,3277703
2021-05-31 09:47:59,145.7,3278218
2021-05-31 09:48:00,145.7,3278817
2021-05-31 09:48:01,145.7,3278817
2021-05-31 09:48:02,145.7,3279185
2021-05-31 09:48:03,145.7,3279186
2021-05-31 09:48:04,145.7,3279447
2021-05-31 09:48:05,145.7,3279447
2021-05-31 09:48:06,145.7,3279647
2021-05-31 09:48:07,145.75,3284023
2021-05-31 09:48:08,145.75,3285400
2021-05-31 09:48:09,145.7,3285420
2021-05-31 09:48:10,145.75,3285460
2021-05-31 09:48:11,145.75,3285560
2021-05-31 09:48:12,145.75,3285565
2021-05-31 09:48:13,145.7,3285630
2021-05-31 09:48:14,145.75,3285730
2021-05-31 09:48:15,145.75,3285730
2021-05-31 09:48:16,145.75,3286231
2021-05-31 09:48:17,145.8,3293765
2021-05-31 09:48:18,145.8,3293765
2021-05-31 09:48:19,145.8,3293765
2021-05-31 09:48:20,145.8,3293785
2021-05-31 09:48:21,145.8,3293785
2021-05-31 09:48:22,145.8,3293790
2021-05-31 09:48:23,145.75,3293991
2021-05-31 09:48:24,145.8,3294271
2021-05-31 09:48:25,145.8,3294321
2021-05-31 09:48:26,145.8,3294521
2021-05-31 09:48:27,145.8,3294528
2021-05-31 09:48:28,145.75,3294978
2021-05-31 09:48:29,145.8,3298194
2021-05-31 09:48:30,145.8,3298194
2021-05-31 09:48:31,145.85,3298195
2021-05-31 09:48:32,145.85,3298395
2021-05-31 09:48:33,145.85,3298470
2021-05-31 09:48:34,145.85,3298470
2021-05-31 09:48:35,145.85,3298870
2021-05-31 09:48:36,145.85,3298871
2021-05-31 09:48:37,145.85,3298871
2021-05-31 09:48:38,145.9,3298971
2021-05-31 09:48:39,145.85,3298987
2021-05-31 09:48:40,145.9,3298988
2021-05-31 09:48:41,145.9,3301013
2021-05-31 09:48:42,145.9,3301028
2021-05-31 09:48:43,145.9,3301704
2021-05-31 09:48:44,145.9,3301824
2021-05-31 09:48:45,145.8,3302433
2021-05-31 09:48:46,145.9,3302443
2021-05-31 09:48:47,145.9,3302443
2021-05-31 09:48:48,145.9,3302782
2021-05-31 09:48:49,145.9,3303812
2021-05-31 09:48:50,145.9,3303812
2021-05-31 09:48:51,145.9,3303812
2021-05-31 09:48:52,145.9,3303912
2021-05-31 09:48:53,145.9,3303912
2021-05-31 09:48:54,145.9,3303912
2021-05-31 09:48:55,145.8,3303916
2021-05-31 09:48:56,145.9,3303991
2021-05-31 09:48:57,145.9,3304198
2021-05-31 09:48:58,145.9,3304198
2021-05-31 09:49:00,145.9,3304519
2021-05-31 09:48:59,145.9,3304519
2021-05-31 09:49:01,145.9,3305624
2021-05-31 09:49:02,145.9,3305634
2021-05-31 09:49:03,145.85,3305755
2021-05-31 09:49:04,145.85,3307256
2021-05-31 09:49:05,145.8,3307271
2021-05-31 09:49:06,145.8,3307271
2021-05-31 09:49:07,145.8,3308468
2021-05-31 09:49:08,145.8,3308468
2021-05-31 09:49:09,145.8,3308772
2021-05-31 09:49:10,145.8,3308928
2021-05-31 09:49:11,145.85,3308930
2021-05-31 09:49:12,145.85,3308950
2021-05-31 09:49:14,145.85,3309051
2021-05-31 09:49:13,145.85,3309051
2021-05-31 09:49:15,145.85,3309221
2021-05-31 09:49:16,145.8,3309223
2021-05-31 09:49:17,145.9,3309323
2021-05-31 09:49:18,145.9,3309323
2021-05-31 09:49:19,145.9,3309325
2021-05-31 09:49:20,145.75,3317804
2021-05-31 09:49:21,145.75,3318558
2021-05-31 09:49:22,145.75,3318558
2021-05-31 09:49:23,145.8,3318958
2021-05-31 09:49:24,145.8,3320608
2021-05-31 09:49:25,145.85,3320895
2021-05-31 09:49:26,145.9,3321245
2021-05-31 09:49:27,145.9,3321637
2021-05-31 09:49:28,145.9,3321637
2021-05-31 09:49:29,145.9,3321742
2021-05-31 09:49:30,145.9,3321742
2021-05-31 09:49:31,145.8,3322092
2021-05-31 09:49:33,145.8,3322092
2021-05-31 09:49:32,145.8,3322092
2021-05-31 09:49:34,145.8,3322185
2021-05-31 09:49:35,145.9,3322259
2021-05-31 09:49:36,145.9,3322279
2021-05-31 09:49:37,145.9,3322279
2021-05-31 09:49:38,145.8,3322357
2021-05-31 09:49:39,145.75,3322430
2021-05-31 09:49:40,145.8,3326435
2021-05-31 09:49:41,145.7,3326472
2021-05-31 09:49:42,145.8,3326972
2021-05-31 09:49:44,145.75,3326998
2021-05-31 09:49:45,145.8,3327198
2021-05-31 09:49:46,145.8,3327200
2021-05-31 09:49:47,145.8,3327205
2021-05-31 09:49:48,145.8,3328205
2021-05-31 09:49:50,145.75,3328320
2021-05-31 09:49:50,145.75,3328320
2021-05-31 09:49:51,145.85,3328322
2021-05-31 09:49:52,145.75,3328547
2021-05-31 09:49:53,145.85,3328557
2021-05-31 09:49:54,145.85,3328639
2021-05-31 09:49:55,145.85,3328639
2021-05-31 09:49:57,145.85,3329639
2021-05-31 09:49:57,145.8,3329640
2021-05-31 09:49:59,145.8,3329674
2021-05-31 09:50:00,145.8,3329867
2021-05-31 09:50:00,145.8,3329867
2021-05-31 09:50:01,145.85,3331867
2021-05-31 09:50:02,145.8,3331868
2021-05-31 09:50:03,145.9,3331986
2021-05-31 09:50:05,145.9,3331986
2021-05-31 09:50:06,145.85,3332040
2021-05-31 09:50:07,145.85,3332540
2021-05-31 09:50:07,145.85,3332540
2021-05-31 09:50:09,145.9,3332640
2021-05-31 09:50:10,145.85,3332741
2021-05-31 09:50:10,145.85,3332741
2021-05-31 09:50:12,145.85,3332741
2021-05-31 09:50:12,145.85,3332741
2021-05-31 09:50:13,145.85,3332816
2021-05-31 09:50:14,145.9,3332826
2021-05-31 09:50:15,145.9,3332976
2021-05-31 09:50:17,145.85,3333076
2021-05-31 09:50:18,145.9,3333089
2021-05-31 09:50:19,145.9,3333249
2021-05-31 09:50:20,145.8,3334210
2021-05-31 09:50:22,145.9,3334220
2021-05-31 09:50:22,145.9,3334220
2021-05-31 09:50:23,145.85,3334240
2021-05-31 09:50:25,145.9,3334385
2021-05-31 09:50:25,145.8,3334386
2021-05-31 09:50:26,145.8,3334468
2021-05-31 09:50:27,145.9,3334968
2021-05-31 09:50:28,145.9,3334968
2021-05-31 09:50:30,145.9,3334968
2021-05-31 09:50:30,145.9,3334968
2021-05-31 09:50:31,145.9,3334968
2021-05-31 09:50:32,145.9,3335068
2021-05-31 09:50:34,145.85,3335368
2021-05-31 09:50:34,145.85,3335368
2021-05-31 09:50:36,145.9,3336393
2021-05-31 09:50:40,145.85,3338681
2021-05-31 09:50:43,145.85,3339780
2021-05-31 09:50:47,145.9,3339935
2021-05-31 09:50:50,145.9,3340955
2021-05-31 09:50:53,145.85,3342284
2021-05-31 09:50:57,145.9,3343397
2021-05-31 09:51:01,145.9,3353196
2021-05-31 09:51:04,145.9,3354977
2021-05-31 09:51:08,145.95,3356194
2021-05-31 09:51:12,145.95,3356375
2021-05-31 09:51:15,145.95,3356785
2021-05-31 09:51:18,145.95,3358114
2021-05-31 09:51:26,145.9,3364069
2021-05-31 09:51:29,145.9,3365442
2021-05-31 09:51:33,145.95,3365491
2021-05-31 09:51:37,145.95,3365701
2021-05-31 09:51:40,145.95,3366241
2021-05-31 09:51:43,145.95,3366394
2021-05-31 09:51:47,145.95,3369054
2021-05-31 09:51:50,145.95,3369065
2021-05-31 09:51:53,145.95,3370076
2021-05-31 09:51:57,146.0,3372617
2021-05-31 09:52:01,145.9,3374621
2021-05-31 09:52:04,146.0,3375173
2021-05-31 09:52:08,145.9,3380451
2021-05-31 09:52:11,145.9,3380910
2021-05-31 09:52:15,145.9,3386818
2021-05-31 09:52:18,145.9,3390335
2021-05-31 09:52:22,145.85,3393196
2021-05-31 09:52:25,145.95,3393211
2021-05-31 09:52:29,145.95,3393212
2021-05-31 09:52:32,145.95,3393253
2021-05-31 09:52:35,145.95,3401576
2021-05-31 09:52:42,145.95,3403106
2021-05-31 09:52:45,146.0,3403126
2021-05-31 09:52:49,146.0,3403236
2021-05-31 09:52:52,145.95,3417861
2021-05-31 09:52:55,146.0,3423379
2021-05-31 09:52:58,146.05,3424904
2021-05-31 09:53:01,146.05,3424918
2021-05-31 09:53:05,146.2,3431367
2021-05-31 09:53:09,146.2,3431367
2021-05-31 09:53:12,146.1,3436891
2021-05-31 09:53:16,146.1,3439434
2021-05-31 09:53:19,146.2,3439915
2021-05-31 09:53:23,146.15,3440333
2021-05-31 09:53:26,146.15,3441038
2021-05-31 09:53:29,146.15,3442516
2021-05-31 09:53:33,146.15,3455645
2021-05-31 09:53:40,146.25,3466158
2021-05-31 09:53:44,146.2,3468613
2021-05-31 09:53:47,146.15,3470387
2021-05-31 09:53:51,146.15,3473544
2021-05-31 09:53:55,146.1,3474544
2021-05-31 09:53:58,146.05,3474947
2021-05-31 09:54:01,146.15,3476241
2021-05-31 09:54:05,146.15,3476459
2021-05-31 09:54:08,146.05,3477017
2021-05-31 09:54:11,146.2,3479652
2021-05-31 09:54:14,146.15,3479660
2021-05-31 09:54:18,146.15,3479812
2021-05-31 09:54:21,146.2,3482362
2021-05-31 09:54:25,146.1,3489825
2021-05-31 09:54:28,146.15,3490222
2021-05-31 09:54:32,146.2,3492228
2021-05-31 09:54:35,146.2,3492229
2021-05-31 09:54:38,146.2,3492588
2021-05-31 09:54:42,146.2,3492638
2021-05-31 09:54:45,146.1,3494900
2021-05-31 09:54:48,146.2,3495071
2021-05-31 09:54:52,146.2,3495463
2021-05-31 09:54:55,146.1,3496844
2021-05-31 09:54:59,146.2,3497044
2021-05-31 09:55:02,146.15,3497045
2021-05-31 09:55:05,146.2,3498078
2021-05-31 09:55:09,146.2,3498303
2021-05-31 09:55:12,146.2,3499558
2021-05-31 09:55:15,146.2,3499874
2021-05-31 09:55:18,146.15,3500251
2021-05-31 09:55:22,146.1,3511963
2021-05-31 09:55:25,146.2,3512474
2021-05-31 09:55:28,146.1,3516607
2021-05-31 09:55:32,146.1,3517957
2021-05-31 09:55:36,146.15,3517982
2021-05-31 09:55:39,146.2,3518645
2021-05-31 09:55:42,146.2,3518760
2021-05-31 09:55:46,146.15,3520428
2021-05-31 09:55:50,146.15,3521719
2021-05-31 09:55:53,146.15,3523543
2021-05-31 09:55:56,146.15,3524572
2021-05-31 09:56:00,146.15,3524572
2021-05-31 09:56:03,146.15,3524923
2021-05-31 09:56:06,146.15,3528317
2021-05-31 09:56:10,146.15,3529837
2021-05-31 09:56:13,146.15,3530518
2021-05-31 09:56:17,146.1,3531509
2021-05-31 09:56:20,146.15,3532371
2021-05-31 09:56:23,146.2,3533164
2021-05-31 09:56:27,146.15,3533471
2021-05-31 09:56:30,146.15,3533764
2021-05-31 09:56:34,146.15,3534083
2021-05-31 09:56:38,146.15,3535378
2021-05-31 09:56:41,146.15,3535385
2021-05-31 09:56:44,146.15,3535574
2021-05-31 09:56:51,146.15,3536612
2021-05-31 09:56:54,146.2,3539460
2021-05-31 09:57:00,146.2,3540252
2021-05-31 09:57:03,146.15,3541952
2021-05-31 09:57:07,146.15,3545381
2021-05-31 09:57:10,146.15,3545826
2021-05-31 09:57:13,146.15,3546423
2021-05-31 09:57:16,146.2,3548231
2021-05-31 09:57:20,146.2,3548231
2021-05-31 09:57:23,146.2,3553090
2021-05-31 09:57:29,146.15,3557488
2021-05-31 09:57:32,146.15,3558321
2021-05-31 09:57:36,146.2,3562629
2021-05-31 09:57:40,146.2,3565482
2021-05-31 09:57:44,146.2,3566164
2021-05-31 09:57:48,146.2,3574515
2021-05-31 09:57:52,146.2,3574735
2021-05-31 09:57:56,146.2,3575733
2021-05-31 09:58:00,146.15,3575918
2021-05-31 09:58:03,146.2,3576921
2021-05-31 09:58:07,146.2,3579375
2021-05-31 09:58:11,146.25,3580100
2021-05-31 09:58:14,146.2,3583979
2021-05-31 09:58:18,146.15,3638306
2021-05-31 09:58:22,146.15,3643260
2021-05-31 09:58:25,146.15,3644515
2021-05-31 09:58:29,146.15,3650173
2021-05-31 09:58:33,146.2,3650189
2021-05-31 09:58:36,146.2,3656649
2021-05-31 09:58:40,146.25,3657324
2021-05-31 09:58:44,146.25,3661553
2021-05-31 09:58:48,146.2,3662095
2021-05-31 09:58:52,146.2,3669612
2021-05-31 09:58:59,146.25,3671445
2021-05-31 09:59:03,146.25,3671607
2021-05-31 09:59:07,146.25,3671757
2021-05-31 09:59:10,146.25,3694311
2021-05-31 09:59:14,146.3,3695241
2021-05-31 09:59:17,146.3,3695497
2021-05-31 09:59:21,146.3,3697636
2021-05-31 09:59:24,146.25,3698832
2021-05-31 09:59:27,146.35,3700706
2021-05-31 09:59:30,146.35,3700933
2021-05-31 09:59:34,146.25,3701748
2021-05-31 09:59:37,146.3,3703270
2021-05-31 09:59:40,146.4,3706440
2021-05-31 09:59:44,146.4,3732876
2021-05-31 09:59:47,146.45,3733770
2021-05-31 09:59:50,146.45,3739212
2021-05-31 09:59:54,146.45,3740164
2021-05-31 09:59:57,146.45,3743122
2021-05-31 10:00:01,146.4,3743860
2021-05-31 10:00:04,146.45,3748826
2021-05-31 10:00:08,146.45,3751008
2021-05-31 10:00:11,146.4,3752100
2021-05-31 10:00:15,146.4,3752703
2021-05-31 10:00:18,146.45,3753369
2021-05-31 10:00:22,146.45,3770784
2021-05-31 10:00:25,146.45,3771805
2021-05-31 10:00:28,146.5,3773401
2021-05-31 10:00:32,146.45,3775654
2021-05-31 10:00:35,146.45,3776266
2021-05-31 10:00:38,146.5,3790853
2021-05-31 10:00:42,146.5,3790978
2021-05-31 10:00:45,146.45,3793640
2021-05-31 10:00:49,146.5,3798866
2021-05-31 10:00:53,146.5,3810799
2021-05-31 10:00:56,146.5,3811692
2021-05-31 10:01:00,146.5,3811913
2021-05-31 10:01:03,146.45,3814359
2021-05-31 10:01:07,146.45,3815115
2021-05-31 10:01:10,146.45,3815777
2021-05-31 10:01:14,146.45,3815833
2021-05-31 10:01:18,146.45,3816103
2021-05-31 10:01:22,146.3,3829353
2021-05-31 10:01:25,146.35,3831185
2021-05-31 10:01:29,146.35,3831385
2021-05-31 10:01:32,146.25,3831482
2021-05-31 10:01:36,146.25,3833726
2021-05-31 10:01:39,146.3,3833896
2021-05-31 10:01:42,146.35,3835009
2021-05-31 10:01:46,146.35,3835617
2021-05-31 10:01:50,146.3,3836666
2021-05-31 10:01:53,146.3,3837127
2021-05-31 10:01:57,146.35,3837706
2021-05-31 10:02:00,146.4,3838609
2021-05-31 10:02:04,146.35,3839314
2021-05-31 10:02:08,146.35,3840424
2021-05-31 10:02:11,146.25,3841852
2021-05-31 10:02:15,146.35,3842207
2021-05-31 10:02:18,146.25,3843184
2021-05-31 10:02:21,146.25,3847193
2021-05-31 10:02:25,146.3,3848548
2021-05-31 10:02:28,146.25,3856599
2021-05-31 10:02:32,146.2,3856742
2021-05-31 10:02:35,146.15,3858524
2021-05-31 10:02:38,146.15,3858524
2021-05-31 10:02:42,146.15,3859108
2021-05-31 10:02:45,146.15,3859108
2021-05-31 10:02:48,146.15,3859137
2021-05-31 10:02:55,146.15,3863140
2021-05-31 10:02:58,146.15,3863140
2021-05-31 10:03:01,146.15,3863473
2021-05-31 10:03:04,146.15,3863555
2021-05-31 10:03:08,146.2,3863712
2021-05-31 10:03:11,146.15,3863882
2021-05-31 10:03:15,146.15,3864623
2021-05-31 10:03:18,146.25,3869278
2021-05-31 10:03:21,146.2,3870889
2021-05-31 10:03:24,146.25,3874628
2021-05-31 10:03:28,146.2,3875206
2021-05-31 10:03:32,146.25,3877041
2021-05-31 10:03:35,146.3,3878146
2021-05-31 10:03:39,146.25,3878352
2021-05-31 10:03:42,146.3,3879424
2021-05-31 10:03:46,146.2,3882659
2021-05-31 10:03:49,146.25,3885203
2021-05-31 10:03:52,146.35,3887096
2021-05-31 10:03:55,146.25,3892493
2021-05-31 10:03:59,146.35,3894768
2021-05-31 10:04:02,146.35,3895432
2021-05-31 10:04:05,146.25,3898495
2021-05-31 10:04:08,146.2,3898719
2021-05-31 10:04:11,146.25,3898792
2021-05-31 10:04:15,146.25,3899192
2021-05-31 10:04:18,146.3,3899292
2021-05-31 10:04:22,146.2,3899782
2021-05-31 10:04:25,146.3,3901098
2021-05-31 10:04:28,146.3,3901209
2021-05-31 10:04:31,146.25,3901709
2021-05-31 10:04:34,146.35,3912294
2021-05-31 10:04:41,146.25,3914309
2021-05-31 10:04:45,146.15,3920770
2021-05-31 10:04:48,146.1,3925238
2021-05-31 10:04:51,146.2,3935268
2021-05-31 10:04:54,146.2,3936646
2021-05-31 10:04:57,146.1,3937799
2021-05-31 10:05:00,146.25,3937889
2021-05-31 10:05:03,146.25,3937893
2021-05-31 10:05:06,146.25,3938961
2021-05-31 10:05:09,146.2,3939306
2021-05-31 10:05:13,146.15,3939369
2021-05-31 10:05:16,146.2,3939690
2021-05-31 10:05:19,146.2,3939705
2021-05-31 10:05:22,146.2,3939819
2021-05-31 10:05:25,146.2,3941270
2021-05-31 10:05:28,146.1,3942066
2021-05-31 10:05:31,146.15,3942379
2021-05-31 10:05:34,146.15,3942383
2021-05-31 10:05:38,146.2,3942798
2021-05-31 10:05:41,146.2,3942832
2021-05-31 10:05:44,146.2,3943539
2021-05-31 10:05:47,146.25,3943694
2021-05-31 10:05:51,146.25,3943903
2021-05-31 10:05:54,146.2,3944257
2021-05-31 10:05:58,146.15,3944317
2021-05-31 10:06:01,146.2,3946259
2021-05-31 10:06:05,146.15,3949459
2021-05-31 10:06:07,146.15,3950032
2021-05-31 10:06:13,146.2,3950240
2021-05-31 10:06:16,146.2,3951290
2021-05-31 10:06:20,146.2,3951452
2021-05-31 10:06:23,146.15,3951464
2021-05-31 10:06:27,146.1,3958055
2021-05-31 10:06:31,146.15,3995345
2021-05-31 10:06:35,146.05,4015127
2021-05-31 10:06:38,146.15,4015132
2021-05-31 10:06:42,146.1,4015644
2021-05-31 10:06:45,146.05,4027025
2021-05-31 10:06:49,146.05,4027025
2021-05-31 10:06:52,146.0,4032340
2021-05-31 10:06:55,146.0,4033383
2021-05-31 10:06:58,146.05,4033802
2021-05-31 10:07:02,146.0,4042921
2021-05-31 10:07:05,146.1,4043456
2021-05-31 10:07:08,146.1,4043656
2021-05-31 10:07:11,146.1,4043846
2021-05-31 10:07:14,146.05,4044178
2021-05-31 10:07:17,146.1,4044507
2021-05-31 10:07:20,146.05,4044607
2021-05-31 10:07:23,146.0,4047107
2021-05-31 10:07:26,146.05,4047820
2021-05-31 10:07:29,146.05,4048628
2021-05-31 10:07:36,146.0,4049839
2021-05-31 10:07:39,146.05,4049940
2021-05-31 10:07:41,146.05,4051345
2021-05-31 10:07:44,146.0,4051445
2021-05-31 10:07:48,146.0,4051511
2021-05-31 10:07:51,146.05,4057830
2021-05-31 10:07:55,146.1,4059330
2021-05-31 10:07:58,146.1,4059987
2021-05-31 10:08:02,146.1,4067478
2021-05-31 10:08:06,146.2,4069504
2021-05-31 10:08:10,146.1,4071655
2021-05-31 10:08:13,146.2,4074394
2021-05-31 10:08:17,146.2,4074430
2021-05-31 10:08:25,146.25,4074628
2021-05-31 10:08:29,146.15,4075103
2021-05-31 10:08:33,146.25,4078142
2021-05-31 10:08:36,146.1,4078253
2021-05-31 10:08:40,146.2,4078284
2021-05-31 10:08:43,146.1,4078529
2021-05-31 10:08:47,146.2,4078635
2021-05-31 10:08:50,146.1,4086062
2021-05-31 10:08:53,146.2,4086310
2021-05-31 10:08:57,146.1,4086398
2021-05-31 10:09:01,146.1,4086405
2021-05-31 10:09:05,146.2,4087075
2021-05-31 10:09:09,146.2,4087377
2021-05-31 10:09:12,146.1,4087402
2021-05-31 10:09:16,146.2,4087579
2021-05-31 10:09:20,146.05,4089780
2021-05-31 10:09:24,146.05,4089904
2021-05-31 10:09:27,146.0,4090496
2021-05-31 10:09:31,146.05,4090605
2021-05-31 10:09:35,146.0,4090806
2021-05-31 10:09:39,146.05,4091037
2021-05-31 10:09:43,146.05,4091038
2021-05-31 10:09:47,146.1,4093442
2021-05-31 10:09:51,146.1,4093665
2021-05-31 10:09:55,146.1,4093815
2021-05-31 10:09:58,146.1,4094315
2021-05-31 10:10:02,146.05,4094467
2021-05-31 10:10:06,146.1,4095588
2021-05-31 10:10:10,146.15,4096340
2021-05-31 10:10:14,146.15,4096837
2021-05-31 10:10:18,146.15,4097037
2021-05-31 10:10:22,146.1,4097097
2021-05-31 10:10:26,146.1,4097327
2021-05-31 10:10:29,146.15,4097328
2021-05-31 10:10:32,146.15,4097352
2021-05-31 10:10:35,146.1,4097605
2021-05-31 10:10:39,146.1,4097655
2021-05-31 10:10:42,146.1,4097755
2021-05-31 10:10:46,146.1,4097955
2021-05-31 10:10:49,146.05,4098455
2021-05-31 10:10:52,146.1,4098764
2021-05-31 10:10:55,146.1,4100815
2021-05-31 10:10:58,146.1,4103605
2021-05-31 10:11:01,146.1,4104369
2021-05-31 10:11:04,146.1,4104424
2021-05-31 10:11:07,146.05,4104478
2021-05-31 10:11:11,146.15,4105276
2021-05-31 10:11:13,146.1,4107867
2021-05-31 10:11:17,146.1,4107875
2021-05-31 10:11:20,146.1,4107875
2021-05-31 10:11:24,146.1,4107899
2021-05-31 10:11:27,146.1,4108536
2021-05-31 10:11:30,146.1,4108606
2021-05-31 10:11:34,146.15,4111900
2021-05-31 10:11:37,146.15,4116110
2021-05-31 10:11:40,146.15,4116110
2021-05-31 10:11:43,146.15,4116212
2021-05-31 10:11:46,146.1,4116634
2021-05-31 10:11:49,146.15,4117246
2021-05-31 10:11:53,146.15,4117333
2021-05-31 10:11:55,146.15,4117433
2021-05-31 10:11:58,146.1,4117544
2021-05-31 10:12:02,146.1,4120665
2021-05-31 10:12:05,146.15,4120806
2021-05-31 10:12:08,146.1,4121806
2021-05-31 10:12:11,146.15,4121841
2021-05-31 10:12:14,146.15,4122651
2021-05-31 10:12:18,146.15,4122701
2021-05-31 10:12:22,146.05,4125405
2021-05-31 10:12:25,146.05,4125405
2021-05-31 10:12:28,146.05,4125410
2021-05-31 10:12:31,146.05,4126775
2021-05-31 10:12:34,146.05,4128279
2021-05-31 10:12:37,146.05,4128299
2021-05-31 10:12:40,146.15,4128654
2021-05-31 10:12:43,146.1,4128673
2021-05-31 10:12:46,146.15,4128773
2021-05-31 10:12:49,146.15,4129225
2021-05-31 10:12:52,146.15,4129993
2021-05-31 10:12:56,146.15,4129995
2021-05-31 10:12:58,146.15,4130811
2021-05-31 10:13:01,146.15,4131017
2021-05-31 10:13:04,146.15,4131021
2021-05-31 10:13:07,146.1,4131077
2021-05-31 10:13:10,146.1,4131376
2021-05-31 10:13:14,146.1,4131492
2021-05-31 10:13:17,146.05,4131505
2021-05-31 10:13:21,146.0,4155585
2021-05-31 10:13:25,145.95,4179030
2021-05-31 10:13:28,146.0,4186545
2021-05-31 10:13:31,145.85,4189574
2021-05-31 10:13:34,145.9,4189824
2021-05-31 10:13:37,145.85,4190305
2021-05-31 10:13:40,145.85,4191157
2021-05-31 10:13:44,145.85,4191411
2021-05-31 10:13:47,145.85,4192673
2021-05-31 10:13:50,145.9,4196150
2021-05-31 10:13:53,145.85,4196258
2021-05-31 10:13:56,145.8,4198054
2021-05-31 10:13:59,145.8,4203229
2021-05-31 10:14:02,145.85,4222190
2021-05-31 10:14:05,145.8,4223806
2021-05-31 10:14:08,145.8,4243221
2021-05-31 10:14:11,145.8,4243756
2021-05-31 10:14:14,145.8,4244888
2021-05-31 10:14:17,145.9,4246582
2021-05-31 10:14:21,145.8,4246655
2021-05-31 10:14:24,145.9,4247118
2021-05-31 10:14:27,145.85,4247348
2021-05-31 10:14:30,145.9,4247854
2021-05-31 10:14:33,145.9,4247859
2021-05-31 10:14:37,145.8,4248059
2021-05-31 10:14:40,145.9,4250264
2021-05-31 10:14:43,145.9,4250264
2021-05-31 10:14:46,145.8,4251290
2021-05-31 10:14:49,145.9,4253540
2021-05-31 10:14:53,145.8,4253640
2021-05-31 10:14:56,145.8,4253784
2021-05-31 10:14:59,145.9,4254987
2021-05-31 10:15:02,145.8,4254997
2021-05-31 10:15:10,145.8,4255379
2021-05-31 10:15:13,145.9,4255908
2021-05-31 10:15:16,145.9,4256908
2021-05-31 10:15:18,145.85,4257116
2021-05-31 10:15:21,145.9,4257217
2021-05-31 10:15:24,145.9,4257778
2021-05-31 10:15:28,145.9,4259654
2021-05-31 10:15:31,145.9,4260805
2021-05-31 10:15:34,146.0,4261812
2021-05-31 10:15:37,146.0,4261815
2021-05-31 10:15:40,146.0,4262117
2021-05-31 10:15:43,146.0,4262198
2021-05-31 10:15:46,146.0,4264248
2021-05-31 10:15:49,146.0,4264483
2021-05-31 10:15:52,146.0,4266048
2021-05-31 10:15:54,146.0,4266068
2021-05-31 10:15:57,146.0,4266335
2021-05-31 10:16:00,145.9,4267448
2021-05-31 10:16:03,146.0,4269526
2021-05-31 10:16:06,145.9,4271192
2021-05-31 10:16:10,146.0,4271373
2021-05-31 10:16:13,145.95,4273179
2021-05-31 10:16:17,145.95,4276190
2021-05-31 10:16:20,145.85,4277934
2021-05-31 10:16:23,145.8,4279121
2021-05-31 10:16:26,145.85,4282029
2021-05-31 10:16:29,145.85,4282086
2021-05-31 10:16:33,145.85,4282099
2021-05-31 10:16:36,145.8,4282214
2021-05-31 10:16:39,145.85,4282215
2021-05-31 10:16:42,145.8,4282237
2021-05-31 10:16:45,145.85,4282337
2021-05-31 10:16:47,145.8,4282442
2021-05-31 10:16:50,145.85,4282564
2021-05-31 10:16:53,145.8,4286215
2021-05-31 10:16:56,145.85,4289416
2021-05-31 10:16:59,145.95,4291118
2021-05-31 10:17:01,145.95,4291624
2021-05-31 10:17:04,145.9,4291669
2021-05-31 10:17:08,145.9,4294829
2021-05-31 10:17:11,145.9,4294929
2021-05-31 10:17:14,145.9,4296065
2021-05-31 10:17:17,145.9,4296065
2021-05-31 10:17:20,146.0,4296120
2021-05-31 10:17:22,146.0,4296121
2021-05-31 10:17:25,146.0,4296176
2021-05-31 10:17:28,145.95,4296347
2021-05-31 10:17:31,145.9,4296487
2021-05-31 10:17:33,146.0,4296796
2021-05-31 10:17:36,146.0,4297894
2021-05-31 10:17:40,146.0,4297894
2021-05-31 10:17:43,146.0,4297914
2021-05-31 10:17:50,146.0,4298545
2021-05-31 10:17:53,146.0,4299102
2021-05-31 10:17:56,146.0,4305427
2021-05-31 10:17:59,146.0,4305473
2021-05-31 10:18:03,146.1,4305853
2021-05-31 10:18:06,146.0,4306209
2021-05-31 10:18:10,146.05,4307580
2021-05-31 10:18:13,146.1,4308580
2021-05-31 10:18:17,146.1,4308879
2021-05-31 10:18:20,146.0,4309034
2021-05-31 10:18:23,146.1,4309060
2021-05-31 10:18:25,146.0,4309889
2021-05-31 10:18:28,146.1,4310608
2021-05-31 10:18:31,146.1,4312681
2021-05-31 10:18:38,146.05,4313363
2021-05-31 10:18:41,146.1,4314936
2021-05-31 10:18:44,146.1,4315433
2021-05-31 10:18:48,146.05,4317430
2021-05-31 10:18:51,146.05,4317434
2021-05-31 10:18:54,146.1,4318392
2021-05-31 10:18:57,146.1,4318434
2021-05-31 10:19:03,146.05,4319313
2021-05-31 10:19:06,146.05,4319576
2021-05-31 10:19:09,146.15,4319623
2021-05-31 10:19:13,146.15,4319680
2021-05-31 10:19:16,146.2,4334325
2021-05-31 10:19:19,146.2,4335438
2021-05-31 10:19:22,146.2,4336438
2021-05-31 10:19:25,146.2,4336438
2021-05-31 10:19:28,146.1,4336758
2021-05-31 10:19:32,146.15,4337456
2021-05-31 10:19:35,146.2,4337503
2021-05-31 10:19:37,146.15,4338103
2021-05-31 10:19:40,146.15,4338315
2021-05-31 10:19:43,146.15,4338752
2021-05-31 10:19:46,146.15,4338760
2021-05-31 10:19:49,146.1,4342630
2021-05-31 10:19:52,146.1,4343180
2021-05-31 10:19:55,146.1,4344889
2021-05-31 10:19:58,146.1,4344990
2021-05-31 10:20:01,146.15,4345113
2021-05-31 10:20:04,146.1,4345474
2021-05-31 10:20:07,146.1,4345575
2021-05-31 10:20:10,146.1,4345575
2021-05-31 10:20:13,146.1,4345576
2021-05-31 10:20:16,146.05,4345588
2021-05-31 10:20:19,146.1,4345688
2021-05-31 10:20:22,146.05,4345783
2021-05-31 10:20:25,146.1,4345848
2021-05-31 10:20:28,146.1,4345873
2021-05-31 10:20:31,146.05,4345914
2021-05-31 10:20:34,146.0,4347079
2021-05-31 10:20:37,146.05,4347220
2021-05-31 10:20:40,146.0,4347329
2021-05-31 10:20:43,146.05,4348028
2021-05-31 10:20:47,146.0,4348561
2021-05-31 10:20:50,146.0,4349086
2021-05-31 10:20:53,146.05,4350716
2021-05-31 10:20:56,146.0,4351516
2021-05-31 10:20:59,145.9,4370188
2021-05-31 10:21:02,145.9,4375955
2021-05-31 10:21:06,145.9,4376288
2021-05-31 10:21:09,145.85,4376919
2021-05-31 10:21:12,145.95,4377619
2021-05-31 10:21:14,145.9,4377701
2021-05-31 10:21:18,145.95,4377759
2021-05-31 10:21:21,145.95,4377759
2021-05-31 10:21:24,145.85,4379837
2021-05-31 10:21:27,145.95,4380407
2021-05-31 10:21:30,145.95,4381510
2021-05-31 10:21:33,145.95,4382343
2021-05-31 10:21:36,145.85,4384974
2021-05-31 10:21:39,145.9,4387034
2021-05-31 10:21:42,145.9,4387112
2021-05-31 10:21:45,145.95,4389065
2021-05-31 10:21:48,146.0,4389086
2021-05-31 10:21:52,145.95,4393419
2021-05-31 10:21:55,146.0,4393476
2021-05-31 10:21:58,145.95,4393480
2021-05-31 10:22:01,146.0,4394012
2021-05-31 10:22:04,146.0,4394092
2021-05-31 10:22:07,145.95,4394093
2021-05-31 10:22:10,145.95,4394093
2021-05-31 10:22:13,146.0,4394344
2021-05-31 10:22:16,146.0,4394355
2021-05-31 10:22:19,145.9,4396593
2021-05-31 10:22:22,145.9,4396706
2021-05-31 10:22:25,145.95,4396770
2021-05-31 10:22:27,146.0,4397370
2021-05-31 10:22:30,146.0,4397370
2021-05-31 10:22:36,145.95,4402451
2021-05-31 10:22:39,146.0,4402460
2021-05-31 10:22:42,145.95,4402539
2021-05-31 10:22:45,146.0,4402577
2021-05-31 10:22:48,145.9,4403633
2021-05-31 10:22:51,146.0,4404234
2021-05-31 10:22:54,145.95,4404255
2021-05-31 10:22:57,145.9,4404418
2021-05-31 10:23:00,145.85,4404618
2021-05-31 10:23:03,145.95,4404698
2021-05-31 10:23:06,145.95,4405400
2021-05-31 10:23:09,145.95,4405750
2021-05-31 10:23:12,145.9,4405828
2021-05-31 10:23:15,145.95,4405981
2021-05-31 10:23:18,145.9,4406047
2021-05-31 10:23:20,145.9,4406047
2021-05-31 10:23:23,145.9,4406126
2021-05-31 10:23:26,145.95,4407311
2021-05-31 10:23:29,145.95,4407541
2021-05-31 10:23:32,145.9,4407914
2021-05-31 10:23:35,145.95,4407979
2021-05-31 10:23:38,145.85,4408695
2021-05-31 10:23:41,145.85,4408930
2021-05-31 10:23:45,145.9,4409030
2021-05-31 10:23:50,145.9,4410333
2021-05-31 10:23:53,145.8,4410361
2021-05-31 10:23:56,145.9,4410866
2021-05-31 10:23:59,145.8,4410926
2021-05-31 10:24:01,145.9,4410946
2021-05-31 10:24:04,145.8,4410966
2021-05-31 10:24:07,145.9,4411170
2021-05-31 10:24:10,145.9,4411175
2021-05-31 10:24:13,145.9,4411200
2021-05-31 10:24:16,145.95,4412013
2021-05-31 10:24:19,145.9,4412014
2021-05-31 10:24:23,146.0,4412294
2021-05-31 10:24:26,145.9,4412349
2021-05-31 10:24:29,145.95,4412489
2021-05-31 10:24:31,145.9,4412940
2021-05-31 10:24:34,145.9,4412940
2021-05-31 10:24:37,145.95,4413163
2021-05-31 10:24:40,145.9,4413243
2021-05-31 10:24:43,145.9,4413303
2021-05-31 10:24:46,145.9,4414328
2021-05-31 10:24:49,145.9,4415127
2021-05-31 10:24:51,145.95,4415929
2021-05-31 10:24:54,145.95,4415930
2021-05-31 10:24:57,145.9,4416940
2021-05-31 10:25:00,145.9,4416955
2021-05-31 10:25:03,145.9,4417455
2021-05-31 10:25:06,145.9,4417663
2021-05-31 10:25:09,145.9,4417663
2021-05-31 10:25:12,145.95,4417814
2021-05-31 10:25:16,145.95,4422962
2021-05-31 10:25:19,145.95,4422962
2021-05-31 10:25:22,145.95,4423760
2021-05-31 10:25:25,145.95,4423897
2021-05-31 10:25:28,145.95,4424721
2021-05-31 10:25:31,145.95,4425573
2021-05-31 10:25:34,146.0,4425681
2021-05-31 10:25:37,146.0,4425681
2021-05-31 10:25:40,146.0,4426285
2021-05-31 10:25:44,146.0,4427303
2021-05-31 10:25:47,146.0,4427313
2021-05-31 10:25:50,146.0,4427513
2021-05-31 10:25:53,146.0,4430433
2021-05-31 10:25:56,146.0,4430465
2021-05-31 10:25:59,146.0,4430749
2021-05-31 10:26:02,146.0,4430832
2021-05-31 10:26:06,146.0,4431886
2021-05-31 10:26:09,146.05,4431893
2021-05-31 10:26:12,146.05,4432897
2021-05-31 10:26:15,146.0,4433245
2021-05-31 10:26:18,146.05,4433280
2021-05-31 10:26:20,146.05,4433380
2021-05-31 10:26:23,146.0,4433381
2021-05-31 10:26:26,146.05,4433447
2021-05-31 10:26:32,146.1,4434016
2021-05-31 10:26:35,146.1,4435016
2021-05-31 10:26:38,146.1,4435223
2021-05-31 10:26:41,146.1,4435237
2021-05-31 10:26:44,146.15,4437776
2021-05-31 10:26:47,146.05,4437950
2021-05-31 10:26:50,146.1,4438132
2021-05-31 10:26:53,146.1,4438180
2021-05-31 10:26:56,146.15,4438255
2021-05-31 10:26:59,146.15,4438314
2021-05-31 10:27:01,146.1,4439415
2021-05-31 10:27:04,146.05,4439528
2021-05-31 10:27:07,146.05,4439641
2021-05-31 10:27:10,146.05,4439653
2021-05-31 10:27:12,146.05,4439656
2021-05-31 10:27:16,146.15,4439756
2021-05-31 10:27:19,146.15,4439806
2021-05-31 10:27:23,146.15,4440409
2021-05-31 10:27:25,146.1,4440635
2021-05-31 10:27:28,146.15,4440646
2021-05-31 10:27:31,146.1,4440649
2021-05-31 10:27:33,146.1,4440649
2021-05-31 10:27:36,146.15,4440700
2021-05-31 10:27:38,146.15,4440750
2021-05-31 10:27:41,146.15,4440783
2021-05-31 10:27:44,146.15,4440784
2021-05-31 10:27:47,146.15,4443823
2021-05-31 10:27:49,146.15,4444323
2021-05-31 10:27:52,146.15,4444709
2021-05-31 10:27:55,146.2,4445729
2021-05-31 10:27:57,146.15,4447214
2021-05-31 10:28:00,146.15,4449766
2021-05-31 10:28:03,146.15,4449772
2021-05-31 10:28:06,146.1,4449785
2021-05-31 10:28:09,146.1,4449885
2021-05-31 10:28:11,146.2,4450886
2021-05-31 10:28:14,146.15,4451003
2021-05-31 10:28:17,146.15,4451003
2021-05-31 10:28:21,146.15,4451005
2021-05-31 10:28:25,146.2,4451032
2021-05-31 10:28:28,146.2,4451134
2021-05-31 10:28:30,146.15,4451349
2021-05-31 10:28:34,146.1,4451463
2021-05-31 10:28:37,146.2,4451468
2021-05-31 10:28:40,146.15,4451558
2021-05-31 10:28:43,146.15,4451558
2021-05-31 10:28:45,146.2,4451762
2021-05-31 10:28:48,146.15,4451822
2021-05-31 10:28:51,146.15,4452232
2021-05-31 10:28:54,146.2,4452252
2021-05-31 10:28:57,146.2,4452291
2021-05-31 10:28:59,146.2,4453291
2021-05-31 10:29:02,146.2,4453856
2021-05-31 10:29:05,146.2,4453859
2021-05-31 10:29:08,146.2,4453889
2021-05-31 10:29:11,146.2,4454030
2021-05-31 10:29:14,146.15,4454152
2021-05-31 10:29:17,146.2,4454252
2021-05-31 10:29:20,146.2,4463687
2021-05-31 10:29:22,146.2,4463802
2021-05-31 10:29:25,146.25,4465802
2021-05-31 10:29:28,146.3,4466524
2021-05-31 10:29:31,146.25,4466529
2021-05-31 10:29:38,146.25,4467997
2021-05-31 10:29:41,146.35,4469300
2021-05-31 10:29:45,146.35,4470074
2021-05-31 10:29:48,146.25,4470126
2021-05-31 10:29:51,146.3,4470326
2021-05-31 10:29:54,146.25,4470657
2021-05-31 10:29:57,146.3,4474424
2021-05-31 10:30:00,146.35,4475476
2021-05-31 10:30:03,146.35,4476496
2021-05-31 10:30:06,146.25,4477139
2021-05-31 10:30:09,146.25,4477309
2021-05-31 10:30:13,146.3,4477499
2021-05-31 10:30:16,146.25,4477757
2021-05-31 10:30:20,146.3,4478593
2021-05-31 10:30:23,146.3,4478593
2021-05-31 10:30:26,146.25,4478603
2021-05-31 10:30:28,146.3,4478628
2021-05-31 10:30:31,146.25,4485500
2021-05-31 10:30:34,146.2,4486056
2021-05-31 10:30:37,146.25,4486902
2021-05-31 10:30:40,146.3,4487047
2021-05-31 10:30:43,146.3,4487672
2021-05-31 10:30:46,146.3,4487752
2021-05-31 10:30:49,146.3,4487774
2021-05-31 10:30:52,146.3,4487957
2021-05-31 10:30:55,146.3,4500462
2021-05-31 10:30:58,146.25,4501042
2021-05-31 10:31:01,146.3,4501117
2021-05-31 10:31:04,146.2,4503382
2021-05-31 10:31:06,146.3,4504702
2021-05-31 10:31:09,146.3,4504702
2021-05-31 10:31:12,146.3,4505003
2021-05-31 10:31:15,146.3,4505003
2021-05-31 10:31:17,146.3,4505057
2021-05-31 10:31:20,146.3,4505072
2021-05-31 10:31:23,146.3,4505204
2021-05-31 10:31:25,146.3,4505259
2021-05-31 10:31:28,146.3,4506141
2021-05-31 10:31:30,146.25,4506242
2021-05-31 10:31:33,146.3,4507240
2021-05-31 10:31:36,146.2,4509832
2021-05-31 10:31:39,146.2,4509959
2021-05-31 10:31:41,146.2,4510232
2021-05-31 10:31:44,146.2,4510333
2021-05-31 10:31:47,146.3,4510439
2021-05-31 10:31:50,146.3,4510514
2021-05-31 10:31:53,146.2,4512514
2021-05-31 10:31:56,146.3,4513146
2021-05-31 10:31:59,146.2,4513500
2021-05-31 10:32:02,146.2,4513649
2021-05-31 10:32:05,146.3,4514199
2021-05-31 10:32:08,146.3,4515414
2021-05-31 10:32:10,146.3,4515962
2021-05-31 10:32:13,146.3,4516031
2021-05-31 10:32:16,146.3,4516225
2021-05-31 10:32:19,146.2,4516758
2021-05-31 10:32:21,146.3,4516836
2021-05-31 10:32:24,146.3,4517257
2021-05-31 10:32:26,146.2,4518081
2021-05-31 10:32:29,146.2,4518194
2021-05-31 10:32:32,146.25,4518195
2021-05-31 10:32:34,146.2,4518216
2021-05-31 10:32:37,146.25,4518221
2021-05-31 10:32:40,146.25,4518431
2021-05-31 10:32:42,146.2,4519633
2021-05-31 10:32:45,146.2,4522881
2021-05-31 10:32:48,146.2,4523002
2021-05-31 10:32:51,146.2,4523038
2021-05-31 10:32:53,146.15,4523073
2021-05-31 10:32:56,146.2,4524073
2021-05-31 10:32:59,146.2,4524073
2021-05-31 10:33:01,146.15,4524139
2021-05-31 10:33:04,146.15,4524139
2021-05-31 10:33:07,146.2,4524146
2021-05-31 10:33:09,146.2,4524148
2021-05-31 10:33:12,146.2,4524148
2021-05-31 10:33:15,146.15,4524251
2021-05-31 10:33:17,146.15,4524371
2021-05-31 10:33:20,146.2,4525524
2021-05-31 10:33:23,146.25,4529608
2021-05-31 10:33:26,146.25,4529619
2021-05-31 10:33:28,146.25,4529619
2021-05-31 10:33:31,146.3,4529623
2021-05-31 10:33:34,146.15,4530652
2021-05-31 10:33:36,146.15,4530664
2021-05-31 10:33:39,146.25,4531427
2021-05-31 10:33:42,146.25,4531477
2021-05-31 10:33:45,146.25,4531493
2021-05-31 10:33:48,146.25,4531493
2021-05-31 10:33:50,146.15,4531693
2021-05-31 10:33:53,146.25,4531744
2021-05-31 10:33:55,146.2,4531817
2021-05-31 10:33:58,146.25,4531827
2021-05-31 10:34:01,146.2,4532352
2021-05-31 10:34:04,146.2,4532417
2021-05-31 10:34:07,146.25,4532447
2021-05-31 10:34:10,146.25,4533173
2021-05-31 10:34:12,146.2,4533275
2021-05-31 10:34:15,146.25,4533421
2021-05-31 10:34:18,146.25,4534403
2021-05-31 10:34:21,146.2,4534409
2021-05-31 10:34:23,146.15,4537564
2021-05-31 10:34:26,146.2,4537648
2021-05-31 10:34:29,146.1,4538871
2021-05-31 10:34:31,146.2,4538971
2021-05-31 10:34:36,146.15,4539471
2021-05-31 10:34:38,146.2,4539522
2021-05-31 10:34:41,146.2,4539522
2021-05-31 10:34:44,146.2,4539544
2021-05-31 10:34:47,146.15,4539547
2021-05-31 10:34:50,146.2,4539870
2021-05-31 10:34:53,146.25,4540705
2021-05-31 10:34:56,146.2,4541740
2021-05-31 10:34:59,146.2,4541890
2021-05-31 10:35:01,146.2,4542090
2021-05-31 10:35:04,146.2,4542425
2021-05-31 10:35:06,146.2,4542425
2021-05-31 10:35:09,146.2,4542925
2021-05-31 10:35:11,146.2,4544036
2021-05-31 10:35:14,146.2,4546043
2021-05-31 10:35:16,146.25,4546044
2021-05-31 10:35:19,146.2,4547354
2021-05-31 10:35:22,146.2,4547605
2021-05-31 10:35:25,146.15,4549745
2021-05-31 10:35:28,146.2,4549847
2021-05-31 10:35:30,146.15,4550474
2021-05-31 10:35:33,146.2,4553684
2021-05-31 10:35:35,146.1,4553762
2021-05-31 10:35:37,146.2,4553777
2021-05-31 10:35:40,146.2,4553777
2021-05-31 10:35:42,146.15,4553781
2021-05-31 10:35:45,146.2,4554033
2021-05-31 10:35:48,146.2,4554778
2021-05-31 10:35:50,146.2,4554852
2021-05-31 10:35:53,146.2,4557099
2021-05-31 10:35:55,146.25,4557101
2021-05-31 10:35:58,146.25,4557206
2021-05-31 10:36:00,146.25,4557456
2021-05-31 10:36:03,146.2,4559963
2021-05-31 10:36:05,146.2,4559973
2021-05-31 10:36:07,146.25,4560035
2021-05-31 10:36:12,146.2,4560418
2021-05-31 10:36:15,146.25,4560518
2021-05-31 10:36:17,146.2,4560843
2021-05-31 10:36:20,146.25,4561298
2021-05-31 10:36:23,146.25,4561798
2021-05-31 10:36:25,146.2,4562048
2021-05-31 10:36:28,146.2,4563048
2021-05-31 10:36:31,146.2,4564152
2021-05-31 10:36:34,146.2,4564407
2021-05-31 10:36:37,146.25,4564608
2021-05-31 10:36:40,146.3,4566858
2021-05-31 10:36:43,146.25,4567576
2021-05-31 10:36:46,146.2,4568208
2021-05-31 10:36:49,146.25,4569771
2021-05-31 10:36:52,146.25,4570359
2021-05-31 10:36:55,146.2,4571713
2021-05-31 10:36:57,146.25,4578214
2021-05-31 10:37:00,146.25,4578215
2021-05-31 10:37:02,146.25,4578265
2021-05-31 10:37:05,146.25,4578265
2021-05-31 10:37:08,146.25,4578765
2021-05-31 10:37:11,146.2,4578776
2021-05-31 10:37:14,146.2,4579687
2021-05-31 10:37:16,146.2,4581584
2021-05-31 10:37:18,146.2,4581937
2021-05-31 10:37:21,146.2,4581949
2021-05-31 10:37:24,146.25,4582100
2021-05-31 10:37:27,146.25,4582115
2021-05-31 10:37:29,146.25,4582115
2021-05-31 10:37:32,146.2,4582258
2021-05-31 10:37:35,146.2,4582258
2021-05-31 10:37:38,146.2,4582321
2021-05-31 10:37:40,146.25,4584122
2021-05-31 10:37:43,146.25,4584242
2021-05-31 10:37:46,146.25,4584252
2021-05-31 10:37:48,146.2,4584262
2021-05-31 10:37:51,146.2,4584829
2021-05-31 10:37:53,146.2,4585179
2021-05-31 10:37:56,146.2,4585378
2021-05-31 10:37:59,146.2,4585384
2021-05-31 10:38:02,146.2,4585384
2021-05-31 10:38:04,146.25,4585403
2021-05-31 10:38:07,146.25,4586004
2021-05-31 10:38:10,146.25,4586004
2021-05-31 10:38:12,146.25,4586011
2021-05-31 10:38:14,146.25,4586012
2021-05-31 10:38:17,146.25,4586013
2021-05-31 10:38:19,146.25,4586024
2021-05-31 10:38:22,146.25,4586420
2021-05-31 10:38:24,146.25,4586420
2021-05-31 10:38:27,146.25,4586464
2021-05-31 10:38:29,146.25,4586570
2021-05-31 10:38:32,146.25,4589995
2021-05-31 10:38:35,146.2,4589996
2021-05-31 10:38:37,146.2,4593451
2021-05-31 10:38:39,146.15,4594351
2021-05-31 10:38:42,146.15,4594351
2021-05-31 10:38:44,146.2,4595466
2021-05-31 10:38:47,146.25,4597467
2021-05-31 10:38:49,146.25,4597488
2021-05-31 10:38:55,146.2,4598324
2021-05-31 10:38:57,146.2,4598600
2021-05-31 10:39:00,146.25,4598625
2021-05-31 10:39:02,146.25,4598627
2021-05-31 10:39:05,146.4,4629799
2021-05-31 10:39:08,146.4,4629799
2021-05-31 10:39:10,146.3,4630138
2021-05-31 10:39:13,146.3,4631278
2021-05-31 10:39:16,146.3,4632329
2021-05-31 10:39:19,146.25,4632980
2021-05-31 10:39:22,146.35,4632987
2021-05-31 10:39:25,146.4,4636987
2021-05-31 10:39:28,146.35,4637001
2021-05-31 10:39:30,146.4,4637302
2021-05-31 10:39:34,146.35,4637427
2021-05-31 10:39:37,146.4,4637670
2021-05-31 10:39:40,146.4,4638360
2021-05-31 10:39:42,146.4,4638377
2021-05-31 10:39:45,146.4,4638381
2021-05-31 10:39:48,146.35,4644052
2021-05-31 10:39:50,146.35,4644266
2021-05-31 10:39:53,146.4,4645976
2021-05-31 10:39:56,146.4,4647094
2021-05-31 10:39:58,146.35,4647490
2021-05-31 10:40:01,146.35,4647490
2021-05-31 10:40:04,146.4,4647640
2021-05-31 10:40:07,146.45,4647725
2021-05-31 10:40:10,146.45,4648084
2021-05-31 10:40:13,146.35,4650679
2021-05-31 10:40:16,146.4,4651887
2021-05-31 10:40:19,146.35,4652887
2021-05-31 10:40:22,146.4,4654424
2021-05-31 10:40:25,146.45,4655160
2021-05-31 10:40:28,146.4,4655418
2021-05-31 10:40:31,146.35,4655510
2021-05-31 10:40:34,146.35,4655510
2021-05-31 10:40:37,146.45,4655619
2021-05-31 10:40:40,146.45,4655638
2021-05-31 10:40:42,146.45,4657648
2021-05-31 10:40:45,146.35,4658236
2021-05-31 10:40:48,146.45,4658337
2021-05-31 10:40:51,146.4,4658529
2021-05-31 10:40:54,146.4,4660532
2021-05-31 10:40:56,146.45,4662632
2021-05-31 10:40:59,146.35,4664536
2021-05-31 10:41:02,146.4,4664698
2021-05-31 10:41:04,146.35,4664799
2021-05-31 10:41:07,146.4,4664901
2021-05-31 10:41:10,146.4,4665051
2021-05-31 10:41:13,146.4,4665783
2021-05-31 10:41:16,146.35,4666788
2021-05-31 10:41:19,146.45,4666797
2021-05-31 10:41:21,146.45,4666797
2021-05-31 10:41:24,146.4,4667298
2021-05-31 10:41:27,146.45,4667518
2021-05-31 10:41:29,146.4,4668082
2021-05-31 10:41:32,146.45,4668395
2021-05-31 10:41:35,146.45,4668496
2021-05-31 10:41:38,146.4,4668522
2021-05-31 10:41:41,146.4,4669312
2021-05-31 10:41:43,146.4,4669827
2021-05-31 10:41:46,146.35,4670409
2021-05-31 10:41:49,146.4,4671124
2021-05-31 10:41:52,146.45,4671634
2021-05-31 10:41:54,146.45,4672618
2021-05-31 10:41:56,146.45,4672638
2021-05-31 10:41:59,146.45,4672638
2021-05-31 10:42:02,146.45,4672888
2021-05-31 10:42:05,146.45,4672903
2021-05-31 10:42:07,146.45,4672907
2021-05-31 10:42:10,146.35,4672909
2021-05-31 10:42:12,146.35,4672909
2021-05-31 10:42:14,146.45,4672979
2021-05-31 10:42:17,146.3,4675479
2021-05-31 10:42:20,146.45,4675569
2021-05-31 10:42:23,146.45,4675586
2021-05-31 10:42:26,146.45,4675639
2021-05-31 10:42:29,146.4,4675664
2021-05-31 10:42:31,146.4,4675816
2021-05-31 10:42:34,146.45,4675841
2021-05-31 10:42:36,146.4,4676891
2021-05-31 10:42:39,146.45,4677565
2021-05-31 10:42:42,146.45,4682630
2021-05-31 10:42:45,146.45,4682630
2021-05-31 10:42:48,146.45,4683353
2021-05-31 10:42:51,146.45,4683584
2021-05-31 10:42:54,146.45,4685635
2021-05-31 10:42:57,146.45,4685738
2021-05-31 10:43:00,146.4,4688181
2021-05-31 10:43:03,146.35,4690231
2021-05-31 10:43:06,146.4,4690882
2021-05-31 10:43:08,146.4,4690882
2021-05-31 10:43:11,146.45,4691383
2021-05-31 10:43:13,146.45,4691383
2021-05-31 10:43:16,146.35,4691436
2021-05-31 10:43:19,146.35,4700758
2021-05-31 10:43:21,146.35,4700759
2021-05-31 10:43:24,146.4,4700760
2021-05-31 10:43:26,146.35,4700890
2021-05-31 10:43:29,146.4,4703840
2021-05-31 10:43:32,146.4,4706340
2021-05-31 10:43:34,146.4,4706340
2021-05-31 10:43:37,146.35,4706357
2021-05-31 10:43:39,146.35,4706357
2021-05-31 10:43:41,146.35,4706358
2021-05-31 10:43:44,146.35,4706358
2021-05-31 10:43:46,146.35,4706358
2021-05-31 10:43:48,146.35,4706358
2021-05-31 10:43:51,146.35,4706508
2021-05-31 10:43:53,146.35,4707010
2021-05-31 10:43:55,146.35,4707264
2021-05-31 10:43:58,146.4,4707284
2021-05-31 10:44:01,146.4,4707292
2021-05-31 10:44:03,146.45,4707452
2021-05-31 10:44:05,146.45,4707476
2021-05-31 10:44:08,146.35,4711457
2021-05-31 10:44:10,146.4,4711562
2021-05-31 10:44:13,146.35,4715657
2021-05-31 10:44:16,146.45,4725657
2021-05-31 10:44:18,146.45,4725757
2021-05-31 10:44:20,146.45,4728579
2021-05-31 10:44:23,146.5,4728779
2021-05-31 10:44:25,146.5,4728779
2021-05-31 10:44:27,146.5,4728969
2021-05-31 10:44:30,146.5,4729019
2021-05-31 10:44:33,146.5,4729071
2021-05-31 10:44:35,146.5,4730121
2021-05-31 10:44:38,146.5,4731021
2021-05-31 10:44:41,146.45,4731622
2021-05-31 10:44:43,146.45,4731622
2021-05-31 10:44:46,146.5,4732652
2021-05-31 10:44:49,146.5,4732936
2021-05-31 10:44:51,146.5,4733040
2021-05-31 10:44:54,146.5,4733050
2021-05-31 10:44:56,146.45,4733254
2021-05-31 10:44:58,146.5,4759522
2021-05-31 10:45:01,146.55,4762419
2021-05-31 10:45:03,146.55,4762429
2021-05-31 10:45:05,146.55,4763079
2021-05-31 10:45:08,146.55,4763089
2021-05-31 10:45:11,146.55,4763800
2021-05-31 10:45:13,146.5,4764515
2021-05-31 10:45:16,146.5,4764668
2021-05-31 10:45:19,146.55,4764674
2021-05-31 10:45:22,146.5,4767175
2021-05-31 10:45:24,146.5,4767176
2021-05-31 10:45:26,146.55,4767791
2021-05-31 10:45:29,146.55,4768341
2021-05-31 10:45:31,146.5,4772443
2021-05-31 10:45:34,146.4,4773824
2021-05-31 10:45:36,146.45,4773864
2021-05-31 10:45:39,146.45,4774384
2021-05-31 10:45:41,146.45,4775397
2021-05-31 10:45:43,146.5,4775657
2021-05-31 10:45:46,146.4,4776657
2021-05-31 10:45:49,146.35,4777620
2021-05-31 10:45:51,146.45,4777700
2021-05-31 10:45:54,146.45,4777700
2021-05-31 10:45:56,146.35,4780300
2021-05-31 10:45:59,146.35,4780400
2021-05-31 10:46:01,146.4,4780500
2021-05-31 10:46:03,146.4,4780502
2021-05-31 10:46:06,146.35,4780606
2021-05-31 10:46:08,146.4,4784995
2021-05-31 10:46:11,146.3,4785001
2021-05-31 10:46:13,146.3,4785001
2021-05-31 10:46:15,146.35,4785005
2021-05-31 10:46:17,146.35,4785155
2021-05-31 10:46:20,146.35,4785256
2021-05-31 10:46:23,146.4,4785785
2021-05-31 10:46:26,146.35,4785875
2021-05-31 10:46:28,146.35,4785875
2021-05-31 10:46:31,146.35,4786017
2021-05-31 10:46:33,146.35,4786297
2021-05-31 10:46:36,146.4,4787613
2021-05-31 10:46:39,146.3,4788151
2021-05-31 10:46:41,146.4,4788223
2021-05-31 10:46:44,146.3,4788245
2021-05-31 10:46:47,146.3,4790529
2021-05-31 10:46:49,146.4,4790735
2021-05-31 10:46:52,146.3,4791518
2021-05-31 10:46:55,146.3,4793521
2021-05-31 10:46:57,146.4,4793597
2021-05-31 10:47:00,146.4,4793597
2021-05-31 10:47:03,146.3,4793827
2021-05-31 10:47:05,146.3,4796828
2021-05-31 10:47:08,146.4,4796836
2021-05-31 10:47:11,146.4,4796836
2021-05-31 10:47:13,146.35,4796936
2021-05-31 10:47:16,146.35,4797121
2021-05-31 10:47:19,146.3,4797171
2021-05-31 10:47:22,146.35,4797303
2021-05-31 10:47:24,146.35,4797307
2021-05-31 10:47:27,146.3,4801273
2021-05-31 10:47:30,146.3,4801317
2021-05-31 10:47:32,146.3,4810990
2021-05-31 10:47:35,146.3,4814647
2021-05-31 10:47:37,146.3,4814647
2021-05-31 10:47:39,146.3,4815148
2021-05-31 10:47:42,146.3,4815158
2021-05-31 10:47:44,146.35,4815278
2021-05-31 10:47:47,146.45,4830278
2021-05-31 10:47:49,146.35,4830298
2021-05-31 10:47:51,146.35,4830309
2021-05-31 10:47:54,146.35,4830409
2021-05-31 10:47:56,146.35,4830409
2021-05-31 10:47:58,146.45,4833834
2021-05-31 10:48:01,146.45,4834656
2021-05-31 10:48:03,146.45,4834656
2021-05-31 10:48:06,146.45,4835840
2021-05-31 10:48:09,146.35,4835850
2021-05-31 10:48:11,146.35,4835950
2021-05-31 10:48:14,146.35,4836271
2021-05-31 10:48:17,146.35,4836281
2021-05-31 10:48:19,146.45,4836282
2021-05-31 10:48:22,146.35,4838834
2021-05-31 10:48:24,146.35,4838835
2021-05-31 10:48:27,146.35,4838835
2021-05-31 10:48:30,146.4,4838859
2021-05-31 10:48:33,146.4,4839859
2021-05-31 10:48:35,146.4,4839859
2021-05-31 10:48:38,146.45,4840020
2021-05-31 10:48:41,146.45,4840020
2021-05-31 10:48:44,146.35,4840040
2021-05-31 10:48:47,146.4,4840042
2021-05-31 10:48:49,146.4,4840046
2021-05-31 10:48:52,146.45,4840147
2021-05-31 10:48:54,146.45,4840684
2021-05-31 10:48:57,146.45,4840689
2021-05-31 10:48:59,146.45,4841255
2021-05-31 10:49:02,146.45,4841614
2021-05-31 10:49:04,146.4,4841714
2021-05-31 10:49:07,146.4,4841714
2021-05-31 10:49:09,146.4,4842014
2021-05-31 10:49:12,146.35,4845045
2021-05-31 10:49:15,146.45,4845051
2021-05-31 10:49:18,146.4,4845271
2021-05-31 10:49:20,146.35,4846321
2021-05-31 10:49:23,146.45,4847322
2021-05-31 10:49:25,146.45,4847323
2021-05-31 10:49:28,146.45,4847324
2021-05-31 10:49:30,146.45,4847325
2021-05-31 10:49:32,146.45,4847576
2021-05-31 10:49:35,146.5,4858304
2021-05-31 10:49:38,146.55,4858432
2021-05-31 10:49:41,146.4,4858534
2021-05-31 10:49:43,146.45,4859961
2021-05-31 10:49:47,146.55,4860121
2021-05-31 10:49:49,146.45,4860221
2021-05-31 10:49:52,146.55,4860222
2021-05-31 10:49:55,146.55,4860222
2021-05-31 10:49:57,146.45,4860233
2021-05-31 10:50:00,146.45,4860258
2021-05-31 10:50:03,146.45,4860286
2021-05-31 10:50:05,146.5,4862836
2021-05-31 10:50:08,146.55,4862857
2021-05-31 10:50:10,146.45,4862872
2021-05-31 10:50:12,146.5,4863016
2021-05-31 10:50:16,146.45,4863117
2021-05-31 10:50:19,146.5,4863120
2021-05-31 10:50:22,146.5,4863670
2021-05-31 10:50:25,146.45,4863671
2021-05-31 10:50:27,146.45,4863692
2021-05-31 10:50:30,146.5,4863937
2021-05-31 10:50:33,146.5,4864039
2021-05-31 10:50:36,146.45,4866293
2021-05-31 10:50:38,146.35,4872318
2021-05-31 10:50:41,146.35,4872318
2021-05-31 10:50:44,146.45,4873449
2021-05-31 10:50:48,146.45,4873602
2021-05-31 10:50:50,146.45,4873765
2021-05-31 10:50:53,146.45,4874518
2021-05-31 10:50:56,146.45,4874518
2021-05-31 10:50:59,146.35,4880918
2021-05-31 10:51:02,146.35,4880918
2021-05-31 10:51:04,146.35,4881123
2021-05-31 10:51:07,146.35,4881525
2021-05-31 10:51:09,146.4,4881634
2021-05-31 10:51:12,146.4,4881635
2021-05-31 10:51:15,146.4,4881640
2021-05-31 10:51:17,146.4,4882751
2021-05-31 10:51:20,146.4,4887103
2021-05-31 10:51:23,146.4,4887138
2021-05-31 10:51:25,146.4,4887188
2021-05-31 10:51:27,146.4,4887463
2021-05-31 10:51:30,146.4,4888423
2021-05-31 10:51:32,146.5,4888429
2021-05-31 10:51:35,146.5,4888999
2021-05-31 10:51:37,146.5,4889816
2021-05-31 10:51:40,146.5,4889868
2021-05-31 10:51:43,146.5,4889926
2021-05-31 10:51:45,146.45,4890327
2021-05-31 10:51:48,146.45,4890327
2021-05-31 10:51:51,146.45,4890365
2021-05-31 10:51:54,146.5,4890865
2021-05-31 10:51:56,146.5,4891523
2021-05-31 10:51:59,146.5,4891595
2021-05-31 10:52:01,146.5,4891676
2021-05-31 10:52:04,146.45,4892176
2021-05-31 10:52:07,146.5,4900397
2021-05-31 10:52:09,146.5,4900737
2021-05-31 10:52:12,146.5,4900747
2021-05-31 10:52:15,146.5,4900950
2021-05-31 10:52:18,146.45,4901098
2021-05-31 10:52:21,146.5,4901273
2021-05-31 10:52:24,146.5,4901283
2021-05-31 10:52:27,146.55,4904005
2021-05-31 10:52:29,146.4,4904040
2021-05-31 10:52:32,146.4,4904088
2021-05-31 10:52:35,146.45,4904096
2021-05-31 10:52:37,146.4,4904146
2021-05-31 10:52:40,146.5,4904741
2021-05-31 10:52:43,146.45,4905188
2021-05-31 10:52:45,146.45,4905355
2021-05-31 10:52:47,146.45,4905355
2021-05-31 10:52:49,146.5,4905420
2021-05-31 10:52:52,146.45,4905468
2021-05-31 10:52:54,146.5,4905501
2021-05-31 10:52:57,146.45,4905526
2021-05-31 10:53:00,146.5,4905543
2021-05-31 10:53:02,146.45,4905552
2021-05-31 10:53:05,146.45,4905578
2021-05-31 10:53:08,146.5,4905929
2021-05-31 10:53:11,146.45,4906278
2021-05-31 10:53:14,146.5,4906828
2021-05-31 10:53:16,146.5,4906928
2021-05-31 10:53:19,146.5,4906928
2021-05-31 10:53:21,146.45,4907728
2021-05-31 10:53:24,146.5,4908028
2021-05-31 10:53:26,146.5,4908028
2021-05-31 10:53:29,146.45,4909328
2021-05-31 10:53:31,146.5,4909353
2021-05-31 10:53:33,146.5,4909853
2021-05-31 10:53:36,146.5,4910053
2021-05-31 10:53:39,146.5,4910103
2021-05-31 10:53:41,146.5,4910353
2021-05-31 10:53:44,146.45,5009223
2021-05-31 10:53:46,146.45,5009245
2021-05-31 10:53:49,146.45,5009745
2021-05-31 10:53:51,146.45,5010832
2021-05-31 10:53:54,146.4,5011133
2021-05-31 10:53:57,146.45,5011243
2021-05-31 10:53:59,146.45,5011243
2021-05-31 10:54:02,146.45,5011375
2021-05-31 10:54:05,146.45,5011376
2021-05-31 10:54:07,146.4,5013126
2021-05-31 10:54:09,146.4,5013977
2021-05-31 10:54:12,146.4,5015195
2021-05-31 10:54:15,146.4,5015325
2021-05-31 10:54:18,146.4,5015325
2021-05-31 10:54:20,146.5,5015430
2021-05-31 10:54:23,146.4,5015678
2021-05-31 10:54:26,146.4,5015678
2021-05-31 10:54:28,146.4,5015678
2021-05-31 10:54:30,146.4,5015816
2021-05-31 10:54:33,146.45,5015825
2021-05-31 10:54:35,146.45,5015825
2021-05-31 10:54:38,146.45,5015936
2021-05-31 10:54:40,146.45,5015941
2021-05-31 10:54:43,146.45,5016023
2021-05-31 10:54:46,146.5,5016253
2021-05-31 10:54:48,146.5,5016253
2021-05-31 10:54:51,146.5,5016333
2021-05-31 10:54:53,146.5,5016368
2021-05-31 10:54:55,146.5,5017018
2021-05-31 10:54:58,146.5,5017118
2021-05-31 10:55:00,146.5,5017120
2021-05-31 10:55:03,146.5,5017120
2021-05-31 10:55:05,146.5,5017189
2021-05-31 10:55:07,146.5,5018301
2021-05-31 10:55:09,146.5,5018498
2021-05-31 10:55:11,146.55,5019282
2021-05-31 10:55:14,146.5,5019567
2021-05-31 10:55:16,146.55,5022667
2021-05-31 10:55:19,146.55,5022687
2021-05-31 10:55:21,146.5,5022712
2021-05-31 10:55:23,146.55,5022713
2021-05-31 10:55:25,146.5,5023288
2021-05-31 10:55:28,146.55,5023491
2021-05-31 10:55:30,146.55,5023491
2021-05-31 10:55:32,146.55,5023494
2021-05-31 10:55:35,146.5,5023594
2021-05-31 10:55:38,146.55,5023934
2021-05-31 10:55:41,146.55,5029471
2021-05-31 10:55:44,146.55,5029521
2021-05-31 10:55:47,146.55,5029706
2021-05-31 10:55:49,146.5,5029842
2021-05-31 10:55:52,146.55,5029919
2021-05-31 10:55:57,146.5,5030081
2021-05-31 10:55:59,146.5,5030110
2021-05-31 10:56:01,146.55,5030113
2021-05-31 10:56:04,146.5,5030420
2021-05-31 10:56:06,146.5,5030475
2021-05-31 10:56:09,146.55,5030478
2021-05-31 10:56:12,146.55,5030878
2021-05-31 10:56:14,146.5,5036173
2021-05-31 10:56:16,146.55,5036667
2021-05-31 10:56:19,146.55,5045420
2021-05-31 10:56:21,146.55,5047420
2021-05-31 10:56:24,146.55,5054144
2021-05-31 10:56:27,146.65,5059260
2021-05-31 10:56:30,146.6,5064247
2021-05-31 10:56:33,146.6,5064297
2021-05-31 10:56:36,146.6,5064297
2021-05-31 10:56:39,146.65,5064498
2021-05-31 10:56:42,146.65,5064710
2021-05-31 10:56:45,146.65,5065719
2021-05-31 10:56:48,146.6,5066394
2021-05-31 10:56:51,146.6,5066437
2021-05-31 10:56:54,146.65,5066499
2021-05-31 10:56:57,146.6,5066722
2021-05-31 10:57:00,146.6,5066929
2021-05-31 10:57:03,146.65,5067367
2021-05-31 10:57:05,146.65,5068439
2021-05-31 10:57:08,146.65,5069003
2021-05-31 10:57:11,146.7,5069084
2021-05-31 10:57:13,146.65,5069136
2021-05-31 10:57:16,146.65,5069648
2021-05-31 10:57:19,146.65,5069774
2021-05-31 10:57:21,146.65,5069993
2021-05-31 10:57:23,146.7,5070837
2021-05-31 10:57:26,146.7,5071011
2021-05-31 10:57:29,146.7,5076857
2021-05-31 10:57:32,146.7,5076901
2021-05-31 10:57:35,146.7,5079060
2021-05-31 10:57:40,146.7,5081470
2021-05-31 10:57:42,146.65,5081471
2021-05-31 10:57:45,146.7,5081534
2021-05-31 10:57:48,146.7,5081695
2021-05-31 10:57:50,146.7,5081711
2021-05-31 10:57:53,146.7,5081943
2021-05-31 10:57:55,146.7,5082113
2021-05-31 10:57:58,146.65,5082513
2021-05-31 10:58:00,146.7,5082644
2021-05-31 10:58:02,146.7,5082649
2021-05-31 10:58:04,146.65,5083149
2021-05-31 10:58:07,146.65,5083764
2021-05-31 10:58:09,146.65,5084286
2021-05-31 10:58:11,146.7,5084336
2021-05-31 10:58:13,146.7,5084941
2021-05-31 10:58:16,146.7,5087041
2021-05-31 10:58:18,146.65,5087542
2021-05-31 10:58:21,146.65,5087618
2021-05-31 10:58:23,146.7,5087633
2021-05-31 10:58:26,146.65,5087635
2021-05-31 10:58:28,146.7,5087735
2021-05-31 10:58:31,146.7,5087865
2021-05-31 10:58:34,146.7,5088495
2021-05-31 10:58:36,146.7,5088495
2021-05-31 10:58:39,146.7,5088804
2021-05-31 10:58:41,146.65,5089070
2021-05-31 10:58:43,146.65,5089274
2021-05-31 10:58:46,146.65,5089529
2021-05-31 10:58:48,146.6,5090329
2021-05-31 10:58:50,146.7,5090359
2021-05-31 10:58:53,146.65,5090863
2021-05-31 10:58:56,146.65,5091147
2021-05-31 10:58:58,146.65,5093448
2021-05-31 10:59:00,146.65,5093479
2021-05-31 10:59:03,146.6,5094098
2021-05-31 10:59:05,146.6,5094569
2021-05-31 10:59:08,146.6,5094569
2021-05-31 10:59:11,146.65,5097018
2021-05-31 10:59:13,146.65,5097030
2021-05-31 10:59:15,146.65,5097030
2021-05-31 10:59:18,146.65,5097090
2021-05-31 10:59:21,146.65,5097100
2021-05-31 10:59:23,146.7,5097400
2021-05-31 10:59:25,146.65,5098176
2021-05-31 10:59:28,146.7,5098426
2021-05-31 10:59:30,146.7,5098783
2021-05-31 10:59:33,146.75,5102192
2021-05-31 10:59:35,146.7,5102406
2021-05-31 10:59:38,146.75,5102849
2021-05-31 10:59:40,146.75,5102859
2021-05-31 10:59:43,146.7,5102893
2021-05-31 10:59:45,146.75,5105078
2021-05-31 10:59:48,146.7,5105191
2021-05-31 10:59:50,146.75,5105311
2021-05-31 10:59:52,146.75,5105311
2021-05-31 10:59:54,146.7,5109841
2021-05-31 10:59:56,146.75,5111153
2021-05-31 10:59:59,146.8,5111205
2021-05-31 11:00:01,146.75,5111308
2021-05-31 11:00:04,146.9,5121241
2021-05-31 11:00:07,146.9,5121392
2021-05-31 11:00:09,146.9,5122399
2021-05-31 11:00:11,146.85,5122899
2021-05-31 11:00:14,146.9,5124006
2021-05-31 11:00:16,146.85,5124595
2021-05-31 11:00:18,146.9,5126535
2021-05-31 11:00:21,146.85,5126670
2021-05-31 11:00:23,146.9,5126699
2021-05-31 11:00:26,146.9,5126701
2021-05-31 11:00:28,146.9,5127402
2021-05-31 11:00:31,146.85,5127513
2021-05-31 11:00:34,146.85,5127516
2021-05-31 11:00:37,146.85,5127952
2021-05-31 11:00:39,146.8,5129661
2021-05-31 11:00:41,146.8,5129661
2021-05-31 11:00:44,146.85,5130838
2021-05-31 11:00:46,146.9,5132233
2021-05-31 11:00:48,146.8,5134941
2021-05-31 11:00:51,146.8,5135374
2021-05-31 11:00:53,146.8,5135899
2021-05-31 11:00:55,146.85,5136137
2021-05-31 11:00:58,146.85,5136137
2021-05-31 11:01:00,146.8,5136637
2021-05-31 11:01:03,146.8,5136637
2021-05-31 11:01:05,146.9,5136908
2021-05-31 11:01:10,146.85,5138987
2021-05-31 11:01:12,146.85,5140327
2021-05-31 11:01:14,146.8,5140479
2021-05-31 11:01:17,146.8,5140516
2021-05-31 11:01:20,146.75,5141043
2021-05-31 11:01:22,146.75,5141165
2021-05-31 11:01:25,146.8,5141261
2021-05-31 11:01:27,146.8,5141326
2021-05-31 11:01:30,146.75,5141430
2021-05-31 11:01:33,146.75,5141656
2021-05-31 11:01:36,146.75,5143658
2021-05-31 11:01:39,146.8,5145795
2021-05-31 11:01:42,146.7,5146318
2021-05-31 11:01:44,146.7,5146468
2021-05-31 11:01:47,146.7,5146672
2021-05-31 11:01:50,146.75,5146998
2021-05-31 11:01:52,146.75,5147023
2021-05-31 11:01:55,146.75,5147023
2021-05-31 11:01:57,146.7,5148133
2021-05-31 11:02:00,146.7,5148556
2021-05-31 11:02:02,146.7,5149056
2021-05-31 11:02:05,146.7,5149626
2021-05-31 11:02:08,146.7,5149997
2021-05-31 11:02:11,146.7,5150050
2021-05-31 11:02:14,146.7,5150331
2021-05-31 11:02:16,146.7,5151024
2021-05-31 11:02:19,146.7,5151228
2021-05-31 11:02:22,146.7,5151379
2021-05-31 11:02:24,146.7,5151881
2021-05-31 11:02:27,146.7,5152506
2021-05-31 11:02:29,146.75,5153135
2021-05-31 11:02:31,146.7,5153209
2021-05-31 11:02:34,146.75,5153587
2021-05-31 11:02:37,146.65,5163588
2021-05-31 11:02:40,146.75,5163589
2021-05-31 11:02:42,146.75,5164419
2021-05-31 11:02:45,146.7,5164451
2021-05-31 11:02:48,146.75,5164457
2021-05-31 11:02:51,146.65,5165637
2021-05-31 11:02:54,146.7,5165767
2021-05-31 11:02:57,146.7,5165778
2021-05-31 11:02:59,146.65,5165890
2021-05-31 11:03:02,146.7,5166679
2021-05-31 11:03:04,146.65,5166684
2021-05-31 11:03:07,146.7,5168173
2021-05-31 11:03:09,146.6,5168333
2021-05-31 11:03:12,146.6,5168408
2021-05-31 11:03:14,146.6,5168408
2021-05-31 11:03:17,146.65,5168411
2021-05-31 11:03:20,146.6,5168790
2021-05-31 11:03:23,146.6,5169000
2021-05-31 11:03:25,146.65,5169004
2021-05-31 11:03:28,146.6,5169029
2021-05-31 11:03:30,146.65,5169959
2021-05-31 11:03:33,146.65,5170077
2021-05-31 11:03:35,146.6,5170082
2021-05-31 11:03:38,146.6,5170188
2021-05-31 11:03:41,146.6,5172694
2021-05-31 11:03:44,146.6,5172694
2021-05-31 11:03:46,146.6,5172776
2021-05-31 11:03:49,146.65,5172788
2021-05-31 11:03:52,146.6,5175339
2021-05-31 11:03:54,146.65,5175352
2021-05-31 11:03:56,146.65,5177758
2021-05-31 11:03:59,146.65,5177808
2021-05-31 11:04:01,146.65,5177944
2021-05-31 11:04:04,146.65,5179039
2021-05-31 11:04:06,146.65,5179217
2021-05-31 11:04:09,146.65,5179461
2021-05-31 11:04:11,146.65,5179463
2021-05-31 11:04:14,146.7,5181295
2021-05-31 11:04:16,146.65,5181734
2021-05-31 11:04:18,146.65,5181736
2021-05-31 11:04:20,146.6,5181737
2021-05-31 11:04:23,146.6,5182351
2021-05-31 11:04:26,146.6,5182351
2021-05-31 11:04:29,146.6,5182351
2021-05-31 11:04:31,146.7,5182763
2021-05-31 11:04:34,146.7,5183005
2021-05-31 11:04:36,146.7,5183005
2021-05-31 11:04:39,146.7,5183160
2021-05-31 11:04:41,146.7,5183182
2021-05-31 11:04:44,146.65,5183348
2021-05-31 11:04:46,146.7,5187308
2021-05-31 11:04:49,146.6,5187408
2021-05-31 11:04:51,146.6,5187408
2021-05-31 11:04:54,146.65,5187424
2021-05-31 11:04:56,146.65,5187424
2021-05-31 11:04:59,146.7,5188475
2021-05-31 11:05:01,146.7,5188480
2021-05-31 11:05:04,146.7,5188480
2021-05-31 11:05:06,146.6,5189086
2021-05-31 11:05:09,146.6,5189309
2021-05-31 11:05:12,146.65,5189312
2021-05-31 11:05:15,146.6,5189332
2021-05-31 11:05:17,146.65,5189407
2021-05-31 11:05:20,146.6,5189558
2021-05-31 11:05:22,146.6,5189740
2021-05-31 11:05:25,146.6,5190120
2021-05-31 11:05:27,146.65,5191124
2021-05-31 11:05:30,146.6,5191199
2021-05-31 11:05:33,146.65,5191251
2021-05-31 11:05:36,146.6,5191261
2021-05-31 11:05:38,146.65,5191273
2021-05-31 11:05:41,146.6,5192075
2021-05-31 11:05:43,146.65,5192084
2021-05-31 11:05:46,146.6,5193110
2021-05-31 11:05:49,146.65,5193150
2021-05-31 11:05:51,146.65,5193684
2021-05-31 11:05:54,146.6,5193984
2021-05-31 11:05:57,146.65,5193986
2021-05-31 11:05:59,146.65,5193988
2021-05-31 11:06:01,146.65,5195014
2021-05-31 11:06:04,146.65,5195404
2021-05-31 11:06:06,146.6,5200404
2021-05-31 11:06:08,146.6,5200904
2021-05-31 11:06:10,146.65,5202405
2021-05-31 11:06:13,146.65,5202429
2021-05-31 11:06:16,146.65,5202462
2021-05-31 11:06:18,146.65,5202490
2021-05-31 11:06:20,146.6,5202505
2021-05-31 11:06:22,146.6,5203575
2021-05-31 11:06:24,146.6,5203626
2021-05-31 11:06:27,146.6,5203648
2021-05-31 11:06:29,146.65,5204009
2021-05-31 11:06:31,146.6,5205312
2021-05-31 11:06:33,146.6,5206595
2021-05-31 11:06:36,146.5,5367685
2021-05-31 11:06:38,146.55,5367836
2021-05-31 11:06:40,146.55,5368352
2021-05-31 11:06:42,146.55,5368352
2021-05-31 11:06:44,146.4,5369827
2021-05-31 11:06:47,146.45,5370112
2021-05-31 11:06:49,146.45,5370198
2021-05-31 11:06:51,146.5,5370655
2021-05-31 11:06:54,146.4,5371106
2021-05-31 11:06:56,146.4,5375506
2021-05-31 11:06:59,146.5,5375867
2021-05-31 11:07:01,146.45,5376917
2021-05-31 11:07:04,146.45,5376917
2021-05-31 11:07:06,146.45,5376917
2021-05-31 11:07:08,146.45,5376917
2021-05-31 11:07:11,146.5,5376932
2021-05-31 11:07:14,146.4,5377487
2021-05-31 11:07:16,146.4,5381012
2021-05-31 11:07:19,146.4,5381162
2021-05-31 11:07:21,146.4,5383662
2021-05-31 11:07:23,146.45,5383803
2021-05-31 11:07:26,146.5,5383991
2021-05-31 11:07:29,146.5,5383991
2021-05-31 11:07:32,146.5,5383991
2021-05-31 11:07:34,146.5,5384291
2021-05-31 11:07:37,146.5,5384299
2021-05-31 11:07:39,146.5,5385301
2021-05-31 11:07:41,146.5,5385334
2021-05-31 11:07:44,146.45,5385380
2021-05-31 11:07:46,146.5,5385386
2021-05-31 11:07:48,146.5,5385396
2021-05-31 11:07:51,146.5,5385398
2021-05-31 11:07:54,146.5,5385398
2021-05-31 11:07:56,146.45,5385411
2021-05-31 11:07:59,146.4,5386762
2021-05-31 11:08:01,146.5,5386793
2021-05-31 11:08:03,146.4,5386803
2021-05-31 11:08:05,146.45,5386808
2021-05-31 11:08:07,146.45,5386809
2021-05-31 11:08:09,146.45,5387209
2021-05-31 11:08:12,146.5,5394298
2021-05-31 11:08:14,146.55,5395548
2021-05-31 11:08:17,146.5,5395620
2021-05-31 11:08:19,146.55,5395747
2021-05-31 11:08:22,146.45,5395830
2021-05-31 11:08:25,146.45,5395903
2021-05-31 11:08:28,146.45,5396975
2021-05-31 11:08:30,146.55,5399065
2021-05-31 11:08:33,146.5,5399223
2021-05-31 11:08:36,146.45,5400524
2021-05-31 11:08:39,146.55,5401245
2021-05-31 11:08:41,146.55,5401421
2021-05-31 11:08:43,146.55,5401482
2021-05-31 11:08:45,146.55,5401482
2021-05-31 11:08:48,146.5,5404029
2021-05-31 11:08:50,146.55,5404129
2021-05-31 11:08:52,146.55,5404729
2021-05-31 11:08:54,146.55,5404810
2021-05-31 11:08:56,146.55,5404810
2021-05-31 11:08:59,146.55,5405310
2021-05-31 11:09:01,146.55,5406089
2021-05-31 11:09:03,146.5,5407297
2021-05-31 11:09:06,146.45,5407298
2021-05-31 11:09:09,146.45,5407679
2021-05-31 11:09:11,146.45,5407679
2021-05-31 11:09:13,146.5,5408699
2021-05-31 11:09:16,146.45,5408799
2021-05-31 11:09:18,146.5,5408819
2021-05-31 11:09:20,146.5,5408819
2021-05-31 11:09:22,146.5,5408969
2021-05-31 11:09:24,146.5,5408969
2021-05-31 11:09:26,146.5,5409037
2021-05-31 11:09:28,146.45,5409541
2021-05-31 11:09:31,146.5,5419770
2021-05-31 11:09:33,146.45,5420603
2021-05-31 11:09:35,146.45,5421337
2021-05-31 11:09:38,146.45,5421837
2021-05-31 11:09:40,146.5,5422862
2021-05-31 11:09:42,146.5,5422890
2021-05-31 11:09:44,146.45,5423790
2021-05-31 11:09:46,146.5,5423943
2021-05-31 11:09:48,146.5,5423943
2021-05-31 11:09:51,146.45,5424093
2021-05-31 11:09:53,146.5,5424216
2021-05-31 11:09:55,146.5,5424266
2021-05-31 11:09:57,146.5,5424326
2021-05-31 11:10:00,146.4,5424857
2021-05-31 11:10:03,146.4,5424857
2021-05-31 11:10:05,146.4,5425157
2021-05-31 11:10:07,146.5,5426557
2021-05-31 11:10:10,146.5,5426558
2021-05-31 11:10:13,146.45,5426858
2021-05-31 11:10:15,146.45,5426878
2021-05-31 11:10:17,146.45,5426907
2021-05-31 11:10:20,146.4,5427007
2021-05-31 11:10:23,146.4,5427080
2021-05-31 11:10:25,146.5,5427540
2021-05-31 11:10:28,146.5,5427725
2021-05-31 11:10:30,146.4,5427798
2021-05-31 11:10:33,146.4,5427906
2021-05-31 11:10:36,146.5,5428061
2021-05-31 11:10:38,146.4,5428084
2021-05-31 11:10:41,146.4,5428430
2021-05-31 11:10:44,146.4,5428481
2021-05-31 11:10:46,146.45,5429013
2021-05-31 11:10:49,146.45,5429048
2021-05-31 11:10:51,146.45,5429048
2021-05-31 11:10:54,146.5,5429099
2021-05-31 11:10:59,146.4,5429682
2021-05-31 11:11:01,146.5,5429762
2021-05-31 11:11:03,146.5,5429787
2021-05-31 11:11:05,146.5,5429948
2021-05-31 11:11:08,146.4,5430118
2021-05-31 11:11:10,146.4,5431128
2021-05-31 11:11:12,146.4,5431266
2021-05-31 11:11:15,146.4,5431615
2021-05-31 11:11:17,146.4,5431787
2021-05-31 11:11:20,146.45,5431873
2021-05-31 11:11:22,146.4,5431994
2021-05-31 11:11:24,146.45,5432094
2021-05-31 11:11:27,146.45,5432269
2021-05-31 11:11:29,146.4,5432584
2021-05-31 11:11:31,146.35,5434691
2021-05-31 11:11:34,146.35,5435510
2021-05-31 11:11:36,146.4,5436400
2021-05-31 11:11:39,146.3,5438237
2021-05-31 11:11:42,146.4,5438596
2021-05-31 11:11:45,146.4,5447630
2021-05-31 11:11:48,146.3,5448185
2021-05-31 11:11:50,146.3,5448220
2021-05-31 11:11:52,146.3,5448939
2021-05-31 11:11:55,146.4,5448990
2021-05-31 11:11:57,146.3,5449010
2021-05-31 11:11:59,146.3,5449107
2021-05-31 11:12:02,146.4,5449844
2021-05-31 11:12:04,146.3,5452514
2021-05-31 11:12:07,146.3,5453477
2021-05-31 11:12:10,146.4,5453588
2021-05-31 11:12:12,146.4,5453595
2021-05-31 11:12:14,146.3,5454830
2021-05-31 11:12:17,146.3,5454876
2021-05-31 11:12:19,146.4,5454952
2021-05-31 11:12:22,146.4,5455252
2021-05-31 11:12:24,146.4,5455252
2021-05-31 11:12:26,146.3,5455443
2021-05-31 11:12:29,146.3,5455458
2021-05-31 11:12:32,146.4,5455473
2021-05-31 11:12:35,146.35,5456002
2021-05-31 11:12:37,146.35,5456002
2021-05-31 11:12:39,146.4,5456538
2021-05-31 11:12:41,146.35,5456883
2021-05-31 11:12:44,146.35,5456883
2021-05-31 11:12:46,146.35,5457014
2021-05-31 11:12:48,146.4,5457035
2021-05-31 11:12:50,146.4,5457140
2021-05-31 11:12:53,146.35,5458249
2021-05-31 11:12:56,146.4,5458800
2021-05-31 11:12:59,146.4,5458901
2021-05-31 11:13:01,146.4,5459179
2021-05-31 11:13:04,146.35,5459299
2021-05-31 11:13:06,146.35,5459888
2021-05-31 11:13:09,146.3,5459962
2021-05-31 11:13:11,146.35,5459963
2021-05-31 11:13:14,146.3,5460108
2021-05-31 11:13:16,146.4,5460179
2021-05-31 11:13:18,146.35,5460183
2021-05-31 11:13:21,146.35,5460188
2021-05-31 11:13:23,146.35,5460303
2021-05-31 11:13:26,146.3,5460803
2021-05-31 11:13:29,146.3,5460803
2021-05-31 11:13:31,146.3,5461116
2021-05-31 11:13:34,146.35,5461555
2021-05-31 11:13:37,146.35,5461557
2021-05-31 11:13:39,146.35,5461671
2021-05-31 11:13:41,146.4,5461921
2021-05-31 11:13:44,146.4,5467293
2021-05-31 11:13:47,146.35,5467439
2021-05-31 11:13:50,146.4,5467689
2021-05-31 11:13:53,146.4,5467739
2021-05-31 11:13:56,146.35,5467908
2021-05-31 11:13:59,146.4,5467917
2021-05-31 11:14:02,146.3,5468279
2021-05-31 11:14:05,146.35,5468479
2021-05-31 11:14:08,146.35,5468684
2021-05-31 11:14:10,146.3,5468834
2021-05-31 11:14:13,146.3,5474959
2021-05-31 11:14:16,146.4,5474969
2021-05-31 11:14:18,146.35,5475317
2021-05-31 11:14:21,146.45,5475318
2021-05-31 11:14:23,146.35,5475339
2021-05-31 11:14:26,146.35,5475608
2021-05-31 11:14:29,146.4,5475941
2021-05-31 11:14:32,146.35,5476144
2021-05-31 11:14:34,146.35,5476144
2021-05-31 11:14:37,146.4,5476295
2021-05-31 11:14:39,146.45,5476806
2021-05-31 11:14:42,146.45,5476806
2021-05-31 11:14:44,146.4,5478543
2021-05-31 11:14:47,146.4,5478583
2021-05-31 11:14:49,146.45,5478883
2021-05-31 11:14:51,146.45,5480316
2021-05-31 11:14:53,146.45,5480366
2021-05-31 11:14:56,146.4,5480648
2021-05-31 11:14:58,146.4,5480648
2021-05-31 11:15:00,146.4,5480648
2021-05-31 11:15:02,146.4,5480670
2021-05-31 11:15:04,146.35,5480962
2021-05-31 11:15:07,146.4,5480990
2021-05-31 11:15:09,146.35,5481205
2021-05-31 11:15:12,146.4,5481553
2021-05-31 11:15:15,146.4,5482369
2021-05-31 11:15:17,146.35,5483019
2021-05-31 11:15:20,146.4,5484249
2021-05-31 11:15:23,146.4,5484299
2021-05-31 11:15:25,146.4,5484569
2021-05-31 11:15:28,146.35,5484576
2021-05-31 11:15:31,146.4,5484676
2021-05-31 11:15:33,146.4,5484676
2021-05-31 11:15:36,146.4,5485000
2021-05-31 11:15:38,146.35,5486001
2021-05-31 11:15:41,146.4,5486201
2021-05-31 11:15:43,146.5,5486304
2021-05-31 11:15:45,146.4,5486464
2021-05-31 11:15:47,146.4,5486464
2021-05-31 11:15:49,146.4,5487267
2021-05-31 11:15:52,146.5,5487517
2021-05-31 11:15:54,146.4,5487719
2021-05-31 11:15:57,146.4,5487724
2021-05-31 11:15:59,146.5,5488557
2021-05-31 11:16:01,146.5,5488558
2021-05-31 11:16:04,146.5,5488683
2021-05-31 11:16:07,146.5,5488683
2021-05-31 11:16:09,146.5,5488748
2021-05-31 11:16:12,146.45,5488849
2021-05-31 11:16:15,146.4,5491649
