timestamp,ltp,volume
2021-05-31 09:15:18,691.25,58961
2021-05-31 09:15:18,691.25,58961
2021-05-31 09:15:19,691.15,60437
2021-05-31 09:15:20,690.8,62398
2021-05-31 09:15:21,690.8,65741
2021-05-31 09:15:22,690.45,66589
2021-05-31 09:15:24,690.5,67020
2021-05-31 09:15:25,691.7,70733
2021-05-31 09:15:26,691.0,86326
2021-05-31 09:15:27,691.2,91402
2021-05-31 09:15:28,691.45,97440
2021-05-31 09:15:29,692.0,97888
2021-05-31 09:15:30,691.4,101984
2021-05-31 09:15:31,692.05,102557
2021-05-31 09:15:32,691.75,103290
2021-05-31 09:15:33,691.6,104887
2021-05-31 09:15:34,691.35,105139
2021-05-31 09:15:35,691.0,105229
2021-05-31 09:15:36,690.85,108545
2021-05-31 09:15:37,691.1,110174
2021-05-31 09:15:38,690.75,112133
2021-05-31 09:15:39,690.65,114793
2021-05-31 09:15:40,690.8,116158
2021-05-31 09:15:41,690.35,116754
2021-05-31 09:15:42,690.8,118004
2021-05-31 09:15:43,690.25,118066
2021-05-31 09:15:44,690.9,118875
2021-05-31 09:15:45,690.8,124683
2021-05-31 09:15:46,690.9,125091
2021-05-31 09:15:47,690.7,125930
2021-05-31 09:15:48,690.85,127842
2021-05-31 09:15:49,689.9,142151
2021-05-31 09:15:50,689.3,143560
2021-05-31 09:15:51,689.7,144210
2021-05-31 09:15:52,689.65,147261
2021-05-31 09:15:53,689.6,148528
2021-05-31 09:15:54,689.3,155003
2021-05-31 09:15:55,690.0,158056
2021-05-31 09:15:56,689.55,158369
2021-05-31 09:15:57,689.55,159250
2021-05-31 09:15:58,689.8,159874
2021-05-31 09:15:59,689.8,160547
2021-05-31 09:16:00,690.15,170932
2021-05-31 09:16:01,690.05,171680
2021-05-31 09:16:02,690.0,173097
2021-05-31 09:16:03,690.05,174130
2021-05-31 09:16:04,690.05,174130
2021-05-31 09:16:05,689.95,176386
2021-05-31 09:16:06,689.9,177196
2021-05-31 09:16:07,690.0,181072
2021-05-31 09:16:08,690.0,181378
2021-05-31 09:16:09,689.65,183017
2021-05-31 09:16:10,689.95,183815
2021-05-31 09:16:11,689.7,184031
2021-05-31 09:16:12,689.6,184523
2021-05-31 09:16:13,689.3,184784
2021-05-31 09:16:14,689.7,187869
2021-05-31 09:16:15,689.7,187869
2021-05-31 09:16:16,689.7,188365
2021-05-31 09:16:17,689.35,188873
2021-05-31 09:16:18,689.05,203750
2021-05-31 09:16:19,688.4,204497
2021-05-31 09:16:20,688.75,204713
2021-05-31 09:16:21,688.9,207882
2021-05-31 09:16:22,689.15,213426
2021-05-31 09:16:23,688.45,213582
2021-05-31 09:16:24,688.7,214628
2021-05-31 09:16:25,688.7,214630
2021-05-31 09:16:26,687.9,216929
2021-05-31 09:16:27,688.2,217798
2021-05-31 09:16:28,688.2,218412
2021-05-31 09:16:29,688.45,218690
2021-05-31 09:16:30,688.45,218842
2021-05-31 09:16:31,688.45,218990
2021-05-31 09:16:32,687.95,220582
2021-05-31 09:16:34,688.0,221097
2021-05-31 09:16:33,688.25,220947
2021-05-31 09:16:35,688.5,221881
2021-05-31 09:16:36,688.0,225727
2021-05-31 09:16:37,687.8,227166
2021-05-31 09:16:38,687.8,228284
2021-05-31 09:16:39,687.95,228527
2021-05-31 09:16:40,688.0,229159
2021-05-31 09:16:41,687.8,229423
2021-05-31 09:16:42,687.85,232201
2021-05-31 09:16:43,687.8,232766
2021-05-31 09:16:44,688.0,233499
2021-05-31 09:16:45,687.7,233551
2021-05-31 09:16:46,687.7,233632
2021-05-31 09:16:47,687.75,234033
2021-05-31 09:16:49,687.8,237753
2021-05-31 09:16:48,687.65,236553
2021-05-31 09:16:50,687.8,238578
2021-05-31 09:16:51,688.0,239134
2021-05-31 09:16:52,687.8,239211
2021-05-31 09:16:53,687.85,240792
2021-05-31 09:16:54,688.0,241079
2021-05-31 09:16:55,688.0,241405
2021-05-31 09:16:56,687.55,247611
2021-05-31 09:16:57,687.45,248758
2021-05-31 09:16:58,687.35,249067
2021-05-31 09:16:59,687.35,249097
2021-05-31 09:17:00,686.6,253209
2021-05-31 09:17:01,687.5,253928
2021-05-31 09:17:02,687.55,258183
2021-05-31 09:17:03,687.45,258420
2021-05-31 09:17:04,687.55,258611
2021-05-31 09:17:05,687.55,258614
2021-05-31 09:17:06,687.6,261361
2021-05-31 09:17:07,687.4,261685
2021-05-31 09:17:08,687.4,261705
2021-05-31 09:17:09,687.5,262137
2021-05-31 09:17:10,687.5,262200
2021-05-31 09:17:11,687.5,262214
2021-05-31 09:17:12,687.55,262788
2021-05-31 09:17:13,687.4,263802
2021-05-31 09:17:14,687.4,267900
2021-05-31 09:17:15,687.05,268066
2021-05-31 09:17:16,687.4,268867
2021-05-31 09:17:17,687.25,269710
2021-05-31 09:17:18,687.4,270789
2021-05-31 09:17:19,687.05,270800
2021-05-31 09:17:20,687.15,271661
2021-05-31 09:17:21,686.9,271813
2021-05-31 09:17:22,686.75,275062
2021-05-31 09:17:23,686.75,277477
2021-05-31 09:17:24,687.0,278137
2021-05-31 09:17:25,687.0,278138
2021-05-31 09:17:26,686.9,279020
2021-05-31 09:17:27,686.85,281286
2021-05-31 09:17:28,686.75,281317
2021-05-31 09:17:29,686.95,281379
2021-05-31 09:17:30,686.7,283004
2021-05-31 09:17:31,686.7,283930
2021-05-31 09:17:32,686.7,285987
2021-05-31 09:17:34,686.7,286285
2021-05-31 09:17:34,686.7,286326
2021-05-31 09:17:35,687.0,286812
2021-05-31 09:17:36,686.2,288863
2021-05-31 09:17:37,687.0,290996
2021-05-31 09:17:39,686.45,291644
2021-05-31 09:17:39,686.7,291645
2021-05-31 09:17:40,686.25,292021
2021-05-31 09:17:41,686.55,292623
2021-05-31 09:17:42,686.45,297396
2021-05-31 09:17:43,686.25,307147
2021-05-31 09:17:45,686.5,311699
2021-05-31 09:17:45,686.5,311699
2021-05-31 09:17:46,687.4,320761
2021-05-31 09:17:47,687.7,323725
2021-05-31 09:17:48,689.0,334266
2021-05-31 09:17:49,689.05,336739
2021-05-31 09:17:51,689.4,338173
2021-05-31 09:17:52,689.8,340166
2021-05-31 09:17:52,689.9,340707
2021-05-31 09:17:53,690.2,350303
2021-05-31 09:17:54,690.65,352244
2021-05-31 09:17:55,690.0,353615
2021-05-31 09:17:56,690.3,354280
2021-05-31 09:17:57,690.0,356605
2021-05-31 09:17:58,690.2,357980
2021-05-31 09:17:59,690.2,359980
2021-05-31 09:18:01,690.4,361283
2021-05-31 09:18:01,690.75,361683
2021-05-31 09:18:02,690.75,361953
2021-05-31 09:18:03,690.45,362332
2021-05-31 09:18:04,690.75,362972
2021-05-31 09:18:05,690.75,368697
2021-05-31 09:18:06,690.75,372362
2021-05-31 09:18:08,690.35,373578
2021-05-31 09:18:08,690.35,373587
2021-05-31 09:18:09,690.85,374803
2021-05-31 09:18:10,690.35,375250
2021-05-31 09:18:11,690.95,375864
2021-05-31 09:18:12,690.95,377034
2021-05-31 09:18:13,691.6,379335
2021-05-31 09:18:15,691.15,380631
2021-05-31 09:18:15,691.5,380881
2021-05-31 09:18:16,691.4,381212
2021-05-31 09:18:17,691.45,383938
2021-05-31 09:18:18,691.25,383969
2021-05-31 09:18:19,691.5,384917
2021-05-31 09:18:20,691.85,385298
2021-05-31 09:18:21,691.75,385543
2021-05-31 09:18:22,692.0,387317
2021-05-31 09:18:24,692.0,388619
2021-05-31 09:18:24,691.75,389647
2021-05-31 09:18:25,692.25,390427
2021-05-31 09:18:26,692.35,390832
2021-05-31 09:18:27,692.4,393323
2021-05-31 09:18:28,691.9,393689
2021-05-31 09:18:29,691.85,394448
2021-05-31 09:18:30,691.7,395711
2021-05-31 09:18:31,692.0,396365
2021-05-31 09:18:32,691.6,396955
2021-05-31 09:18:34,692.0,400502
2021-05-31 09:18:35,692.25,403993
2021-05-31 09:18:35,691.9,403693
2021-05-31 09:18:36,692.25,404123
2021-05-31 09:18:37,691.9,405764
2021-05-31 09:18:38,692.4,406934
2021-05-31 09:18:39,692.5,408367
2021-05-31 09:18:40,692.3,410542
2021-05-31 09:18:42,692.9,412119
2021-05-31 09:18:43,693.55,419109
2021-05-31 09:18:43,693.55,419109
2021-05-31 09:18:44,693.25,421209
2021-05-31 09:18:45,693.3,421554
2021-05-31 09:18:46,693.35,423201
2021-05-31 09:18:47,693.65,424684
2021-05-31 09:18:48,693.2,425833
2021-05-31 09:18:49,693.5,428442
2021-05-31 09:18:50,693.35,429040
2021-05-31 09:18:51,694.0,430249
2021-05-31 09:18:53,693.5,431124
2021-05-31 09:18:53,693.5,431124
2021-05-31 09:18:54,693.7,431993
2021-05-31 09:18:55,693.45,442575
2021-05-31 09:18:56,693.5,444821
2021-05-31 09:18:58,693.2,446900
2021-05-31 09:18:58,693.2,446900
2021-05-31 09:18:59,693.0,447332
2021-05-31 09:19:00,693.4,447931
2021-05-31 09:19:01,693.55,448360
2021-05-31 09:19:02,693.7,450161
2021-05-31 09:19:04,693.75,451399
2021-05-31 09:19:04,693.75,452284
2021-05-31 09:19:05,693.75,455838
2021-05-31 09:19:06,693.85,458799
2021-05-31 09:19:07,694.55,460069
2021-05-31 09:19:08,694.45,460426
2021-05-31 09:19:09,695.05,471468
2021-05-31 09:19:10,695.25,477802
2021-05-31 09:19:12,695.25,480851
2021-05-31 09:19:13,694.75,481577
2021-05-31 09:19:13,694.8,481581
2021-05-31 09:19:14,694.6,482177
2021-05-31 09:19:15,694.45,483546
2021-05-31 09:19:16,695.0,483692
2021-05-31 09:19:17,695.0,484192
2021-05-31 09:19:18,695.0,491899
2021-05-31 09:19:19,695.3,492747
2021-05-31 09:19:20,694.95,493265
2021-05-31 09:19:21,694.7,494125
2021-05-31 09:19:23,694.95,494896
2021-05-31 09:19:23,694.9,495208
2021-05-31 09:19:24,694.65,497661
2021-05-31 09:19:25,694.35,497978
2021-05-31 09:19:26,694.05,498386
2021-05-31 09:19:27,694.5,498457
2021-05-31 09:19:28,694.5,498804
2021-05-31 09:19:30,694.35,499838
2021-05-31 09:19:30,694.0,501704
2021-05-31 09:19:32,694.5,511349
2021-05-31 09:19:32,694.5,511359
2021-05-31 09:19:33,694.35,513194
2021-05-31 09:19:34,694.85,514981
2021-05-31 09:19:35,694.55,519370
2021-05-31 09:19:36,695.15,524365
2021-05-31 09:19:37,695.15,526413
2021-05-31 09:19:38,695.6,528190
2021-05-31 09:19:40,695.8,529762
2021-05-31 09:19:40,695.8,529790
2021-05-31 09:19:41,695.7,530788
2021-05-31 09:19:42,695.3,531968
2021-05-31 09:19:43,695.65,532217
2021-05-31 09:19:45,696.15,545227
2021-05-31 09:19:46,696.25,546513
2021-05-31 09:19:47,696.7,547227
2021-05-31 09:19:47,696.5,547323
2021-05-31 09:19:48,696.05,551195
2021-05-31 09:19:49,696.55,552455
2021-05-31 09:19:50,696.7,553170
2021-05-31 09:19:52,697.0,557506
2021-05-31 09:19:53,697.0,558096
2021-05-31 09:19:54,696.2,559926
2021-05-31 09:19:55,696.55,560595
2021-05-31 09:19:56,696.55,561920
2021-05-31 09:19:57,696.55,564561
2021-05-31 09:19:58,695.8,565508
2021-05-31 09:20:00,695.55,568981
2021-05-31 09:20:01,695.15,571922
2021-05-31 09:20:01,695.3,572157
2021-05-31 09:20:02,695.7,572869
2021-05-31 09:20:04,695.85,574703
2021-05-31 09:20:05,695.65,575784
2021-05-31 09:20:06,696.35,579605
2021-05-31 09:20:07,695.8,580869
2021-05-31 09:20:08,696.05,581872
2021-05-31 09:20:09,696.0,583372
2021-05-31 09:20:10,696.5,584660
2021-05-31 09:20:12,696.5,585454
2021-05-31 09:20:13,697.1,602182
2021-05-31 09:20:14,697.1,602806
2021-05-31 09:20:14,697.1,603291
2021-05-31 09:20:15,697.25,604911
2021-05-31 09:20:16,697.65,608049
2021-05-31 09:20:18,697.45,609436
2021-05-31 09:20:19,697.55,617340
2021-05-31 09:20:20,697.2,619278
2021-05-31 09:20:21,697.45,621362
2021-05-31 09:20:22,697.25,631346
2021-05-31 09:20:23,696.3,633112
2021-05-31 09:20:23,696.7,633312
2021-05-31 09:20:24,697.0,633454
2021-05-31 09:20:25,696.85,634298
2021-05-31 09:20:26,697.2,635566
2021-05-31 09:20:27,696.75,635736
2021-05-31 09:20:29,696.8,637056
2021-05-31 09:20:30,697.35,637862
2021-05-31 09:20:31,697.45,641020
2021-05-31 09:20:32,697.55,648308
2021-05-31 09:20:33,697.55,649307
2021-05-31 09:20:34,698.1,654520
2021-05-31 09:20:35,697.85,656609
2021-05-31 09:20:35,698.05,657251
2021-05-31 09:20:36,697.8,658802
2021-05-31 09:20:37,697.65,660835
2021-05-31 09:20:38,697.55,661700
2021-05-31 09:20:40,697.25,662185
2021-05-31 09:20:41,697.4,663580
2021-05-31 09:20:42,697.35,664063
2021-05-31 09:20:43,697.25,665224
2021-05-31 09:20:44,697.55,665661
2021-05-31 09:20:45,697.25,666215
2021-05-31 09:20:46,697.0,668083
2021-05-31 09:20:47,697.1,668742
2021-05-31 09:20:48,697.4,670064
2021-05-31 09:20:49,697.3,670421
2021-05-31 09:20:50,697.7,672438
2021-05-31 09:20:51,697.55,672851
2021-05-31 09:20:51,697.55,672851
2021-05-31 09:20:52,697.8,673229
2021-05-31 09:20:53,697.35,673664
2021-05-31 09:20:54,697.55,674214
2021-05-31 09:20:55,697.4,674215
2021-05-31 09:20:56,697.5,674873
2021-05-31 09:20:57,697.5,676905
2021-05-31 09:20:58,697.5,677111
2021-05-31 09:21:00,697.5,677963
2021-05-31 09:21:01,697.55,678300
2021-05-31 09:21:02,697.5,679284
2021-05-31 09:21:03,697.75,681793
2021-05-31 09:21:04,697.95,681938
2021-05-31 09:21:05,697.75,682569
2021-05-31 09:21:06,698.0,686044
2021-05-31 09:21:07,697.8,687500
2021-05-31 09:21:08,697.7,688050
2021-05-31 09:21:09,697.75,688501
2021-05-31 09:21:10,697.95,689288
2021-05-31 09:21:11,697.7,689860
2021-05-31 09:21:12,697.75,690301
2021-05-31 09:21:13,697.95,690546
2021-05-31 09:21:14,697.2,696493
2021-05-31 09:21:15,697.05,701879
2021-05-31 09:21:16,697.15,703086
2021-05-31 09:21:17,697.35,703591
2021-05-31 09:21:18,697.5,704881
2021-05-31 09:21:19,697.2,706183
2021-05-31 09:21:20,697.7,706713
2021-05-31 09:21:21,697.65,708084
2021-05-31 09:21:22,697.2,709147
2021-05-31 09:21:23,697.4,710106
2021-05-31 09:21:24,697.7,711618
2021-05-31 09:21:25,697.7,712441
2021-05-31 09:21:26,697.35,713198
2021-05-31 09:21:26,697.5,712698
2021-05-31 09:21:27,697.7,715408
2021-05-31 09:21:28,697.05,716247
2021-05-31 09:21:29,697.0,718413
2021-05-31 09:21:30,697.0,718805
2021-05-31 09:21:31,696.5,719533
2021-05-31 09:21:32,696.5,719728
2021-05-31 09:21:33,696.5,721707
2021-05-31 09:21:34,696.55,723164
2021-05-31 09:21:35,696.25,724297
2021-05-31 09:21:36,696.25,724784
2021-05-31 09:21:37,696.15,725351
2021-05-31 09:21:39,696.05,727128
2021-05-31 09:21:40,696.25,727613
2021-05-31 09:21:41,696.25,729648
2021-05-31 09:21:43,695.9,732795
2021-05-31 09:21:44,696.1,734431
2021-05-31 09:21:45,695.5,735910
2021-05-31 09:21:46,696.25,739653
2021-05-31 09:21:46,696.25,739653
2021-05-31 09:21:47,696.0,740313
2021-05-31 09:21:48,696.0,741911
2021-05-31 09:21:49,696.05,745418
2021-05-31 09:21:50,696.0,745840
2021-05-31 09:21:51,696.0,746820
2021-05-31 09:21:52,695.65,747380
2021-05-31 09:21:54,695.7,747911
2021-05-31 09:21:55,695.7,747961
2021-05-31 09:21:56,696.05,749897
2021-05-31 09:21:57,696.0,751383
2021-05-31 09:21:58,696.05,752755
2021-05-31 09:21:59,696.0,753964
2021-05-31 09:22:00,696.0,754886
2021-05-31 09:22:02,695.8,754943
2021-05-31 09:22:03,696.05,755171
2021-05-31 09:22:04,696.05,755771
2021-05-31 09:22:05,696.15,756811
2021-05-31 09:22:06,696.1,757596
2021-05-31 09:22:07,696.35,758456
2021-05-31 09:22:08,696.2,759203
2021-05-31 09:22:09,696.55,760398
2021-05-31 09:22:10,696.9,761144
2021-05-31 09:22:11,696.6,762097
2021-05-31 09:22:12,696.65,763081
2021-05-31 09:22:13,696.35,763435
2021-05-31 09:22:15,696.65,764670
2021-05-31 09:22:15,696.65,764683
2021-05-31 09:22:16,696.5,764909
2021-05-31 09:22:17,696.5,765201
2021-05-31 09:22:18,696.5,765294
2021-05-31 09:22:19,696.25,765818
2021-05-31 09:22:20,696.2,766134
2021-05-31 09:22:22,696.0,767535
2021-05-31 09:22:23,696.6,768935
2021-05-31 09:22:24,696.35,769203
2021-05-31 09:22:25,696.35,770710
2021-05-31 09:22:26,696.35,771635
2021-05-31 09:22:26,696.65,771685
2021-05-31 09:22:27,696.45,771923
2021-05-31 09:22:28,696.15,773763
2021-05-31 09:22:29,696.05,775334
2021-05-31 09:22:30,696.05,775394
2021-05-31 09:22:31,696.25,776197
2021-05-31 09:22:33,696.35,776433
2021-05-31 09:22:34,696.35,777027
2021-05-31 09:22:35,696.3,778031
2021-05-31 09:22:36,696.15,778886
2021-05-31 09:22:37,696.35,779125
2021-05-31 09:22:38,696.05,779207
2021-05-31 09:22:39,696.0,782422
2021-05-31 09:22:40,696.0,784047
2021-05-31 09:22:41,696.0,784989
2021-05-31 09:22:42,695.8,785270
2021-05-31 09:22:43,695.95,786167
2021-05-31 09:22:44,695.65,786288
2021-05-31 09:22:45,695.85,786294
2021-05-31 09:22:46,695.6,790893
2021-05-31 09:22:47,695.1,794138
2021-05-31 09:22:48,695.1,795320
2021-05-31 09:22:49,695.1,795551
2021-05-31 09:22:50,695.1,795916
2021-05-31 09:22:51,695.25,796602
2021-05-31 09:22:53,695.35,800048
2021-05-31 09:22:54,695.65,800810
2021-05-31 09:22:55,695.2,801385
2021-05-31 09:22:56,695.5,801691
2021-05-31 09:22:57,695.45,802030
2021-05-31 09:22:58,695.6,802342
2021-05-31 09:22:59,695.5,802355
2021-05-31 09:23:00,696.25,808609
2021-05-31 09:23:01,695.85,808727
2021-05-31 09:23:02,696.1,809279
2021-05-31 09:23:02,696.1,809279
2021-05-31 09:23:03,696.1,809373
2021-05-31 09:23:04,695.75,809434
2021-05-31 09:23:05,695.55,810332
2021-05-31 09:23:06,695.55,810377
2021-05-31 09:23:08,695.6,810740
2021-05-31 09:23:09,695.55,810839
2021-05-31 09:23:10,696.0,811458
2021-05-31 09:23:11,696.0,811508
2021-05-31 09:23:12,696.0,812157
2021-05-31 09:23:13,696.0,812208
2021-05-31 09:23:14,696.0,812370
2021-05-31 09:23:15,696.0,812605
2021-05-31 09:23:16,695.95,816898
2021-05-31 09:23:17,696.0,816909
2021-05-31 09:23:18,695.95,817828
2021-05-31 09:23:18,695.65,817878
2021-05-31 09:23:19,695.6,817946
2021-05-31 09:23:20,695.5,828694
2021-05-31 09:23:21,695.6,829037
2021-05-31 09:23:22,695.3,829436
2021-05-31 09:23:23,695.3,829467
2021-05-31 09:23:24,694.6,839836
2021-05-31 09:23:25,694.8,839898
2021-05-31 09:23:27,694.35,842047
2021-05-31 09:23:28,694.5,842702
2021-05-31 09:23:30,694.6,844643
2021-05-31 09:23:31,694.9,845199
2021-05-31 09:23:32,695.0,846361
2021-05-31 09:23:33,694.85,847001
2021-05-31 09:23:34,694.85,847072
2021-05-31 09:23:35,694.75,847406
2021-05-31 09:23:36,694.7,848055
2021-05-31 09:23:37,694.9,848085
2021-05-31 09:23:38,694.85,848596
2021-05-31 09:23:39,694.6,849698
2021-05-31 09:23:40,694.95,849949
2021-05-31 09:23:41,694.7,851899
2021-05-31 09:23:41,694.35,851892
2021-05-31 09:23:42,694.75,852115
2021-05-31 09:23:43,694.5,852665
2021-05-31 09:23:44,694.95,852756
2021-05-31 09:23:46,694.95,854396
2021-05-31 09:23:46,694.95,854596
2021-05-31 09:23:47,695.0,854614
2021-05-31 09:23:48,695.55,859929
2021-05-31 09:23:49,695.15,860369
2021-05-31 09:23:50,695.15,860551
2021-05-31 09:23:51,695.25,860709
2021-05-31 09:23:52,695.45,861461
2021-05-31 09:23:53,695.2,862682
2021-05-31 09:23:55,695.3,862785
2021-05-31 09:23:56,695.4,865222
2021-05-31 09:23:57,695.8,865852
2021-05-31 09:23:57,695.8,865852
2021-05-31 09:23:58,695.55,866079
2021-05-31 09:24:00,696.1,874600
2021-05-31 09:24:01,696.1,876133
2021-05-31 09:24:02,696.15,877660
2021-05-31 09:24:03,696.3,881558
2021-05-31 09:24:03,696.55,881607
2021-05-31 09:24:04,696.4,881667
2021-05-31 09:24:06,696.65,882507
2021-05-31 09:24:07,696.55,884005
2021-05-31 09:24:08,696.9,884236
2021-05-31 09:24:09,696.65,884492
2021-05-31 09:24:10,697.0,885082
2021-05-31 09:24:10,696.95,885005
2021-05-31 09:24:12,697.15,899479
2021-05-31 09:24:13,697.15,900042
2021-05-31 09:24:14,697.2,900557
2021-05-31 09:24:15,697.4,900977
2021-05-31 09:24:16,696.45,912446
2021-05-31 09:24:17,696.9,915576
2021-05-31 09:24:17,696.85,915284
2021-05-31 09:24:18,696.7,915881
2021-05-31 09:24:20,697.5,919151
2021-05-31 09:24:21,697.8,923705
2021-05-31 09:24:22,698.0,930216
2021-05-31 09:24:23,698.45,941668
2021-05-31 09:24:24,699.0,945262
2021-05-31 09:24:25,699.05,951005
2021-05-31 09:24:26,698.95,951105
2021-05-31 09:24:27,699.15,952220
2021-05-31 09:24:28,699.25,958376
2021-05-31 09:24:29,699.45,960192
2021-05-31 09:24:30,699.35,964203
2021-05-31 09:24:31,699.0,965808
2021-05-31 09:24:32,698.0,969873
2021-05-31 09:24:33,698.0,970471
2021-05-31 09:24:34,697.85,971952
2021-05-31 09:24:34,698.25,971983
2021-05-31 09:24:36,698.25,972244
2021-05-31 09:24:37,697.95,972437
2021-05-31 09:24:38,698.0,972538
2021-05-31 09:24:39,698.25,972648
2021-05-31 09:24:40,698.3,975015
2021-05-31 09:24:41,698.25,975348
2021-05-31 09:24:42,698.3,976566
2021-05-31 09:24:42,698.35,976595
2021-05-31 09:24:43,698.4,978198
2021-05-31 09:24:45,698.3,978347
2021-05-31 09:24:46,698.3,978499
2021-05-31 09:24:47,698.15,979679
2021-05-31 09:24:48,698.2,980559
2021-05-31 09:24:49,698.5,980876
2021-05-31 09:24:50,697.9,982973
2021-05-31 09:24:51,698.2,983392
2021-05-31 09:24:52,697.85,984033
2021-05-31 09:24:54,697.85,984494
2021-05-31 09:24:54,697.85,984764
2021-05-31 09:24:55,698.2,987551
2021-05-31 09:24:57,698.0,987786
2021-05-31 09:24:58,698.0,988399
2021-05-31 09:24:59,698.1,989975
2021-05-31 09:25:00,698.05,990219
2021-05-31 09:25:00,698.4,991508
2021-05-31 09:25:01,698.3,992180
2021-05-31 09:25:02,698.15,992642
2021-05-31 09:25:03,698.3,993406
2021-05-31 09:25:05,698.15,993853
2021-05-31 09:25:06,698.15,994224
2021-05-31 09:25:07,698.25,996657
2021-05-31 09:25:08,697.8,997118
2021-05-31 09:25:09,697.7,997452
2021-05-31 09:25:10,698.0,998551
2021-05-31 09:25:11,698.0,998931
2021-05-31 09:25:12,698.25,999054
2021-05-31 09:25:13,698.25,999118
2021-05-31 09:25:13,698.0,999068
2021-05-31 09:25:15,697.9,1000173
2021-05-31 09:25:15,697.85,1000178
2021-05-31 09:25:17,697.95,1001442
2021-05-31 09:25:18,697.5,1001834
2021-05-31 09:25:19,698.0,1006089
2021-05-31 09:25:20,697.95,1006194
2021-05-31 09:25:21,697.0,1006878
2021-05-31 09:25:22,697.05,1007196
2021-05-31 09:25:23,697.0,1007846
2021-05-31 09:25:24,697.0,1008226
2021-05-31 09:25:25,697.0,1008362
2021-05-31 09:25:25,697.45,1010362
2021-05-31 09:25:27,697.4,1010508
2021-05-31 09:25:28,697.45,1011365
2021-05-31 09:25:29,696.55,1014414
2021-05-31 09:25:30,696.5,1014489
2021-05-31 09:25:31,696.5,1014563
2021-05-31 09:25:32,696.85,1015367
2021-05-31 09:25:32,696.85,1015367
2021-05-31 09:25:33,696.8,1015618
2021-05-31 09:25:35,696.8,1016488
2021-05-31 09:25:36,696.4,1016613
2021-05-31 09:25:37,696.3,1016867
2021-05-31 09:25:38,696.5,1016970
2021-05-31 09:25:39,696.1,1017271
2021-05-31 09:25:40,696.2,1017911
2021-05-31 09:25:41,695.95,1023029
2021-05-31 09:25:42,695.95,1023157
2021-05-31 09:25:42,695.95,1023157
2021-05-31 09:25:44,695.45,1025543
2021-05-31 09:25:45,695.75,1026229
2021-05-31 09:25:46,695.4,1026528
2021-05-31 09:25:47,695.7,1026836
2021-05-31 09:25:48,695.5,1027148
2021-05-31 09:25:49,695.5,1027538
2021-05-31 09:25:50,695.5,1027728
2021-05-31 09:25:51,695.25,1027841
2021-05-31 09:25:52,695.45,1028406
2021-05-31 09:25:53,695.1,1028411
2021-05-31 09:25:54,695.3,1029801
2021-05-31 09:25:55,695.05,1030249
2021-05-31 09:25:56,695.0,1032189
2021-05-31 09:25:57,694.9,1032233
2021-05-31 09:25:58,695.0,1032742
2021-05-31 09:25:59,694.55,1033700
2021-05-31 09:26:00,694.65,1034316
2021-05-31 09:26:01,695.1,1035652
2021-05-31 09:26:02,695.15,1035914
2021-05-31 09:26:03,695.15,1036333
2021-05-31 09:26:04,694.85,1036567
2021-05-31 09:26:05,695.0,1036680
2021-05-31 09:26:06,695.15,1037844
2021-05-31 09:26:07,695.0,1038309
2021-05-31 09:26:08,695.1,1039394
2021-05-31 09:26:09,695.0,1041120
2021-05-31 09:26:10,695.0,1041626
2021-05-31 09:26:11,694.75,1041631
2021-05-31 09:26:12,694.8,1042650
2021-05-31 09:26:13,695.1,1042811
2021-05-31 09:26:14,695.0,1043011
2021-05-31 09:26:15,694.6,1043715
2021-05-31 09:26:16,694.8,1044218
2021-05-31 09:26:17,694.9,1044246
2021-05-31 09:26:18,694.6,1044468
2021-05-31 09:26:20,694.75,1046916
2021-05-31 09:26:21,694.8,1048158
2021-05-31 09:26:23,694.5,1048726
2021-05-31 09:26:22,694.5,1048726
2021-05-31 09:26:24,695.0,1048808
2021-05-31 09:26:25,695.0,1050433
2021-05-31 09:26:26,694.8,1051293
2021-05-31 09:26:27,695.0,1051343
2021-05-31 09:26:28,694.85,1051450
2021-05-31 09:26:29,694.85,1052079
2021-05-31 09:26:30,695.0,1053209
2021-05-31 09:26:31,694.85,1054071
2021-05-31 09:26:32,694.85,1054173
2021-05-31 09:26:33,695.0,1054198
2021-05-31 09:26:34,695.0,1054643
2021-05-31 09:26:35,694.75,1054980
2021-05-31 09:26:36,694.95,1058843
2021-05-31 09:26:37,695.1,1058893
2021-05-31 09:26:38,695.05,1062553
2021-05-31 09:26:39,694.95,1062703
2021-05-31 09:26:40,695.1,1063115
2021-05-31 09:26:41,695.2,1063184
2021-05-31 09:26:42,695.2,1063184
2021-05-31 09:26:43,695.2,1063816
2021-05-31 09:26:44,695.5,1064058
2021-05-31 09:26:45,695.25,1064083
2021-05-31 09:26:46,695.25,1064443
2021-05-31 09:26:47,695.25,1064457
2021-05-31 09:26:48,695.5,1064595
2021-05-31 09:26:49,695.25,1064989
2021-05-31 09:26:50,695.3,1065295
2021-05-31 09:26:51,695.5,1065353
2021-05-31 09:26:52,695.35,1065515
2021-05-31 09:26:53,695.65,1065720
2021-05-31 09:26:54,695.65,1066270
2021-05-31 09:26:55,695.75,1066285
2021-05-31 09:26:57,695.75,1067436
2021-05-31 09:26:56,695.75,1067436
2021-05-31 09:26:58,696.0,1067656
2021-05-31 09:26:59,696.15,1067870
2021-05-31 09:27:00,696.15,1068220
2021-05-31 09:27:01,696.0,1068228
2021-05-31 09:27:02,696.15,1068882
2021-05-31 09:27:03,696.15,1068930
2021-05-31 09:27:04,695.8,1072598
2021-05-31 09:27:05,695.5,1072840
2021-05-31 09:27:07,695.9,1073084
2021-05-31 09:27:06,695.9,1073077
2021-05-31 09:27:08,695.95,1073662
2021-05-31 09:27:09,696.0,1073775
2021-05-31 09:27:10,695.65,1073995
2021-05-31 09:27:11,695.8,1074031
2021-05-31 09:27:12,695.8,1074083
2021-05-31 09:27:13,696.15,1074343
2021-05-31 09:27:14,695.9,1074448
2021-05-31 09:27:15,696.25,1074526
2021-05-31 09:27:16,696.3,1074561
2021-05-31 09:27:17,696.15,1075080
2021-05-31 09:27:18,696.3,1075100
2021-05-31 09:27:19,696.3,1075303
2021-05-31 09:27:20,696.35,1075360
2021-05-31 09:27:21,696.2,1075432
2021-05-31 09:27:22,696.0,1076162
2021-05-31 09:27:23,696.2,1076777
2021-05-31 09:27:24,695.9,1077702
2021-05-31 09:27:25,696.05,1078381
2021-05-31 09:27:26,696.1,1078582
2021-05-31 09:27:27,695.65,1079550
2021-05-31 09:27:28,695.75,1079758
2021-05-31 09:27:29,695.85,1079958
2021-05-31 09:27:30,695.5,1080262
2021-05-31 09:27:31,695.5,1080269
2021-05-31 09:27:32,695.5,1080282
2021-05-31 09:27:33,695.8,1080783
2021-05-31 09:27:34,695.7,1082427
2021-05-31 09:27:35,695.65,1082992
2021-05-31 09:27:36,695.8,1083092
2021-05-31 09:27:37,695.75,1083200
2021-05-31 09:27:38,695.8,1083204
2021-05-31 09:27:39,695.8,1083207
2021-05-31 09:27:40,695.8,1083409
2021-05-31 09:27:41,695.8,1083409
2021-05-31 09:27:42,695.8,1083940
2021-05-31 09:27:43,695.55,1084340
2021-05-31 09:27:44,695.5,1084840
2021-05-31 09:27:45,695.8,1085147
2021-05-31 09:27:46,695.95,1085755
2021-05-31 09:27:47,695.95,1086503
2021-05-31 09:27:48,695.95,1086636
2021-05-31 09:27:49,695.55,1086701
2021-05-31 09:27:50,695.95,1086906
2021-05-31 09:27:51,695.8,1086908
2021-05-31 09:27:52,695.8,1086943
2021-05-31 09:27:53,695.6,1088146
2021-05-31 09:27:54,695.7,1091403
2021-05-31 09:27:55,695.5,1091483
2021-05-31 09:27:56,695.5,1091483
2021-05-31 09:27:57,695.75,1091525
2021-05-31 09:27:58,695.5,1091676
2021-05-31 09:27:59,695.5,1091896
2021-05-31 09:28:00,695.75,1091914
2021-05-31 09:28:01,695.45,1092929
2021-05-31 09:28:02,695.45,1092929
2021-05-31 09:28:03,695.5,1093697
2021-05-31 09:28:04,695.4,1093777
2021-05-31 09:28:05,695.45,1094274
2021-05-31 09:28:06,695.25,1094357
2021-05-31 09:28:07,695.45,1094429
2021-05-31 09:28:08,695.45,1094571
2021-05-31 09:28:09,695.15,1096242
2021-05-31 09:28:10,695.3,1096252
2021-05-31 09:28:11,695.1,1096358
2021-05-31 09:28:12,695.0,1096898
2021-05-31 09:28:13,694.75,1106040
2021-05-31 09:28:14,694.5,1106422
2021-05-31 09:28:15,694.5,1108422
2021-05-31 09:28:16,694.8,1109157
2021-05-31 09:28:17,694.8,1109267
2021-05-31 09:28:18,694.5,1109767
2021-05-31 09:28:19,694.85,1109769
2021-05-31 09:28:20,695.0,1109849
2021-05-31 09:28:21,695.0,1110199
2021-05-31 09:28:22,694.75,1110906
2021-05-31 09:28:23,694.8,1111006
2021-05-31 09:28:24,694.95,1111416
2021-05-31 09:28:25,694.8,1111481
2021-05-31 09:28:26,694.85,1112267
2021-05-31 09:28:28,694.5,1112323
2021-05-31 09:28:28,694.5,1112323
2021-05-31 09:28:29,694.9,1112388
2021-05-31 09:28:30,694.9,1112388
2021-05-31 09:28:31,694.5,1113347
2021-05-31 09:28:32,695.2,1118026
2021-05-31 09:28:33,695.4,1118541
2021-05-31 09:28:34,695.35,1119166
2021-05-31 09:28:35,695.75,1119176
2021-05-31 09:28:37,696.0,1120645
2021-05-31 09:28:37,696.0,1120645
2021-05-31 09:28:38,695.7,1120769
2021-05-31 09:28:39,695.85,1122046
2021-05-31 09:28:40,695.8,1124515
2021-05-31 09:28:41,696.05,1125227
2021-05-31 09:28:42,696.05,1125335
2021-05-31 09:28:43,696.05,1125630
2021-05-31 09:28:44,696.05,1125650
2021-05-31 09:28:45,696.05,1125813
2021-05-31 09:28:46,696.05,1125974
2021-05-31 09:28:48,696.05,1127772
2021-05-31 09:28:48,696.05,1127772
2021-05-31 09:28:49,695.7,1127822
2021-05-31 09:28:51,695.45,1127906
2021-05-31 09:28:52,695.2,1128136
2021-05-31 09:28:53,694.85,1128768
2021-05-31 09:28:54,694.85,1128768
2021-05-31 09:28:55,695.15,1128813
2021-05-31 09:28:57,694.9,1129133
2021-05-31 09:28:58,695.05,1131667
2021-05-31 09:28:58,694.75,1131685
2021-05-31 09:28:59,695.05,1132135
2021-05-31 09:29:00,695.1,1132412
2021-05-31 09:29:01,695.6,1132977
2021-05-31 09:29:02,695.65,1133282
2021-05-31 09:29:04,695.75,1133501
2021-05-31 09:29:04,695.75,1133501
2021-05-31 09:29:05,696.0,1133528
2021-05-31 09:29:06,696.0,1133530
2021-05-31 09:29:07,695.75,1133540
2021-05-31 09:29:09,695.75,1133540
2021-05-31 09:29:09,695.75,1133540
2021-05-31 09:29:10,695.7,1133588
2021-05-31 09:29:11,696.0,1133698
2021-05-31 09:29:12,695.65,1134009
2021-05-31 09:29:13,695.95,1134059
2021-05-31 09:29:14,695.7,1134084
2021-05-31 09:29:15,695.95,1134494
2021-05-31 09:29:16,695.6,1134496
2021-05-31 09:29:17,695.95,1134521
2021-05-31 09:29:18,696.0,1134634
2021-05-31 09:29:19,696.0,1134634
2021-05-31 09:29:20,696.0,1135285
2021-05-31 09:29:22,696.0,1135315
2021-05-31 09:29:22,695.95,1135316
2021-05-31 09:29:23,696.0,1135466
2021-05-31 09:29:24,696.0,1135469
2021-05-31 09:29:25,696.1,1140477
2021-05-31 09:29:26,696.1,1141338
2021-05-31 09:29:28,696.1,1141789
2021-05-31 09:29:28,696.1,1141931
2021-05-31 09:29:30,696.1,1141951
2021-05-31 09:29:30,696.1,1141952
2021-05-31 09:29:31,696.1,1141952
2021-05-31 09:29:32,696.15,1142345
2021-05-31 09:29:33,696.15,1142355
2021-05-31 09:29:34,696.15,1142655
2021-05-31 09:29:35,696.5,1142695
2021-05-31 09:29:36,696.6,1143205
2021-05-31 09:29:37,696.6,1143731
2021-05-31 09:29:38,696.4,1145933
2021-05-31 09:29:39,696.2,1145985
2021-05-31 09:29:40,696.2,1146091
2021-05-31 09:29:41,696.4,1146726
2021-05-31 09:29:42,696.0,1146728
2021-05-31 09:29:43,696.4,1146742
2021-05-31 09:29:44,696.4,1146742
2021-05-31 09:29:45,696.3,1146862
2021-05-31 09:29:46,696.5,1146923
2021-05-31 09:29:47,696.55,1150348
2021-05-31 09:29:48,696.8,1150370
2021-05-31 09:29:49,696.8,1150380
2021-05-31 09:29:50,696.55,1150410
2021-05-31 09:29:52,696.6,1150437
2021-05-31 09:29:52,696.6,1150437
2021-05-31 09:29:53,696.6,1150437
2021-05-31 09:29:54,696.8,1150696
2021-05-31 09:29:55,696.9,1151749
2021-05-31 09:29:56,696.7,1151901
2021-05-31 09:29:57,697.0,1152975
2021-05-31 09:29:58,697.25,1157912
2021-05-31 09:29:59,696.9,1158142
2021-05-31 09:30:00,696.9,1158172
2021-05-31 09:30:01,696.9,1158322
2021-05-31 09:30:03,697.25,1158362
2021-05-31 09:30:04,696.95,1158430
2021-05-31 09:30:05,697.3,1161064
2021-05-31 09:30:06,697.6,1161226
2021-05-31 09:30:07,697.6,1161226
2021-05-31 09:30:08,697.3,1161835
2021-05-31 09:30:09,697.3,1161838
2021-05-31 09:30:10,697.1,1164789
2021-05-31 09:30:11,697.0,1165339
2021-05-31 09:30:12,697.55,1165551
2021-05-31 09:30:13,697.55,1165551
2021-05-31 09:30:14,697.6,1165862
2021-05-31 09:30:15,697.05,1167684
2021-05-31 09:30:16,697.5,1168684
2021-05-31 09:30:17,697.1,1169203
2021-05-31 09:30:19,697.25,1169216
2021-05-31 09:30:19,697.45,1169217
2021-05-31 09:30:21,697.5,1169497
2021-05-31 09:30:21,697.5,1169497
2021-05-31 09:30:22,697.1,1169617
2021-05-31 09:30:24,697.25,1170185
2021-05-31 09:30:24,697.45,1170219
2021-05-31 09:30:25,697.4,1171298
2021-05-31 09:30:27,697.1,1171479
2021-05-31 09:30:27,696.9,1176302
2021-05-31 09:30:29,696.95,1176492
2021-05-31 09:30:30,697.15,1179775
2021-05-31 09:30:31,696.65,1180372
2021-05-31 09:30:32,697.15,1181059
2021-05-31 09:30:33,697.1,1181390
2021-05-31 09:30:34,697.05,1181670
2021-05-31 09:30:35,696.5,1181886
2021-05-31 09:30:36,696.5,1181886
2021-05-31 09:30:37,696.55,1183205
2021-05-31 09:30:39,696.4,1183284
2021-05-31 09:30:40,696.4,1183354
2021-05-31 09:30:41,696.4,1183418
2021-05-31 09:30:42,696.95,1183538
2021-05-31 09:30:42,696.95,1183538
2021-05-31 09:30:43,696.8,1183848
2021-05-31 09:30:44,696.8,1183893
2021-05-31 09:30:45,696.45,1184459
2021-05-31 09:30:47,696.5,1184563
2021-05-31 09:30:48,696.8,1184663
2021-05-31 09:30:48,696.8,1184663
2021-05-31 09:30:49,696.95,1184665
2021-05-31 09:30:50,696.55,1184668
2021-05-31 09:30:51,696.5,1187677
2021-05-31 09:30:53,696.5,1187762
2021-05-31 09:30:54,696.5,1188421
2021-05-31 09:30:54,696.5,1188384
2021-05-31 09:30:55,696.5,1188521
2021-05-31 09:30:56,696.4,1188522
2021-05-31 09:30:57,696.5,1190176
2021-05-31 09:30:59,696.5,1191878
2021-05-31 09:31:00,696.5,1192424
2021-05-31 09:31:00,696.45,1192449
2021-05-31 09:31:01,697.15,1219833
2021-05-31 09:31:02,697.1,1220443
2021-05-31 09:31:03,697.3,1220481
2021-05-31 09:31:04,697.15,1220615
2021-05-31 09:31:06,697.85,1228207
2021-05-31 09:31:07,697.75,1229037
2021-05-31 09:31:07,697.85,1229090
2021-05-31 09:31:08,697.75,1229400
2021-05-31 09:31:09,697.75,1230196
2021-05-31 09:31:11,698.7,1253575
2021-05-31 09:31:12,698.35,1253888
2021-05-31 09:31:12,698.35,1253888
2021-05-31 09:31:13,698.55,1254921
2021-05-31 09:31:14,698.8,1255423
2021-05-31 09:31:16,698.75,1255673
2021-05-31 09:31:17,698.55,1255853
2021-05-31 09:31:17,698.5,1256353
2021-05-31 09:31:18,698.8,1256951
2021-05-31 09:31:19,698.4,1257254
2021-05-31 09:31:20,698.55,1257375
2021-05-31 09:31:21,698.65,1257603
2021-05-31 09:31:22,698.5,1257803
2021-05-31 09:31:24,698.5,1258499
2021-05-31 09:31:25,698.4,1258599
2021-05-31 09:31:26,698.55,1259448
2021-05-31 09:31:27,698.55,1259461
2021-05-31 09:31:27,698.55,1259486
2021-05-31 09:31:28,698.55,1260024
2021-05-31 09:31:29,698.1,1261691
2021-05-31 09:31:30,698.2,1262695
2021-05-31 09:31:31,697.6,1263215
2021-05-31 09:31:32,697.55,1263431
2021-05-31 09:31:34,698.15,1263866
2021-05-31 09:31:35,698.2,1264128
2021-05-31 09:31:35,698.35,1264129
2021-05-31 09:31:36,698.35,1264364
2021-05-31 09:31:37,698.35,1266579
2021-05-31 09:31:38,698.05,1266620
2021-05-31 09:31:39,697.8,1267879
2021-05-31 09:31:41,698.25,1268031
2021-05-31 09:31:42,698.35,1270363
2021-05-31 09:31:42,698.1,1270347
2021-05-31 09:31:43,698.5,1270603
2021-05-31 09:31:44,698.9,1276763
2021-05-31 09:31:45,698.3,1277378
2021-05-31 09:31:46,698.35,1277609
2021-05-31 09:31:47,698.6,1277895
2021-05-31 09:31:48,698.3,1278015
2021-05-31 09:31:50,698.25,1278514
2021-05-31 09:31:51,698.7,1278650
2021-05-31 09:31:51,698.7,1278650
2021-05-31 09:31:52,698.55,1279481
2021-05-31 09:31:53,698.1,1284649
2021-05-31 09:31:54,698.4,1285316
2021-05-31 09:31:56,698.7,1285373
2021-05-31 09:31:57,698.65,1285510
2021-05-31 09:31:58,698.6,1288490
2021-05-31 09:31:58,698.65,1288491
2021-05-31 09:31:59,699.0,1289366
2021-05-31 09:32:00,698.55,1297330
2021-05-31 09:32:01,698.4,1298806
2021-05-31 09:32:03,698.85,1300352
2021-05-31 09:32:04,698.65,1300637
2021-05-31 09:32:05,698.65,1301191
2021-05-31 09:32:05,699.0,1301943
2021-05-31 09:32:06,698.5,1303257
2021-05-31 09:32:09,699.25,1318602
2021-05-31 09:32:10,699.4,1318853
2021-05-31 09:32:10,699.2,1318953
2021-05-31 09:32:11,699.15,1320054
2021-05-31 09:32:12,699.05,1321535
2021-05-31 09:32:13,699.4,1321585
2021-05-31 09:32:14,699.25,1322883
2021-05-31 09:32:16,699.05,1324464
2021-05-31 09:32:17,699.4,1325496
2021-05-31 09:32:18,699.4,1325965
2021-05-31 09:32:19,699.0,1326025
2021-05-31 09:32:19,699.35,1326038
2021-05-31 09:32:20,699.0,1327903
2021-05-31 09:32:21,699.05,1328314
2021-05-31 09:32:22,699.2,1329579
2021-05-31 09:32:23,699.25,1330465
2021-05-31 09:32:25,698.65,1333087
2021-05-31 09:32:26,698.8,1333441
2021-05-31 09:32:26,698.8,1333441
2021-05-31 09:32:27,698.9,1333907
2021-05-31 09:32:28,698.9,1334109
2021-05-31 09:32:30,698.5,1335177
2021-05-31 09:32:31,698.45,1335454
2021-05-31 09:32:32,698.7,1335529
2021-05-31 09:32:33,698.8,1335682
2021-05-31 09:32:34,699.0,1336408
2021-05-31 09:32:34,698.85,1336158
2021-05-31 09:32:35,698.9,1337218
2021-05-31 09:32:37,699.0,1337632
2021-05-31 09:32:38,698.9,1338409
2021-05-31 09:32:39,698.9,1338685
2021-05-31 09:32:41,698.7,1339021
2021-05-31 09:32:41,698.7,1339021
2021-05-31 09:32:42,698.75,1339153
2021-05-31 09:32:43,699.0,1339345
2021-05-31 09:32:44,699.0,1339474
2021-05-31 09:32:46,698.9,1340081
2021-05-31 09:32:47,698.9,1340551
2021-05-31 09:32:48,698.9,1340555
2021-05-31 09:32:48,698.9,1340555
2021-05-31 09:32:49,698.9,1341835
2021-05-31 09:32:50,699.3,1346882
2021-05-31 09:32:52,698.95,1347115
2021-05-31 09:32:53,699.05,1347138
2021-05-31 09:32:54,699.1,1348833
2021-05-31 09:32:55,699.35,1349037
2021-05-31 09:32:55,699.4,1349048
2021-05-31 09:32:56,699.2,1352433
2021-05-31 09:32:57,699.9,1358505
2021-05-31 09:32:59,699.95,1361356
2021-05-31 09:33:00,699.65,1368126
2021-05-31 09:33:01,699.35,1368691
2021-05-31 09:33:01,699.35,1368691
2021-05-31 09:33:02,699.0,1371046
2021-05-31 09:33:03,699.25,1371203
2021-05-31 09:33:05,698.95,1371880
2021-05-31 09:33:06,698.95,1372785
2021-05-31 09:33:07,698.95,1373331
2021-05-31 09:33:08,699.0,1375571
2021-05-31 09:33:09,699.0,1378180
2021-05-31 09:33:10,699.2,1379704
2021-05-31 09:33:11,699.15,1380527
2021-05-31 09:33:12,699.25,1380562
2021-05-31 09:33:14,699.1,1380675
2021-05-31 09:33:15,699.45,1381197
2021-05-31 09:33:16,699.25,1381503
2021-05-31 09:33:17,699.15,1381762
2021-05-31 09:33:18,698.9,1382844
2021-05-31 09:33:19,699.2,1383028
2021-05-31 09:33:20,699.0,1385096
2021-05-31 09:33:21,698.85,1385152
2021-05-31 09:33:22,699.0,1385686
2021-05-31 09:33:22,699.0,1385686
2021-05-31 09:33:23,699.0,1386291
2021-05-31 09:33:24,698.7,1386508
2021-05-31 09:33:26,698.6,1391206
2021-05-31 09:33:27,698.65,1391261
2021-05-31 09:33:28,698.65,1391441
2021-05-31 09:33:29,698.55,1391600
2021-05-31 09:33:30,698.65,1392245
2021-05-31 09:33:30,698.25,1392195
2021-05-31 09:33:31,698.25,1392443
2021-05-31 09:33:32,698.65,1392768
2021-05-31 09:33:34,698.1,1393173
2021-05-31 09:33:35,697.8,1395890
2021-05-31 09:33:37,697.9,1397861
2021-05-31 09:33:36,697.75,1397713
2021-05-31 09:33:38,697.5,1398363
2021-05-31 09:33:38,697.5,1398363
2021-05-31 09:33:39,697.5,1399258
2021-05-31 09:33:40,697.8,1399331
2021-05-31 09:33:41,697.8,1399352
2021-05-31 09:33:42,697.4,1399662
2021-05-31 09:33:44,697.4,1400533
2021-05-31 09:33:45,697.35,1403065
2021-05-31 09:33:46,697.0,1403753
2021-05-31 09:33:47,697.35,1404296
2021-05-31 09:33:48,697.35,1405786
2021-05-31 09:33:48,697.0,1405794
2021-05-31 09:33:50,697.15,1408358
2021-05-31 09:33:52,697.1,1409917
2021-05-31 09:33:53,696.65,1410325
2021-05-31 09:33:54,696.6,1410551
2021-05-31 09:33:55,696.65,1411439
2021-05-31 09:33:55,696.65,1411439
2021-05-31 09:33:56,697.3,1411977
2021-05-31 09:33:58,697.15,1412548
2021-05-31 09:33:59,697.1,1412582
2021-05-31 09:34:00,697.3,1414538
2021-05-31 09:34:00,697.3,1414538
2021-05-31 09:34:02,697.4,1414956
2021-05-31 09:34:04,697.05,1415356
2021-05-31 09:34:05,697.0,1416952
2021-05-31 09:34:06,697.0,1417257
2021-05-31 09:34:07,697.0,1417875
2021-05-31 09:34:08,697.0,1418063
2021-05-31 09:34:09,697.0,1418118
2021-05-31 09:34:09,697.2,1418123
2021-05-31 09:34:10,697.2,1418126
2021-05-31 09:34:12,697.05,1418991
2021-05-31 09:34:13,697.2,1419216
2021-05-31 09:34:14,697.2,1419535
2021-05-31 09:34:14,697.05,1419565
2021-05-31 09:34:15,697.0,1419731
2021-05-31 09:34:17,696.75,1420821
2021-05-31 09:34:19,696.75,1421160
2021-05-31 09:34:20,697.0,1421505
2021-05-31 09:34:21,697.0,1421505
2021-05-31 09:34:22,696.75,1422008
2021-05-31 09:34:23,696.65,1422253
2021-05-31 09:34:24,696.95,1422405
2021-05-31 09:34:23,696.65,1422253
2021-05-31 09:34:25,696.65,1422630
2021-05-31 09:34:27,696.5,1423358
2021-05-31 09:34:28,696.3,1431408
2021-05-31 09:34:29,696.7,1433218
2021-05-31 09:34:29,696.7,1433218
2021-05-31 09:34:30,696.7,1433773
2021-05-31 09:34:31,697.75,1436020
2021-05-31 09:34:33,697.8,1436220
2021-05-31 09:34:34,697.5,1436420
2021-05-31 09:34:35,697.5,1436424
2021-05-31 09:34:36,697.0,1439817
2021-05-31 09:34:37,697.25,1439837
2021-05-31 09:34:38,697.05,1439897
2021-05-31 09:34:38,697.35,1439997
2021-05-31 09:34:39,697.35,1440158
2021-05-31 09:34:40,697.5,1440398
2021-05-31 09:34:42,697.1,1440758
2021-05-31 09:34:43,697.15,1440853
2021-05-31 09:34:44,697.1,1440996
2021-05-31 09:34:44,697.1,1440996
2021-05-31 09:34:46,697.1,1441858
2021-05-31 09:34:47,697.45,1442292
2021-05-31 09:34:48,697.05,1442411
2021-05-31 09:34:49,697.15,1442590
2021-05-31 09:34:49,697.15,1442590
2021-05-31 09:34:51,697.15,1442673
2021-05-31 09:34:52,697.45,1442893
2021-05-31 09:34:53,697.15,1442948
2021-05-31 09:34:54,697.35,1443098
2021-05-31 09:34:55,697.55,1443329
2021-05-31 09:34:56,697.55,1443604
2021-05-31 09:34:56,697.55,1443604
2021-05-31 09:34:58,697.8,1443687
2021-05-31 09:34:59,697.95,1444407
2021-05-31 09:35:01,697.75,1445834
2021-05-31 09:35:02,697.6,1446737
2021-05-31 09:35:03,697.65,1446787
2021-05-31 09:35:04,697.9,1447037
2021-05-31 09:35:05,697.9,1447447
2021-05-31 09:35:06,697.95,1447493
2021-05-31 09:35:06,697.95,1447493
2021-05-31 09:35:08,697.65,1449483
2021-05-31 09:35:09,697.05,1451359
2021-05-31 09:35:10,697.4,1451459
2021-05-31 09:35:11,697.05,1451789
2021-05-31 09:35:12,697.4,1451960
2021-05-31 09:35:12,697.4,1452063
2021-05-31 09:35:14,697.4,1452069
2021-05-31 09:35:15,696.95,1456328
2021-05-31 09:35:16,696.8,1456458
2021-05-31 09:35:17,697.05,1456996
2021-05-31 09:35:17,697.25,1456981
2021-05-31 09:35:18,696.8,1457326
2021-05-31 09:35:20,697.0,1457335
2021-05-31 09:35:21,696.5,1458185
2021-05-31 09:35:22,696.5,1458270
2021-05-31 09:35:23,696.6,1460504
2021-05-31 09:35:23,696.6,1460504
2021-05-31 09:35:25,696.55,1462108
2021-05-31 09:35:26,696.5,1462689
2021-05-31 09:35:27,696.5,1463524
2021-05-31 09:35:28,696.5,1463870
2021-05-31 09:35:29,696.2,1464195
2021-05-31 09:35:29,696.2,1464195
2021-05-31 09:35:31,696.4,1465959
2021-05-31 09:35:32,696.75,1466788
2021-05-31 09:35:33,696.75,1466799
2021-05-31 09:35:36,696.75,1467069
2021-05-31 09:35:37,696.75,1467069
2021-05-31 09:35:37,696.75,1467069
2021-05-31 09:35:39,696.55,1467072
2021-05-31 09:35:40,696.55,1467077
2021-05-31 09:35:41,696.5,1467098
2021-05-31 09:35:42,696.55,1467115
2021-05-31 09:35:43,696.5,1467150
2021-05-31 09:35:44,696.75,1467295
2021-05-31 09:35:45,696.75,1467305
2021-05-31 09:35:46,696.5,1467536
2021-05-31 09:35:47,696.4,1467941
2021-05-31 09:35:48,696.65,1467942
2021-05-31 09:35:49,696.5,1467992
2021-05-31 09:35:50,696.3,1468267
2021-05-31 09:35:51,696.5,1468377
2021-05-31 09:35:52,696.5,1468377
2021-05-31 09:35:53,696.7,1468601
2021-05-31 09:35:54,696.5,1468627
2021-05-31 09:35:55,696.5,1468664
2021-05-31 09:35:55,696.7,1468846
2021-05-31 09:35:56,696.3,1468877
2021-05-31 09:35:57,696.3,1469723
2021-05-31 09:35:59,696.3,1469745
2021-05-31 09:36:00,696.15,1469878
2021-05-31 09:36:01,696.15,1470205
2021-05-31 09:36:02,696.15,1470277
2021-05-31 09:36:03,696.1,1472025
2021-05-31 09:36:04,696.0,1474482
2021-05-31 09:36:05,695.6,1483848
2021-05-31 09:36:06,695.6,1483898
2021-05-31 09:36:07,695.6,1486254
2021-05-31 09:36:08,695.5,1490041
2021-05-31 09:36:09,695.55,1490599
2021-05-31 09:36:10,695.3,1495782
2021-05-31 09:36:11,695.1,1510871
2021-05-31 09:36:12,694.85,1515688
2021-05-31 09:36:14,695.1,1516227
2021-05-31 09:36:15,695.0,1516609
2021-05-31 09:36:16,695.1,1517389
2021-05-31 09:36:17,695.0,1517887
2021-05-31 09:36:18,695.0,1517997
2021-05-31 09:36:19,694.9,1518256
2021-05-31 09:36:20,695.1,1518314
2021-05-31 09:36:21,695.0,1518851
2021-05-31 09:36:22,695.0,1519768
2021-05-31 09:36:23,695.15,1519807
2021-05-31 09:36:24,695.0,1520372
2021-05-31 09:36:24,695.25,1520373
2021-05-31 09:36:25,695.1,1520403
2021-05-31 09:36:27,695.0,1521756
2021-05-31 09:36:29,695.45,1522909
2021-05-31 09:36:30,695.6,1523546
2021-05-31 09:36:31,695.65,1524947
2021-05-31 09:36:32,695.65,1526297
2021-05-31 09:36:32,695.65,1526297
2021-05-31 09:36:33,695.1,1526843
2021-05-31 09:36:34,695.25,1527079
2021-05-31 09:36:36,695.15,1528359
2021-05-31 09:36:37,695.6,1529089
2021-05-31 09:36:38,695.6,1529862
2021-05-31 09:36:39,695.2,1529962
2021-05-31 09:36:41,695.25,1530061
2021-05-31 09:36:42,695.5,1530878
2021-05-31 09:36:43,695.3,1530980
2021-05-31 09:36:44,695.3,1530980
2021-05-31 09:36:45,695.5,1531044
2021-05-31 09:36:46,695.5,1531078
2021-05-31 09:36:47,695.7,1531510
2021-05-31 09:36:48,695.75,1531810
2021-05-31 09:36:49,695.6,1532551
2021-05-31 09:36:51,695.55,1533701
2021-05-31 09:36:52,695.65,1533844
2021-05-31 09:36:53,695.65,1534131
2021-05-31 09:36:54,695.3,1534391
2021-05-31 09:36:55,695.3,1534486
2021-05-31 09:36:56,695.25,1535104
2021-05-31 09:36:57,695.3,1536638
2021-05-31 09:36:58,695.3,1536658
2021-05-31 09:36:59,695.6,1536758
2021-05-31 09:37:00,695.4,1536916
2021-05-31 09:37:01,695.4,1536916
2021-05-31 09:37:02,695.4,1537020
2021-05-31 09:37:03,695.5,1537270
2021-05-31 09:37:04,695.0,1543298
2021-05-31 09:37:05,695.15,1543404
2021-05-31 09:37:06,695.3,1544144
2021-05-31 09:37:07,695.0,1544167
2021-05-31 09:37:08,695.0,1544254
2021-05-31 09:37:09,695.0,1545256
2021-05-31 09:37:10,694.95,1550742
2021-05-31 09:37:11,694.65,1552462
2021-05-31 09:37:12,694.65,1552499
2021-05-31 09:37:13,694.6,1552602
2021-05-31 09:37:14,694.8,1552607
2021-05-31 09:37:15,694.85,1555747
2021-05-31 09:37:16,694.95,1556078
2021-05-31 09:37:17,694.8,1556130
2021-05-31 09:37:18,694.6,1556263
2021-05-31 09:37:19,694.6,1556323
2021-05-31 09:37:21,695.0,1556593
2021-05-31 09:37:22,695.0,1557558
2021-05-31 09:37:23,694.65,1557643
2021-05-31 09:37:24,694.8,1557743
2021-05-31 09:37:25,694.8,1557803
2021-05-31 09:37:26,695.15,1560319
2021-05-31 09:37:27,695.1,1560606
2021-05-31 09:37:28,695.25,1560958
2021-05-31 09:37:29,695.25,1561338
2021-05-31 09:37:30,695.8,1562311
2021-05-31 09:37:31,695.5,1562511
2021-05-31 09:37:32,695.55,1562565
2021-05-31 09:37:33,695.3,1562688
2021-05-31 09:37:34,695.3,1562690
2021-05-31 09:37:35,695.25,1562990
2021-05-31 09:37:36,695.65,1563018
2021-05-31 09:37:37,695.3,1563039
2021-05-31 09:37:38,695.3,1563044
2021-05-31 09:37:39,695.3,1563044
2021-05-31 09:37:40,695.65,1563067
2021-05-31 09:37:41,695.65,1563082
2021-05-31 09:37:42,695.75,1563157
2021-05-31 09:37:43,695.3,1564280
2021-05-31 09:37:44,695.0,1564714
2021-05-31 09:37:46,695.25,1564985
2021-05-31 09:37:45,695.25,1564985
2021-05-31 09:37:47,695.25,1565495
2021-05-31 09:37:48,695.25,1565535
2021-05-31 09:37:49,695.25,1565540
2021-05-31 09:37:50,695.3,1565671
2021-05-31 09:37:51,695.3,1565896
2021-05-31 09:37:52,695.3,1565996
2021-05-31 09:37:54,695.3,1566083
2021-05-31 09:37:55,695.2,1566127
2021-05-31 09:37:56,695.2,1566578
2021-05-31 09:37:57,695.2,1566578
2021-05-31 09:37:58,695.5,1566665
2021-05-31 09:37:59,695.5,1566716
2021-05-31 09:38:00,695.2,1567066
2021-05-31 09:38:01,695.5,1567168
2021-05-31 09:38:02,695.5,1567218
2021-05-31 09:38:03,695.5,1567321
2021-05-31 09:38:04,695.5,1567421
2021-05-31 09:38:05,695.2,1567545
2021-05-31 09:38:06,695.2,1568592
2021-05-31 09:38:07,695.25,1568932
2021-05-31 09:38:08,695.05,1569386
2021-05-31 09:38:09,695.15,1569478
2021-05-31 09:38:10,695.2,1569677
2021-05-31 09:38:11,695.0,1569682
2021-05-31 09:38:12,695.15,1569713
2021-05-31 09:38:13,695.15,1569713
2021-05-31 09:38:14,695.0,1570263
2021-05-31 09:38:15,695.0,1570263
2021-05-31 09:38:16,695.0,1570300
2021-05-31 09:38:17,695.2,1570428
2021-05-31 09:38:18,695.0,1570472
2021-05-31 09:38:19,695.0,1570473
2021-05-31 09:38:20,695.0,1570506
2021-05-31 09:38:21,695.0,1570506
2021-05-31 09:38:22,695.0,1570536
2021-05-31 09:38:23,695.0,1570688
2021-05-31 09:38:24,695.2,1570689
2021-05-31 09:38:25,695.2,1570694
2021-05-31 09:38:26,695.15,1570766
2021-05-31 09:38:27,695.15,1570766
2021-05-31 09:38:28,695.15,1570776
2021-05-31 09:38:29,695.15,1570988
2021-05-31 09:38:30,695.15,1571091
2021-05-31 09:38:32,695.15,1571127
2021-05-31 09:38:31,695.15,1571127
2021-05-31 09:38:33,695.2,1571277
2021-05-31 09:38:34,695.0,1571424
2021-05-31 09:38:35,695.0,1571633
2021-05-31 09:38:36,695.0,1571633
2021-05-31 09:38:37,695.0,1572133
2021-05-31 09:38:38,695.15,1572683
2021-05-31 09:38:39,694.8,1581132
2021-05-31 09:38:40,694.85,1581285
2021-05-31 09:38:41,694.8,1583604
2021-05-31 09:38:42,694.8,1583672
2021-05-31 09:38:43,694.8,1583672
2021-05-31 09:38:44,694.8,1583819
2021-05-31 09:38:45,694.8,1583894
2021-05-31 09:38:46,695.0,1584844
2021-05-31 09:38:47,695.0,1584867
2021-05-31 09:38:48,695.0,1584867
2021-05-31 09:38:49,695.0,1584897
2021-05-31 09:38:50,695.0,1584897
2021-05-31 09:38:51,695.0,1584898
2021-05-31 09:38:52,694.8,1584908
2021-05-31 09:38:53,694.8,1585358
2021-05-31 09:38:54,694.8,1585358
2021-05-31 09:38:55,694.8,1585471
2021-05-31 09:38:56,694.8,1585771
2021-05-31 09:38:57,694.8,1586672
2021-05-31 09:38:58,694.95,1586713
2021-05-31 09:38:59,694.85,1586783
2021-05-31 09:39:00,694.85,1586783
2021-05-31 09:39:02,694.8,1587213
2021-05-31 09:39:02,694.9,1587313
2021-05-31 09:39:03,694.65,1587714
2021-05-31 09:39:05,694.95,1588329
2021-05-31 09:39:06,694.65,1588429
2021-05-31 09:39:07,694.8,1588499
2021-05-31 09:39:09,694.8,1588700
2021-05-31 09:39:09,694.8,1588700
2021-05-31 09:39:10,694.65,1588740
2021-05-31 09:39:11,694.65,1588798
2021-05-31 09:39:12,694.65,1588873
2021-05-31 09:39:14,694.65,1588873
2021-05-31 09:39:14,694.65,1588873
2021-05-31 09:39:15,694.7,1588974
2021-05-31 09:39:16,694.85,1590048
2021-05-31 09:39:17,694.85,1590060
2021-05-31 09:39:18,694.8,1590212
2021-05-31 09:39:19,694.85,1590240
2021-05-31 09:39:21,694.85,1590371
2021-05-31 09:39:22,694.85,1591421
2021-05-31 09:39:23,694.75,1591479
2021-05-31 09:39:24,694.75,1591490
2021-05-31 09:39:26,694.85,1591746
2021-05-31 09:39:26,695.0,1596660
2021-05-31 09:39:27,694.95,1596760
2021-05-31 09:39:28,694.9,1597518
2021-05-31 09:39:29,695.0,1597600
2021-05-31 09:39:31,694.9,1597601
2021-05-31 09:39:31,694.9,1597601
2021-05-31 09:39:32,694.9,1597614
2021-05-31 09:39:33,694.9,1597614
2021-05-31 09:39:34,695.0,1597681
2021-05-31 09:39:35,695.0,1597689
2021-05-31 09:39:36,695.0,1598194
2021-05-31 09:39:38,694.9,1599009
2021-05-31 09:39:39,694.9,1599136
2021-05-31 09:39:39,695.0,1599135
2021-05-31 09:39:40,694.9,1599193
2021-05-31 09:39:42,695.0,1599333
2021-05-31 09:39:43,694.95,1600824
2021-05-31 09:39:45,694.85,1600884
2021-05-31 09:39:45,694.85,1600884
2021-05-31 09:39:46,694.45,1611995
2021-05-31 09:39:47,694.7,1612169
2021-05-31 09:39:48,694.7,1612224
2021-05-31 09:39:49,694.5,1612484
2021-05-31 09:39:50,694.5,1612489
2021-05-31 09:39:52,694.8,1612664
2021-05-31 09:39:52,694.8,1612664
2021-05-31 09:39:53,694.8,1612818
2021-05-31 09:39:54,694.8,1612824
2021-05-31 09:39:55,694.55,1612842
2021-05-31 09:39:56,694.55,1612842
2021-05-31 09:39:57,694.8,1612879
2021-05-31 09:39:58,694.8,1612882
2021-05-31 09:40:00,694.8,1613450
2021-05-31 09:40:00,694.8,1613450
2021-05-31 09:40:01,694.8,1613554
2021-05-31 09:40:03,694.8,1613651
2021-05-31 09:40:04,694.8,1613731
2021-05-31 09:40:06,694.8,1614432
2021-05-31 09:40:06,694.8,1615125
2021-05-31 09:40:07,694.8,1615125
2021-05-31 09:40:08,694.8,1615125
2021-05-31 09:40:09,694.9,1615434
2021-05-31 09:40:10,694.95,1616020
2021-05-31 09:40:11,694.8,1616320
2021-05-31 09:40:13,694.8,1618240
2021-05-31 09:40:13,695.0,1617420
2021-05-31 09:40:14,694.8,1618375
2021-05-31 09:40:15,694.95,1618444
2021-05-31 09:40:16,694.8,1618559
2021-05-31 09:40:18,694.55,1621362
2021-05-31 09:40:18,694.55,1621362
2021-05-31 09:40:19,694.0,1634023
2021-05-31 09:40:20,694.1,1634054
2021-05-31 09:40:22,694.2,1635094
2021-05-31 09:40:24,694.05,1635344
2021-05-31 09:40:24,694.05,1635344
2021-05-31 09:40:25,694.1,1635361
2021-05-31 09:40:27,694.35,1637270
2021-05-31 09:40:29,694.55,1639136
2021-05-31 09:40:29,694.15,1639153
2021-05-31 09:40:30,694.25,1639273
2021-05-31 09:40:31,694.7,1640382
2021-05-31 09:40:32,694.45,1640447
2021-05-31 09:40:33,694.4,1641566
2021-05-31 09:40:34,694.5,1641815
2021-05-31 09:40:35,694.75,1643770
2021-05-31 09:40:37,694.75,1643967
2021-05-31 09:40:38,694.7,1645008
2021-05-31 09:40:38,694.7,1645008
2021-05-31 09:40:39,695.0,1645018
2021-05-31 09:40:40,694.7,1645603
2021-05-31 09:40:41,694.75,1645618
2021-05-31 09:40:42,695.0,1646875
2021-05-31 09:40:43,695.25,1650229
2021-05-31 09:40:44,695.0,1650599
2021-05-31 09:40:45,694.95,1650712
2021-05-31 09:40:46,695.05,1651068
2021-05-31 09:40:48,695.0,1651123
2021-05-31 09:40:48,695.0,1651131
2021-05-31 09:40:49,695.4,1651881
2021-05-31 09:40:50,695.5,1652037
2021-05-31 09:40:51,695.25,1652962
2021-05-31 09:40:52,695.6,1652974
2021-05-31 09:40:53,695.55,1652984
2021-05-31 09:40:54,695.15,1654084
2021-05-31 09:40:55,695.55,1654334
2021-05-31 09:40:56,695.15,1654364
2021-05-31 09:40:57,695.0,1654460
2021-05-31 09:40:58,695.55,1655260
2021-05-31 09:40:59,695.5,1655300
2021-05-31 09:41:01,695.5,1655300
2021-05-31 09:41:01,695.5,1655300
2021-05-31 09:41:02,695.55,1655654
2021-05-31 09:41:03,695.4,1655914
2021-05-31 09:41:04,695.55,1655934
2021-05-31 09:41:05,695.55,1655940
2021-05-31 09:41:06,695.4,1655956
2021-05-31 09:41:08,695.5,1656252
2021-05-31 09:41:09,695.6,1656471
2021-05-31 09:41:11,695.35,1656539
2021-05-31 09:41:11,695.35,1656539
2021-05-31 09:41:12,695.6,1656639
2021-05-31 09:41:13,694.7,1659196
2021-05-31 09:41:14,694.7,1659281
2021-05-31 09:41:15,694.6,1659336
2021-05-31 09:41:16,694.8,1659901
2021-05-31 09:41:18,694.75,1659917
2021-05-31 09:41:19,694.75,1659937
2021-05-31 09:41:20,694.6,1660655
2021-05-31 09:41:21,694.6,1660714
2021-05-31 09:41:21,694.9,1660764
2021-05-31 09:41:22,694.9,1660920
2021-05-31 09:41:24,694.6,1661211
2021-05-31 09:41:25,694.95,1661336
2021-05-31 09:41:25,694.95,1661436
2021-05-31 09:41:26,694.75,1661456
2021-05-31 09:41:27,694.75,1661456
2021-05-31 09:41:28,694.6,1661468
2021-05-31 09:41:29,694.6,1661476
2021-05-31 09:41:31,695.05,1661722
2021-05-31 09:41:32,695.1,1662227
2021-05-31 09:41:32,695.1,1662227
2021-05-31 09:41:33,695.1,1662237
2021-05-31 09:41:34,694.9,1662907
2021-05-31 09:41:35,694.9,1663007
2021-05-31 09:41:36,695.05,1663607
2021-05-31 09:41:38,694.8,1663628
2021-05-31 09:41:39,694.9,1663632
2021-05-31 09:41:40,694.9,1663651
2021-05-31 09:41:41,695.0,1664151
2021-05-31 09:41:41,694.9,1664166
2021-05-31 09:41:42,694.8,1664170
2021-05-31 09:41:43,694.6,1666391
2021-05-31 09:41:44,694.5,1666392
2021-05-31 09:41:46,694.6,1668380
2021-05-31 09:41:47,694.6,1668540
2021-05-31 09:41:47,694.3,1668555
2021-05-31 09:41:49,694.75,1668623
2021-05-31 09:41:50,694.75,1668806
2021-05-31 09:41:51,694.75,1668826
2021-05-31 09:41:52,694.5,1669022
2021-05-31 09:41:53,694.45,1669147
2021-05-31 09:41:54,694.45,1669147
2021-05-31 09:41:55,694.4,1669177
2021-05-31 09:41:56,694.3,1669190
2021-05-31 09:41:57,694.5,1669213
2021-05-31 09:41:58,694.5,1669230
2021-05-31 09:41:59,694.65,1669495
2021-05-31 09:41:59,694.35,1669480
2021-05-31 09:42:00,694.65,1670348
2021-05-31 09:42:01,694.35,1670649
2021-05-31 09:42:02,694.5,1670674
2021-05-31 09:42:03,694.65,1671304
2021-05-31 09:42:04,694.55,1671320
2021-05-31 09:42:06,694.4,1674380
2021-05-31 09:42:07,694.3,1674633
2021-05-31 09:42:10,694.4,1674789
2021-05-31 09:42:11,694.5,1674989
2021-05-31 09:42:11,694.5,1674989
2021-05-31 09:42:12,694.35,1675013
2021-05-31 09:42:13,694.35,1675068
2021-05-31 09:42:14,694.65,1676073
2021-05-31 09:42:15,694.35,1679655
2021-05-31 09:42:16,694.6,1679661
2021-05-31 09:42:17,694.35,1679694
2021-05-31 09:42:19,694.3,1680407
2021-05-31 09:42:20,694.6,1680429
2021-05-31 09:42:21,694.35,1680688
2021-05-31 09:42:22,694.3,1681224
2021-05-31 09:42:23,694.4,1681258
2021-05-31 09:42:23,694.4,1681258
2021-05-31 09:42:24,694.4,1681278
2021-05-31 09:42:25,694.2,1685723
2021-05-31 09:42:26,694.1,1685812
2021-05-31 09:42:27,693.55,1704058
2021-05-31 09:42:28,693.75,1704158
2021-05-31 09:42:29,693.75,1704784
2021-05-31 09:42:31,693.5,1704891
2021-05-31 09:42:32,693.75,1705319
2021-05-31 09:42:33,693.75,1705834
2021-05-31 09:42:33,693.75,1705839
2021-05-31 09:42:34,693.8,1705844
2021-05-31 09:42:35,693.75,1706044
2021-05-31 09:42:36,693.6,1706129
2021-05-31 09:42:37,693.6,1706253
2021-05-31 09:42:38,693.75,1707768
2021-05-31 09:42:39,693.75,1707986
2021-05-31 09:42:40,693.5,1708091
2021-05-31 09:42:42,693.5,1708344
2021-05-31 09:42:43,693.5,1708574
2021-05-31 09:42:44,693.7,1708774
2021-05-31 09:42:45,693.7,1708947
2021-05-31 09:42:45,693.7,1708947
2021-05-31 09:42:46,693.5,1708989
2021-05-31 09:42:47,693.75,1709071
2021-05-31 09:42:48,693.9,1709275
2021-05-31 09:42:50,693.85,1709305
2021-05-31 09:42:51,693.85,1709305
2021-05-31 09:42:51,693.75,1709330
2021-05-31 09:42:52,693.75,1709340
2021-05-31 09:42:53,693.8,1710862
2021-05-31 09:42:54,693.35,1714561
2021-05-31 09:42:55,693.5,1717692
2021-05-31 09:42:56,693.2,1717776
2021-05-31 09:42:57,693.45,1717888
2021-05-31 09:42:59,693.05,1718418
2021-05-31 09:43:00,693.45,1718633
2021-05-31 09:43:00,693.1,1718739
2021-05-31 09:43:02,693.4,1718862
2021-05-31 09:43:03,693.0,1724182
2021-05-31 09:43:03,693.0,1724182
2021-05-31 09:43:04,693.3,1724542
2021-05-31 09:43:05,693.0,1725107
2021-05-31 09:43:06,693.35,1725441
2021-05-31 09:43:08,693.0,1725592
2021-05-31 09:43:09,693.2,1727170
2021-05-31 09:43:10,693.3,1727441
2021-05-31 09:43:10,693.3,1727396
2021-05-31 09:43:11,693.3,1727850
2021-05-31 09:43:12,693.2,1740168
2021-05-31 09:43:13,693.3,1740713
2021-05-31 09:43:14,693.25,1740811
2021-05-31 09:43:15,693.2,1740916
2021-05-31 09:43:16,693.2,1740941
2021-05-31 09:43:18,693.2,1741166
2021-05-31 09:43:19,693.2,1741307
2021-05-31 09:43:20,693.35,1741819
2021-05-31 09:43:20,693.35,1741819
2021-05-31 09:43:21,693.35,1741819
2021-05-31 09:43:22,693.25,1744972
2021-05-31 09:43:23,693.2,1745678
2021-05-31 09:43:25,693.3,1745912
2021-05-31 09:43:26,693.5,1746015
2021-05-31 09:43:27,693.15,1746434
2021-05-31 09:43:28,693.05,1746869
2021-05-31 09:43:29,693.05,1748834
2021-05-31 09:43:30,693.0,1749263
2021-05-31 09:43:30,693.0,1749263
2021-05-31 09:43:31,693.0,1749263
2021-05-31 09:43:32,693.2,1749645
2021-05-31 09:43:33,693.25,1749646
2021-05-31 09:43:35,693.2,1750247
2021-05-31 09:43:36,693.35,1750521
2021-05-31 09:43:37,693.2,1750544
2021-05-31 09:43:38,693.15,1751602
2021-05-31 09:43:39,693.25,1751763
2021-05-31 09:43:40,693.05,1751925
2021-05-31 09:43:41,693.0,1752616
2021-05-31 09:43:42,693.05,1752785
2021-05-31 09:43:44,692.85,1762935
2021-05-31 09:43:44,692.85,1762935
2021-05-31 09:43:45,692.85,1763014
2021-05-31 09:43:46,693.0,1763514
2021-05-31 09:43:47,693.05,1763524
2021-05-31 09:43:48,693.0,1763604
2021-05-31 09:43:49,693.0,1763769
2021-05-31 09:43:51,692.9,1764100
2021-05-31 09:43:52,693.0,1764200
2021-05-31 09:43:53,693.0,1764565
2021-05-31 09:43:54,693.05,1764665
2021-05-31 09:43:55,692.9,1764834
2021-05-31 09:43:57,693.0,1765947
2021-05-31 09:43:58,692.85,1766055
2021-05-31 09:43:59,692.85,1766055
2021-05-31 09:43:59,692.85,1766055
2021-05-31 09:44:00,692.7,1767887
2021-05-31 09:44:01,692.9,1767902
2021-05-31 09:44:02,693.0,1768687
2021-05-31 09:44:03,692.7,1769287
2021-05-31 09:44:05,693.0,1769380
2021-05-31 09:44:06,693.0,1771034
2021-05-31 09:44:07,692.75,1771084
2021-05-31 09:44:08,692.75,1771109
2021-05-31 09:44:08,692.75,1771109
2021-05-31 09:44:09,692.7,1771349
2021-05-31 09:44:10,692.7,1772053
2021-05-31 09:44:11,692.85,1772088
2021-05-31 09:44:12,692.85,1772088
2021-05-31 09:44:13,692.7,1772218
2021-05-31 09:44:14,692.85,1772572
2021-05-31 09:44:16,692.7,1773009
2021-05-31 09:44:17,692.7,1773145
2021-05-31 09:44:18,692.9,1774085
2021-05-31 09:44:19,693.45,1783686
2021-05-31 09:44:20,693.4,1783886
2021-05-31 09:44:21,693.5,1783903
2021-05-31 09:44:22,693.9,1783979
2021-05-31 09:44:24,693.95,1784109
2021-05-31 09:44:24,693.55,1784189
2021-05-31 09:44:25,693.9,1784244
2021-05-31 09:44:26,694.0,1785033
2021-05-31 09:44:27,694.0,1785053
2021-05-31 09:44:28,693.95,1785353
2021-05-31 09:44:30,693.5,1786754
2021-05-31 09:44:31,693.55,1786948
2021-05-31 09:44:32,693.9,1787186
2021-05-31 09:44:33,693.75,1788144
2021-05-31 09:44:34,693.7,1788154
2021-05-31 09:44:35,693.45,1788207
2021-05-31 09:44:36,693.3,1789382
2021-05-31 09:44:37,693.4,1790391
2021-05-31 09:44:38,693.1,1791094
2021-05-31 09:44:39,693.5,1791459
2021-05-31 09:44:40,693.2,1791511
2021-05-31 09:44:40,693.2,1791511
2021-05-31 09:44:41,693.5,1791676
2021-05-31 09:44:42,693.5,1792645
2021-05-31 09:44:43,693.15,1792675
2021-05-31 09:44:45,693.6,1793381
2021-05-31 09:44:46,693.5,1793483
2021-05-31 09:44:47,693.45,1794084
2021-05-31 09:44:48,693.55,1794124
2021-05-31 09:44:49,693.5,1794127
2021-05-31 09:44:49,693.55,1794137
2021-05-31 09:44:50,693.5,1794197
2021-05-31 09:44:51,693.55,1795005
2021-05-31 09:44:54,693.55,1795160
2021-05-31 09:44:55,693.55,1795180
2021-05-31 09:44:56,693.55,1795300
2021-05-31 09:44:58,693.5,1795318
2021-05-31 09:44:59,693.85,1795791
2021-05-31 09:45:00,693.85,1795986
2021-05-31 09:45:01,693.8,1796008
2021-05-31 09:45:02,693.85,1796159
2021-05-31 09:45:03,693.55,1796202
2021-05-31 09:45:04,694.0,1796378
2021-05-31 09:45:05,693.9,1796587
2021-05-31 09:45:06,694.0,1798007
2021-05-31 09:45:07,694.2,1798023
2021-05-31 09:45:08,694.2,1798023
2021-05-31 09:45:09,694.15,1798053
2021-05-31 09:45:10,694.15,1798053
2021-05-31 09:45:11,694.15,1798054
2021-05-31 09:45:12,694.0,1798225
2021-05-31 09:45:12,694.3,1798227
2021-05-31 09:45:13,694.0,1798596
2021-05-31 09:45:14,694.05,1798656
2021-05-31 09:45:15,694.05,1798681
2021-05-31 09:45:17,694.3,1799329
2021-05-31 09:45:18,694.0,1799419
2021-05-31 09:45:19,694.2,1799420
2021-05-31 09:45:20,694.05,1800459
2021-05-31 09:45:21,694.3,1801700
2021-05-31 09:45:22,694.1,1801720
2021-05-31 09:45:23,694.1,1801880
2021-05-31 09:45:23,694.1,1801880
2021-05-31 09:45:24,694.5,1801980
2021-05-31 09:45:27,694.3,1809574
2021-05-31 09:45:29,694.7,1810662
2021-05-31 09:45:30,694.7,1810662
2021-05-31 09:45:31,694.3,1813993
2021-05-31 09:45:32,694.3,1813993
2021-05-31 09:45:33,693.5,1819188
2021-05-31 09:45:33,693.5,1819188
2021-05-31 09:45:34,693.5,1819188
2021-05-31 09:45:36,693.4,1819948
2021-05-31 09:45:37,693.1,1821119
2021-05-31 09:45:38,693.1,1821310
2021-05-31 09:45:39,692.75,1825951
2021-05-31 09:45:40,693.0,1826288
2021-05-31 09:45:40,692.7,1826285
2021-05-31 09:45:42,692.7,1826652
2021-05-31 09:45:43,692.7,1826672
2021-05-31 09:45:44,692.7,1826746
2021-05-31 09:45:45,692.9,1827611
2021-05-31 09:45:46,693.2,1827618
2021-05-31 09:45:47,693.2,1827638
2021-05-31 09:45:48,692.85,1827646
2021-05-31 09:45:49,693.15,1827746
2021-05-31 09:45:50,693.15,1827757
2021-05-31 09:45:51,693.15,1827757
2021-05-31 09:45:52,693.3,1828158
2021-05-31 09:45:53,693.3,1828487
2021-05-31 09:45:53,693.3,1828531
2021-05-31 09:45:55,693.3,1828531
2021-05-31 09:45:56,693.5,1828542
2021-05-31 09:45:57,693.5,1828542
2021-05-31 09:45:58,693.5,1829058
2021-05-31 09:45:59,693.5,1829058
2021-05-31 09:46:00,693.2,1829443
2021-05-31 09:46:01,693.2,1829536
2021-05-31 09:46:02,693.0,1831370
2021-05-31 09:46:03,693.25,1831376
2021-05-31 09:46:04,693.25,1831376
2021-05-31 09:46:05,693.2,1831380
2021-05-31 09:46:06,693.25,1831482
2021-05-31 09:46:07,693.0,1831612
2021-05-31 09:46:07,693.25,1831657
2021-05-31 09:46:08,693.25,1831688
2021-05-31 09:46:09,693.0,1831866
2021-05-31 09:46:10,693.0,1838236
2021-05-31 09:46:12,693.0,1838499
2021-05-31 09:46:13,692.7,1838587
2021-05-31 09:46:14,692.7,1838591
2021-05-31 09:46:15,692.7,1838734
2021-05-31 09:46:16,692.85,1838985
2021-05-31 09:46:17,692.85,1839015
2021-05-31 09:46:18,692.85,1839125
2021-05-31 09:46:19,692.7,1839325
2021-05-31 09:46:19,692.7,1839335
2021-05-31 09:46:20,692.7,1839337
2021-05-31 09:46:21,692.75,1839497
2021-05-31 09:46:23,692.7,1839725
2021-05-31 09:46:24,692.7,1840025
2021-05-31 09:46:25,692.85,1840551
2021-05-31 09:46:26,692.85,1840553
2021-05-31 09:46:27,692.7,1840798
2021-05-31 09:46:28,692.2,1845315
2021-05-31 09:46:29,692.2,1845438
2021-05-31 09:46:30,692.25,1845969
2021-05-31 09:46:31,692.25,1846069
2021-05-31 09:46:32,692.05,1847179
2021-05-31 09:46:32,692.05,1847179
2021-05-31 09:46:33,692.05,1847204
2021-05-31 09:46:35,692.05,1847594
2021-05-31 09:46:36,692.0,1850685
2021-05-31 09:46:38,692.75,1853032
2021-05-31 09:46:39,692.2,1853430
2021-05-31 09:46:39,692.2,1853430
2021-05-31 09:46:40,692.2,1853530
2021-05-31 09:46:42,692.7,1853665
2021-05-31 09:46:43,692.4,1855016
2021-05-31 09:46:44,692.4,1855336
2021-05-31 09:46:45,692.45,1855471
2021-05-31 09:46:46,692.45,1855572
2021-05-31 09:46:47,692.55,1855779
2021-05-31 09:46:47,692.55,1855779
2021-05-31 09:46:49,692.25,1855791
2021-05-31 09:46:50,692.55,1856095
2021-05-31 09:46:51,692.55,1856993
2021-05-31 09:46:52,692.6,1858330
2021-05-31 09:46:53,692.5,1859650
2021-05-31 09:46:53,692.5,1859651
2021-05-31 09:46:54,692.55,1859658
2021-05-31 09:46:56,692.9,1860022
2021-05-31 09:46:57,692.5,1860117
2021-05-31 09:46:58,692.9,1861342
2021-05-31 09:46:59,692.85,1861487
2021-05-31 09:47:00,692.9,1862936
2021-05-31 09:47:01,692.75,1863656
2021-05-31 09:47:02,692.75,1863681
2021-05-31 09:47:03,692.55,1864032
2021-05-31 09:47:03,692.55,1864032
2021-05-31 09:47:04,692.55,1864132
2021-05-31 09:47:06,693.0,1864210
2021-05-31 09:47:07,693.0,1864210
2021-05-31 09:47:08,692.75,1864385
2021-05-31 09:47:09,692.85,1864971
2021-05-31 09:47:10,692.95,1865001
2021-05-31 09:47:10,692.95,1865001
2021-05-31 09:47:12,692.6,1865151
2021-05-31 09:47:13,692.65,1865153
2021-05-31 09:47:14,692.85,1865164
2021-05-31 09:47:15,692.95,1865214
2021-05-31 09:47:16,692.55,1865747
2021-05-31 09:47:16,692.55,1865750
2021-05-31 09:47:17,692.85,1865809
2021-05-31 09:47:18,692.65,1865866
2021-05-31 09:47:19,692.65,1865866
2021-05-31 09:47:20,692.95,1865867
2021-05-31 09:47:22,692.9,1866025
2021-05-31 09:47:23,692.55,1866145
2021-05-31 09:47:24,692.5,1866924
2021-05-31 09:47:26,692.75,1867131
2021-05-31 09:47:27,692.8,1867133
2021-05-31 09:47:29,692.75,1867918
2021-05-31 09:47:30,692.5,1868150
2021-05-31 09:47:31,692.5,1868150
2021-05-31 09:47:32,692.65,1868257
2021-05-31 09:47:33,692.75,1868372
2021-05-31 09:47:34,692.75,1868372
2021-05-31 09:47:35,692.75,1868372
2021-05-31 09:47:36,692.9,1868754
2021-05-31 09:47:37,692.9,1869094
2021-05-31 09:47:38,692.65,1869299
2021-05-31 09:47:39,693.0,1869360
2021-05-31 09:47:40,692.75,1869361
2021-05-31 09:47:41,692.55,1870361
2021-05-31 09:47:42,692.5,1871421
2021-05-31 09:47:43,692.5,1871522
2021-05-31 09:47:44,693.0,1873522
2021-05-31 09:47:45,692.9,1874622
2021-05-31 09:47:46,692.5,1875022
2021-05-31 09:47:47,692.55,1875025
2021-05-31 09:47:48,692.55,1875029
2021-05-31 09:47:49,692.6,1875040
2021-05-31 09:47:50,692.55,1875046
2021-05-31 09:47:51,692.75,1877031
2021-05-31 09:47:52,692.75,1877031
2021-05-31 09:47:53,692.7,1877209
2021-05-31 09:47:54,692.5,1877397
2021-05-31 09:47:55,692.5,1877452
2021-05-31 09:47:56,692.85,1877506
2021-05-31 09:47:57,692.85,1877536
2021-05-31 09:47:58,692.5,1878395
2021-05-31 09:47:59,692.85,1878447
2021-05-31 09:48:00,692.85,1878464
2021-05-31 09:48:01,692.5,1878564
2021-05-31 09:48:02,692.8,1878650
2021-05-31 09:48:03,692.5,1878730
2021-05-31 09:48:04,692.5,1878982
2021-05-31 09:48:05,692.5,1879407
2021-05-31 09:48:06,692.5,1880116
2021-05-31 09:48:07,692.5,1880516
2021-05-31 09:48:08,692.5,1880621
2021-05-31 09:48:09,692.8,1880732
2021-05-31 09:48:10,692.8,1880780
2021-05-31 09:48:11,692.5,1881030
2021-05-31 09:48:12,692.55,1881038
2021-05-31 09:48:13,692.55,1881038
2021-05-31 09:48:14,692.8,1881889
2021-05-31 09:48:15,693.0,1883071
2021-05-31 09:48:16,693.0,1883071
2021-05-31 09:48:17,693.0,1883071
2021-05-31 09:48:18,693.0,1883071
2021-05-31 09:48:19,692.8,1884072
2021-05-31 09:48:20,693.0,1884432
2021-05-31 09:48:21,693.0,1884432
2021-05-31 09:48:22,692.75,1884937
2021-05-31 09:48:23,692.75,1884967
2021-05-31 09:48:24,693.0,1884969
2021-05-31 09:48:25,692.75,1885080
2021-05-31 09:48:26,693.0,1885243
2021-05-31 09:48:27,692.7,1885867
2021-05-31 09:48:28,692.65,1887081
2021-05-31 09:48:29,692.65,1887397
2021-05-31 09:48:30,693.0,1887687
2021-05-31 09:48:31,693.0,1887708
2021-05-31 09:48:32,693.0,1887820
2021-05-31 09:48:33,692.8,1887825
2021-05-31 09:48:34,692.8,1887825
2021-05-31 09:48:35,692.8,1887825
2021-05-31 09:48:36,693.0,1888328
2021-05-31 09:48:37,692.8,1888863
2021-05-31 09:48:38,692.55,1889288
2021-05-31 09:48:39,692.75,1892019
2021-05-31 09:48:40,692.5,1896875
2021-05-31 09:48:41,692.45,1897046
2021-05-31 09:48:43,692.5,1897562
2021-05-31 09:48:42,692.5,1897562
2021-05-31 09:48:44,692.5,1898832
2021-05-31 09:48:45,692.5,1898837
2021-05-31 09:48:46,692.5,1899156
2021-05-31 09:48:47,692.2,1899208
2021-05-31 09:48:48,692.2,1899446
2021-05-31 09:48:49,692.55,1899462
2021-05-31 09:48:50,692.55,1899702
2021-05-31 09:48:51,692.5,1899719
2021-05-31 09:48:52,692.5,1899719
2021-05-31 09:48:53,692.5,1899989
2021-05-31 09:48:54,692.5,1900103
2021-05-31 09:48:55,692.5,1900653
2021-05-31 09:48:56,692.55,1900658
2021-05-31 09:48:57,692.55,1900658
2021-05-31 09:48:58,692.65,1900659
2021-05-31 09:48:59,692.65,1900685
2021-05-31 09:49:00,692.5,1901029
2021-05-31 09:49:01,692.65,1901572
2021-05-31 09:49:02,692.65,1901572
2021-05-31 09:49:03,692.65,1901572
2021-05-31 09:49:04,692.55,1902072
2021-05-31 09:49:06,692.65,1902269
2021-05-31 09:49:07,692.65,1903104
2021-05-31 09:49:08,692.65,1903104
2021-05-31 09:49:09,692.65,1903179
2021-05-31 09:49:10,692.65,1903189
2021-05-31 09:49:11,692.3,1903190
2021-05-31 09:49:12,692.3,1903549
2021-05-31 09:49:13,692.65,1903766
2021-05-31 09:49:14,692.65,1903766
2021-05-31 09:49:15,692.75,1908238
2021-05-31 09:49:16,692.7,1908248
2021-05-31 09:49:17,692.7,1908448
2021-05-31 09:49:18,692.9,1910310
2021-05-31 09:49:19,693.0,1910477
2021-05-31 09:49:20,692.85,1910487
2021-05-31 09:49:21,693.0,1910704
2021-05-31 09:49:22,693.0,1910704
2021-05-31 09:49:23,692.9,1910723
2021-05-31 09:49:24,692.8,1911153
2021-05-31 09:49:25,692.8,1911153
2021-05-31 09:49:26,692.8,1911233
2021-05-31 09:49:27,692.8,1911354
2021-05-31 09:49:28,693.0,1911589
2021-05-31 09:49:29,693.0,1911590
2021-05-31 09:49:30,692.85,1911615
2021-05-31 09:49:31,692.8,1911625
2021-05-31 09:49:32,692.9,1911824
2021-05-31 09:49:33,692.8,1911836
2021-05-31 09:49:34,693.0,1912945
2021-05-31 09:49:35,692.8,1913405
2021-05-31 09:49:36,692.8,1913573
2021-05-31 09:49:37,692.8,1913573
2021-05-31 09:49:38,693.0,1913626
2021-05-31 09:49:39,692.8,1913790
2021-05-31 09:49:40,692.8,1914456
2021-05-31 09:49:41,692.4,1915061
2021-05-31 09:49:42,692.4,1915061
2021-05-31 09:49:43,692.75,1915261
2021-05-31 09:49:44,692.7,1915312
2021-05-31 09:49:45,692.7,1915312
2021-05-31 09:49:46,692.75,1915837
2021-05-31 09:49:47,692.75,1915838
2021-05-31 09:49:48,692.85,1915844
2021-05-31 09:49:49,692.7,1915864
2021-05-31 09:49:50,692.7,1915864
2021-05-31 09:49:51,692.5,1915995
2021-05-31 09:49:52,692.7,1916331
2021-05-31 09:49:53,692.4,1916490
2021-05-31 09:49:55,692.45,1917763
2021-05-31 09:49:55,692.45,1917763
2021-05-31 09:49:56,692.4,1920454
2021-05-31 09:49:57,692.4,1920454
2021-05-31 09:49:58,692.4,1920454
2021-05-31 09:49:59,692.4,1920669
2021-05-31 09:50:00,692.55,1923086
2021-05-31 09:50:01,692.7,1923096
2021-05-31 09:50:02,692.65,1923112
2021-05-31 09:50:03,692.55,1923382
2021-05-31 09:50:04,692.8,1924297
2021-05-31 09:50:05,692.8,1924321
2021-05-31 09:50:07,692.8,1924323
2021-05-31 09:50:07,692.85,1924333
2021-05-31 09:50:08,692.7,1924353
2021-05-31 09:50:09,692.85,1924790
2021-05-31 09:50:10,692.95,1924792
2021-05-31 09:50:11,692.6,1924800
2021-05-31 09:50:12,692.6,1924875
2021-05-31 09:50:13,692.6,1924875
2021-05-31 09:50:14,692.7,1924899
2021-05-31 09:50:15,692.6,1924952
2021-05-31 09:50:16,692.6,1924952
2021-05-31 09:50:17,692.8,1925038
2021-05-31 09:50:18,692.65,1925240
2021-05-31 09:50:19,692.65,1925240
2021-05-31 09:50:20,692.7,1925347
2021-05-31 09:50:22,692.7,1925347
2021-05-31 09:50:22,692.85,1925375
2021-05-31 09:50:23,692.85,1925667
2021-05-31 09:50:24,692.55,1926667
2021-05-31 09:50:25,692.85,1926723
2021-05-31 09:50:26,693.0,1928512
2021-05-31 09:50:27,693.05,1929081
2021-05-31 09:50:28,693.1,1929151
2021-05-31 09:50:29,693.35,1929461
2021-05-31 09:50:30,693.45,1929744
2021-05-31 09:50:32,693.5,1929812
2021-05-31 09:50:32,693.5,1929812
2021-05-31 09:50:33,693.3,1929912
2021-05-31 09:50:34,693.3,1929992
2021-05-31 09:50:36,693.15,1930100
2021-05-31 09:50:36,693.15,1930100
2021-05-31 09:50:37,693.25,1930120
2021-05-31 09:50:38,693.25,1930320
2021-05-31 09:50:39,693.0,1930480
2021-05-31 09:50:40,693.05,1930582
2021-05-31 09:50:42,693.05,1931031
2021-05-31 09:50:42,692.9,1931038
2021-05-31 09:50:43,693.15,1931053
2021-05-31 09:50:44,693.0,1931113
2021-05-31 09:50:45,693.0,1931114
2021-05-31 09:50:46,693.0,1931114
2021-05-31 09:50:47,693.15,1931115
2021-05-31 09:50:48,693.15,1931216
2021-05-31 09:50:49,693.0,1931419
2021-05-31 09:50:50,693.25,1931619
2021-05-31 09:50:52,693.05,1931659
2021-05-31 09:50:53,693.5,1932568
2021-05-31 09:50:54,693.5,1932568
2021-05-31 09:50:54,693.5,1932768
2021-05-31 09:50:55,693.5,1932794
2021-05-31 09:50:56,693.25,1932797
2021-05-31 09:50:57,693.3,1932800
2021-05-31 09:50:58,693.3,1932800
2021-05-31 09:50:59,693.5,1932946
2021-05-31 09:51:00,693.25,1933120
2021-05-31 09:51:01,693.75,1933673
2021-05-31 09:51:02,693.8,1933713
2021-05-31 09:51:03,693.8,1933723
2021-05-31 09:51:04,693.5,1933826
2021-05-31 09:51:05,693.75,1933845
2021-05-31 09:51:06,693.9,1934245
2021-05-31 09:51:07,693.9,1934245
2021-05-31 09:51:08,693.9,1934245
2021-05-31 09:51:09,693.8,1934262
2021-05-31 09:51:10,693.4,1934706
2021-05-31 09:51:12,693.25,1934964
2021-05-31 09:51:12,693.25,1934964
2021-05-31 09:51:13,692.75,1936933
2021-05-31 09:51:14,692.7,1936934
2021-05-31 09:51:15,693.0,1936969
2021-05-31 09:51:16,693.1,1937659
2021-05-31 09:51:17,692.5,1938974
2021-05-31 09:51:18,692.55,1939771
2021-05-31 09:51:20,692.4,1940116
2021-05-31 09:51:20,692.15,1940223
2021-05-31 09:51:23,692.5,1940578
2021-05-31 09:51:24,692.15,1940736
2021-05-31 09:51:25,692.35,1941366
2021-05-31 09:51:27,692.2,1943911
2021-05-31 09:51:28,692.45,1943916
2021-05-31 09:51:29,692.2,1944099
2021-05-31 09:51:31,692.45,1944799
2021-05-31 09:51:32,692.7,1947763
2021-05-31 09:51:33,693.35,1948203
2021-05-31 09:51:34,693.1,1948263
2021-05-31 09:51:34,693.1,1948264
2021-05-31 09:51:35,693.55,1949354
2021-05-31 09:51:36,693.1,1949534
2021-05-31 09:51:37,693.05,1950639
2021-05-31 09:51:38,693.0,1950872
2021-05-31 09:51:39,693.0,1951122
2021-05-31 09:51:40,693.3,1951126
2021-05-31 09:51:42,693.25,1951459
2021-05-31 09:51:43,693.45,1951504
2021-05-31 09:51:44,693.45,1951555
2021-05-31 09:51:44,693.45,1951555
2021-05-31 09:51:45,693.45,1951555
2021-05-31 09:51:46,693.7,1951565
2021-05-31 09:51:47,693.7,1951565
2021-05-31 09:51:48,693.4,1951615
2021-05-31 09:51:49,693.35,1954343
2021-05-31 09:51:50,693.35,1954343
2021-05-31 09:51:51,693.35,1954343
2021-05-31 09:51:52,693.35,1954343
2021-05-31 09:51:53,693.2,1954393
2021-05-31 09:51:56,693.0,1955114
2021-05-31 09:51:57,693.0,1955114
2021-05-31 09:51:58,693.0,1955124
2021-05-31 09:51:59,693.0,1955124
2021-05-31 09:52:00,693.15,1955127
2021-05-31 09:52:01,693.2,1955227
2021-05-31 09:52:02,692.85,1955827
2021-05-31 09:52:03,693.0,1955829
2021-05-31 09:52:04,692.95,1955849
2021-05-31 09:52:06,692.75,1956928
2021-05-31 09:52:07,692.8,1957045
2021-05-31 09:52:07,692.8,1957045
2021-05-31 09:52:08,692.45,1958358
2021-05-31 09:52:09,692.45,1958468
2021-05-31 09:52:10,692.3,1958939
2021-05-31 09:52:11,692.3,1958947
2021-05-31 09:52:12,692.25,1959747
2021-05-31 09:52:13,692.25,1959797
2021-05-31 09:52:15,692.55,1959912
2021-05-31 09:52:16,692.25,1960752
2021-05-31 09:52:17,692.25,1960812
2021-05-31 09:52:17,692.25,1960752
2021-05-31 09:52:18,692.65,1961012
2021-05-31 09:52:19,692.65,1961012
2021-05-31 09:52:20,692.65,1961012
2021-05-31 09:52:21,692.65,1961012
2021-05-31 09:52:22,692.25,1961043
2021-05-31 09:52:23,692.4,1961586
2021-05-31 09:52:24,692.5,1961886
2021-05-31 09:52:25,692.55,1962091
2021-05-31 09:52:26,692.65,1964261
2021-05-31 09:52:27,692.6,1964507
2021-05-31 09:52:28,692.5,1964564
2021-05-31 09:52:30,692.55,1964574
2021-05-31 09:52:31,692.5,1964590
2021-05-31 09:52:32,692.55,1964740
2021-05-31 09:52:34,692.5,1965276
2021-05-31 09:52:34,692.3,1965476
2021-05-31 09:52:35,692.5,1966081
2021-05-31 09:52:36,692.6,1967119
2021-05-31 09:52:37,692.65,1967120
2021-05-31 09:52:38,692.3,1967122
2021-05-31 09:52:39,692.3,1967297
2021-05-31 09:52:40,692.6,1967332
2021-05-31 09:52:41,692.6,1967452
2021-05-31 09:52:42,692.25,1967714
2021-05-31 09:52:43,692.6,1967764
2021-05-31 09:52:44,692.6,1967764
2021-05-31 09:52:45,692.6,1967776
2021-05-31 09:52:46,692.6,1967876
2021-05-31 09:52:47,692.6,1967876
2021-05-31 09:52:48,692.6,1967876
2021-05-31 09:52:49,692.3,1967881
2021-05-31 09:52:50,692.5,1967883
2021-05-31 09:52:51,692.55,1968571
2021-05-31 09:52:53,692.55,1968571
2021-05-31 09:52:54,692.6,1969175
2021-05-31 09:52:55,692.6,1969376
2021-05-31 09:52:56,692.65,1969576
2021-05-31 09:52:57,692.65,1969576
2021-05-31 09:52:58,692.65,1969576
2021-05-31 09:52:59,692.65,1969576
2021-05-31 09:52:59,692.65,1969576
2021-05-31 09:53:01,692.5,1969870
2021-05-31 09:53:01,692.3,1969871
2021-05-31 09:53:02,692.3,1970026
2021-05-31 09:53:03,692.5,1970039
2021-05-31 09:53:04,692.45,1970112
2021-05-31 09:53:05,692.3,1970477
2021-05-31 09:53:06,692.5,1970717
2021-05-31 09:53:07,692.3,1970728
2021-05-31 09:53:08,692.3,1972341
2021-05-31 09:53:09,692.3,1972346
2021-05-31 09:53:10,692.3,1972529
2021-05-31 09:53:11,692.4,1972552
2021-05-31 09:53:12,692.4,1972552
2021-05-31 09:53:13,692.3,1972753
2021-05-31 09:53:14,692.3,1972753
2021-05-31 09:53:15,692.3,1972781
2021-05-31 09:53:16,692.4,1972784
2021-05-31 09:53:17,692.4,1972787
2021-05-31 09:53:19,692.3,1973087
2021-05-31 09:53:20,692.3,1973101
2021-05-31 09:53:21,692.3,1973211
2021-05-31 09:53:22,692.4,1973246
2021-05-31 09:53:24,692.4,1975250
2021-05-31 09:53:25,692.4,1975530
2021-05-31 09:53:26,692.55,1976751
2021-05-31 09:53:27,692.45,1976761
2021-05-31 09:53:28,692.55,1976765
2021-05-31 09:53:30,692.8,1979589
2021-05-31 09:53:30,692.8,1979589
2021-05-31 09:53:32,692.85,1980120
2021-05-31 09:53:33,693.0,1980435
2021-05-31 09:53:34,693.0,1980435
2021-05-31 09:53:35,693.0,1980435
2021-05-31 09:53:36,692.9,1980445
2021-05-31 09:53:37,692.9,1980445
2021-05-31 09:53:38,693.15,1982932
2021-05-31 09:53:39,693.15,1982932
2021-05-31 09:53:39,693.15,1982932
2021-05-31 09:53:41,693.1,1983390
2021-05-31 09:53:41,693.1,1983390
2021-05-31 09:53:42,693.4,1983416
2021-05-31 09:53:43,693.4,1983416
2021-05-31 09:53:44,693.05,1983420
2021-05-31 09:53:45,693.5,1984655
2021-05-31 09:53:46,693.4,1984673
2021-05-31 09:53:47,693.4,1984673
2021-05-31 09:53:48,693.5,1984675
2021-05-31 09:53:49,693.15,1984765
2021-05-31 09:53:50,693.15,1984768
2021-05-31 09:53:51,693.15,1984768
2021-05-31 09:53:52,693.45,1984828
2021-05-31 09:53:53,693.4,1984850
2021-05-31 09:53:54,693.0,1985386
2021-05-31 09:53:55,693.0,1985412
2021-05-31 09:53:56,692.95,1986542
2021-05-31 09:53:57,692.95,1986542
2021-05-31 09:53:59,692.95,1986973
2021-05-31 09:54:00,693.35,1987683
2021-05-31 09:54:00,693.35,1987683
2021-05-31 09:54:01,693.35,1987683
2021-05-31 09:54:02,693.35,1988133
2021-05-31 09:54:03,693.35,1988133
2021-05-31 09:54:04,693.35,1988133
2021-05-31 09:54:06,693.35,1988133
2021-05-31 09:54:07,693.1,1988408
2021-05-31 09:54:08,693.15,1988418
2021-05-31 09:54:09,693.1,1988472
2021-05-31 09:54:10,693.35,1988575
2021-05-31 09:54:11,693.4,1988576
2021-05-31 09:54:12,693.4,1988576
2021-05-31 09:54:13,693.05,1988776
2021-05-31 09:54:13,693.05,1988777
2021-05-31 09:54:14,693.35,1992211
2021-05-31 09:54:15,693.35,1992211
2021-05-31 09:54:18,693.2,1993075
2021-05-31 09:54:20,693.2,1993076
2021-05-31 09:54:21,693.5,1993081
2021-05-31 09:54:22,693.2,1993316
2021-05-31 09:54:23,693.55,1993342
2021-05-31 09:54:24,693.55,1993342
2021-05-31 09:54:24,693.55,1993342
2021-05-31 09:54:25,693.2,1993842
2021-05-31 09:54:26,693.2,1993842
2021-05-31 09:54:27,693.2,1993842
2021-05-31 09:54:29,693.6,1993846
2021-05-31 09:54:29,693.6,1993846
2021-05-31 09:54:30,693.65,1994724
2021-05-31 09:54:31,693.7,1994727
2021-05-31 09:54:32,693.65,1994748
2021-05-31 09:54:33,693.65,1994848
2021-05-31 09:54:34,693.9,1995251
2021-05-31 09:54:35,693.95,1995735
2021-05-31 09:54:36,693.95,1995739
2021-05-31 09:54:38,693.95,1995739
2021-05-31 09:54:39,693.65,1995740
2021-05-31 09:54:39,693.65,1996614
2021-05-31 09:54:40,693.65,1996614
2021-05-31 09:54:41,693.75,1996629
2021-05-31 09:54:43,693.75,1996643
2021-05-31 09:54:43,693.75,1996643
2021-05-31 09:54:44,693.5,1997393
2021-05-31 09:54:45,693.8,1997443
2021-05-31 09:54:46,693.8,1997544
2021-05-31 09:54:47,693.2,1998979
2021-05-31 09:54:48,693.05,1999002
2021-05-31 09:54:49,693.05,1999002
2021-05-31 09:54:50,693.25,1999252
2021-05-31 09:54:51,693.1,2001855
2021-05-31 09:54:53,693.2,2002517
2021-05-31 09:54:53,693.2,2002517
2021-05-31 09:54:54,692.95,2002736
2021-05-31 09:54:55,693.25,2002936
2021-05-31 09:54:57,693.25,2002936
2021-05-31 09:54:58,693.25,2002936
2021-05-31 09:54:59,693.3,2002952
2021-05-31 09:55:00,693.0,2003096
2021-05-31 09:55:01,693.05,2003237
2021-05-31 09:55:02,693.05,2003237
2021-05-31 09:55:02,693.05,2003237
2021-05-31 09:55:03,692.85,2004964
2021-05-31 09:55:04,692.85,2004964
2021-05-31 09:55:05,692.85,2004994
2021-05-31 09:55:06,692.55,2005004
2021-05-31 09:55:08,693.05,2005111
2021-05-31 09:55:09,693.05,2005111
2021-05-31 09:55:10,692.65,2005232
2021-05-31 09:55:11,692.95,2005332
2021-05-31 09:55:12,692.95,2005332
2021-05-31 09:55:13,692.6,2005687
2021-05-31 09:55:14,692.55,2006782
2021-05-31 09:55:15,692.5,2008990
2021-05-31 09:55:16,692.75,2009000
2021-05-31 09:55:17,692.6,2009124
2021-05-31 09:55:17,692.6,2009124
2021-05-31 09:55:18,692.75,2009125
2021-05-31 09:55:19,692.65,2009135
2021-05-31 09:55:20,692.4,2009170
2021-05-31 09:55:22,692.05,2014709
2021-05-31 09:55:23,692.4,2014795
2021-05-31 09:55:24,692.5,2014893
2021-05-31 09:55:25,692.2,2014923
2021-05-31 09:55:26,692.65,2014980
2021-05-31 09:55:27,692.65,2015080
2021-05-31 09:55:28,692.65,2015080
2021-05-31 09:55:29,692.5,2015140
2021-05-31 09:55:30,692.5,2015140
2021-05-31 09:55:30,692.5,2015140
2021-05-31 09:55:31,692.5,2015270
2021-05-31 09:55:32,692.3,2015373
2021-05-31 09:55:33,692.65,2015412
2021-05-31 09:55:34,692.65,2015702
2021-05-31 09:55:36,692.8,2016152
2021-05-31 09:55:36,692.7,2016153
2021-05-31 09:55:37,692.7,2016153
2021-05-31 09:55:38,692.55,2016454
2021-05-31 09:55:39,692.5,2016460
2021-05-31 09:55:40,692.5,2016460
2021-05-31 09:55:41,692.8,2016466
2021-05-31 09:55:42,692.8,2017772
2021-05-31 09:55:43,693.25,2018460
2021-05-31 09:55:45,693.15,2018865
2021-05-31 09:55:46,693.15,2018867
2021-05-31 09:55:47,693.15,2018964
2021-05-31 09:55:48,693.05,2018965
2021-05-31 09:55:49,693.05,2020065
2021-05-31 09:55:50,693.05,2020065
2021-05-31 09:55:50,693.05,2020065
2021-05-31 09:55:51,693.4,2020179
2021-05-31 09:55:52,693.0,2020319
2021-05-31 09:55:53,693.0,2020352
2021-05-31 09:55:54,693.35,2020381
2021-05-31 09:55:56,693.35,2020381
2021-05-31 09:55:57,693.0,2021288
2021-05-31 09:55:58,693.15,2021290
2021-05-31 09:55:59,693.15,2021293
2021-05-31 09:56:00,693.15,2021293
2021-05-31 09:56:00,693.05,2021303
2021-05-31 09:56:02,693.3,2021869
2021-05-31 09:56:03,692.9,2022956
2021-05-31 09:56:04,692.95,2023046
2021-05-31 09:56:04,692.95,2023046
2021-05-31 09:56:05,693.0,2023075
2021-05-31 09:56:06,693.0,2023075
2021-05-31 09:56:07,693.35,2023081
2021-05-31 09:56:09,693.35,2023081
2021-05-31 09:56:10,693.35,2023096
2021-05-31 09:56:11,693.0,2023097
2021-05-31 09:56:12,693.0,2023097
2021-05-31 09:56:13,693.0,2023208
2021-05-31 09:56:15,693.0,2023213
2021-05-31 09:56:16,693.0,2023213
2021-05-31 09:56:17,693.0,2023213
2021-05-31 09:56:18,693.35,2023353
2021-05-31 09:56:19,693.0,2023357
2021-05-31 09:56:20,693.2,2023359
2021-05-31 09:56:21,693.2,2023359
2021-05-31 09:56:22,693.2,2023459
2021-05-31 09:56:23,692.65,2025974
2021-05-31 09:56:24,693.0,2027047
2021-05-31 09:56:24,693.0,2027047
2021-05-31 09:56:26,693.1,2027064
2021-05-31 09:56:27,693.1,2027071
2021-05-31 09:56:28,692.7,2028121
2021-05-31 09:56:29,692.7,2028152
2021-05-31 09:56:30,693.15,2028352
2021-05-31 09:56:31,693.15,2028352
2021-05-31 09:56:32,692.8,2028362
2021-05-31 09:56:33,692.85,2028383
2021-05-31 09:56:34,692.85,2028413
2021-05-31 09:56:35,692.85,2028421
2021-05-31 09:56:36,693.0,2028521
2021-05-31 09:56:37,693.0,2028521
2021-05-31 09:56:38,693.0,2028521
2021-05-31 09:56:38,693.0,2028521
2021-05-31 09:56:40,693.15,2028540
2021-05-31 09:56:41,693.15,2028540
2021-05-31 09:56:42,693.0,2028550
2021-05-31 09:56:43,693.0,2028563
2021-05-31 09:56:44,692.75,2029092
2021-05-31 09:56:44,692.75,2029092
2021-05-31 09:56:46,692.8,2029142
2021-05-31 09:56:47,692.9,2029290
2021-05-31 09:56:48,692.9,2029320
2021-05-31 09:56:49,692.9,2029400
2021-05-31 09:56:51,692.8,2029410
2021-05-31 09:56:52,692.8,2029418
2021-05-31 09:56:53,692.8,2029419
2021-05-31 09:56:54,692.8,2029419
2021-05-31 09:56:55,692.8,2029419
2021-05-31 09:56:55,692.8,2029419
2021-05-31 09:56:56,692.9,2029621
2021-05-31 09:56:57,693.05,2029785
2021-05-31 09:56:58,693.05,2029786
2021-05-31 09:56:59,693.05,2029786
2021-05-31 09:57:01,692.75,2029930
2021-05-31 09:57:02,693.15,2031631
2021-05-31 09:57:03,693.0,2031734
2021-05-31 09:57:04,692.8,2031803
2021-05-31 09:57:05,692.8,2031803
2021-05-31 09:57:05,692.8,2031803
2021-05-31 09:57:07,692.8,2031803
2021-05-31 09:57:08,692.8,2031803
2021-05-31 09:57:09,692.75,2032992
2021-05-31 09:57:10,693.15,2033292
2021-05-31 09:57:10,693.2,2033303
2021-05-31 09:57:12,693.2,2033303
2021-05-31 09:57:13,692.85,2033306
2021-05-31 09:57:14,693.2,2033366
2021-05-31 09:57:15,692.95,2033666
2021-05-31 09:57:16,692.95,2033686
2021-05-31 09:57:17,692.8,2034058
2021-05-31 09:57:17,693.0,2034060
2021-05-31 09:57:19,693.0,2034060
2021-05-31 09:57:20,693.0,2034115
2021-05-31 09:57:21,693.2,2036171
2021-05-31 09:57:22,693.05,2036436
2021-05-31 09:57:23,692.95,2037673
2021-05-31 09:57:23,692.95,2037673
2021-05-31 09:57:26,692.95,2037673
2021-05-31 09:57:27,693.4,2038173
2021-05-31 09:57:28,693.05,2038238
2021-05-31 09:57:29,692.95,2038253
2021-05-31 09:57:29,692.95,2038253
2021-05-31 09:57:30,692.9,2038273
2021-05-31 09:57:32,692.9,2038273
2021-05-31 09:57:33,692.9,2038273
2021-05-31 09:57:34,692.9,2038273
2021-05-31 09:57:35,693.1,2039116
2021-05-31 09:57:35,693.2,2039030
2021-05-31 09:57:37,693.0,2039184
2021-05-31 09:57:38,693.0,2039195
2021-05-31 09:57:39,693.2,2039953
2021-05-31 09:57:40,693.2,2039969
2021-05-31 09:57:40,693.2,2039969
2021-05-31 09:57:42,693.2,2040069
2021-05-31 09:57:43,692.95,2040099
2021-05-31 09:57:44,693.2,2040149
2021-05-31 09:57:45,693.2,2040163
2021-05-31 09:57:46,693.0,2040183
2021-05-31 09:57:46,693.0,2040183
2021-05-31 09:57:48,693.15,2040694
2021-05-31 09:57:49,693.15,2040694
2021-05-31 09:57:50,692.8,2040896
2021-05-31 09:57:51,692.95,2040913
2021-05-31 09:57:52,692.7,2041933
2021-05-31 09:57:52,692.7,2041933
2021-05-31 09:57:54,692.3,2052244
2021-05-31 09:57:56,692.4,2052269
2021-05-31 09:57:57,692.4,2052324
2021-05-31 09:57:59,692.4,2052425
2021-05-31 09:58:00,692.3,2052812
2021-05-31 09:58:01,692.35,2052882
2021-05-31 09:58:02,692.1,2055612
2021-05-31 09:58:03,692.1,2055612
2021-05-31 09:58:04,692.1,2055612
2021-05-31 09:58:05,692.0,2056763
2021-05-31 09:58:06,692.0,2056763
2021-05-31 09:58:07,692.25,2056770
2021-05-31 09:58:07,692.0,2056771
2021-05-31 09:58:09,691.8,2076339
2021-05-31 09:58:10,691.9,2076485
2021-05-31 09:58:11,691.55,2077900
2021-05-31 09:58:12,691.9,2078453
2021-05-31 09:58:12,691.9,2078473
2021-05-31 09:58:14,691.6,2079735
2021-05-31 09:58:15,691.3,2085533
2021-05-31 09:58:16,691.25,2085974
2021-05-31 09:58:17,691.5,2086773
2021-05-31 09:58:17,691.5,2086773
2021-05-31 09:58:19,691.5,2087049
2021-05-31 09:58:20,691.3,2087141
2021-05-31 09:58:21,691.3,2087326
2021-05-31 09:58:22,691.5,2088446
2021-05-31 09:58:23,691.5,2088446
2021-05-31 09:58:24,691.5,2088446
2021-05-31 09:58:25,691.4,2089191
2021-05-31 09:58:26,691.5,2089292
2021-05-31 09:58:27,691.5,2089292
2021-05-31 09:58:28,691.5,2089342
2021-05-31 09:58:29,691.35,2089671
2021-05-31 09:58:30,691.3,2092630
2021-05-31 09:58:31,691.3,2092630
2021-05-31 09:58:32,691.6,2093210
2021-05-31 09:58:33,691.4,2093405
2021-05-31 09:58:34,691.4,2093806
2021-05-31 09:58:35,691.35,2093877
2021-05-31 09:58:36,691.75,2094967
2021-05-31 09:58:37,691.9,2095341
2021-05-31 09:58:38,692.0,2097129
2021-05-31 09:58:39,692.0,2097439
2021-05-31 09:58:40,691.95,2097689
2021-05-31 09:58:42,691.95,2098150
2021-05-31 09:58:43,692.0,2098600
2021-05-31 09:58:44,692.25,2098675
2021-05-31 09:58:45,691.95,2098744
2021-05-31 09:58:46,691.85,2098979
2021-05-31 09:58:47,692.25,2099034
2021-05-31 09:58:48,691.95,2099114
2021-05-31 09:58:49,691.95,2099114
2021-05-31 09:58:50,692.2,2099359
2021-05-31 09:58:51,692.2,2099359
2021-05-31 09:58:52,691.85,2099360
2021-05-31 09:58:54,692.15,2099389
2021-05-31 09:58:53,691.85,2099385
2021-05-31 09:58:55,692.15,2099389
2021-05-31 09:58:56,692.15,2099519
2021-05-31 09:58:57,692.15,2099590
2021-05-31 09:58:58,692.15,2099651
2021-05-31 09:58:59,691.85,2099851
2021-05-31 09:59:00,691.8,2099995
2021-05-31 09:59:01,692.1,2100015
2021-05-31 09:59:02,692.15,2100266
2021-05-31 09:59:03,691.8,2100404
2021-05-31 09:59:04,692.0,2100504
2021-05-31 09:59:05,692.0,2100504
2021-05-31 09:59:06,691.95,2100505
2021-05-31 09:59:07,691.8,2100639
2021-05-31 09:59:08,691.95,2100640
2021-05-31 09:59:09,691.65,2100779
2021-05-31 09:59:10,691.65,2100779
2021-05-31 09:59:11,691.8,2100792
2021-05-31 09:59:12,691.95,2101193
2021-05-31 09:59:13,691.95,2101193
2021-05-31 09:59:14,691.6,2101203
2021-05-31 09:59:17,692.0,2101826
2021-05-31 09:59:18,692.0,2102226
2021-05-31 09:59:19,692.0,2102630
2021-05-31 09:59:21,691.65,2102719
2021-05-31 09:59:20,691.65,2102719
2021-05-31 09:59:22,691.65,2102719
2021-05-31 09:59:23,691.65,2102786
2021-05-31 09:59:24,691.65,2102803
2021-05-31 09:59:25,691.6,2103108
2021-05-31 09:59:26,691.6,2103108
2021-05-31 09:59:27,692.0,2103245
2021-05-31 09:59:28,692.0,2103245
2021-05-31 09:59:29,691.95,2103357
2021-05-31 09:59:30,691.8,2103360
2021-05-31 09:59:31,691.8,2103451
2021-05-31 09:59:32,691.95,2103455
2021-05-31 09:59:33,691.95,2103463
2021-05-31 09:59:34,691.95,2103594
2021-05-31 09:59:35,691.95,2103594
2021-05-31 09:59:36,691.95,2103697
2021-05-31 09:59:37,691.95,2103847
2021-05-31 09:59:38,691.8,2103964
2021-05-31 09:59:39,691.95,2104014
2021-05-31 09:59:40,691.95,2104014
2021-05-31 09:59:41,691.95,2104174
2021-05-31 09:59:42,691.95,2104195
2021-05-31 09:59:43,691.95,2104764
2021-05-31 09:59:44,691.95,2104764
2021-05-31 09:59:45,691.95,2104764
2021-05-31 09:59:46,691.65,2105278
2021-05-31 09:59:48,691.65,2105329
2021-05-31 09:59:49,691.65,2105334
2021-05-31 09:59:50,691.6,2105340
2021-05-31 09:59:51,691.8,2105448
2021-05-31 09:59:52,691.9,2105499
2021-05-31 09:59:53,691.9,2105499
2021-05-31 09:59:54,691.6,2105556
2021-05-31 09:59:55,691.9,2105568
2021-05-31 09:59:56,691.9,2105568
2021-05-31 09:59:57,691.6,2105618
2021-05-31 09:59:58,691.55,2106368
2021-05-31 09:59:59,691.85,2106370
2021-05-31 10:00:00,691.5,2106420
2021-05-31 10:00:01,691.8,2106440
2021-05-31 10:00:02,691.5,2106640
2021-05-31 10:00:03,691.5,2106980
2021-05-31 10:00:05,691.8,2107037
2021-05-31 10:00:06,691.8,2107288
2021-05-31 10:00:07,691.8,2107288
2021-05-31 10:00:08,691.75,2108492
2021-05-31 10:00:09,691.85,2119373
2021-05-31 10:00:10,692.15,2119721
2021-05-31 10:00:11,692.15,2119782
2021-05-31 10:00:12,692.15,2119782
2021-05-31 10:00:13,692.15,2119782
2021-05-31 10:00:14,692.0,2119787
2021-05-31 10:00:15,692.0,2119801
2021-05-31 10:00:16,691.8,2119841
2021-05-31 10:00:17,691.8,2119845
2021-05-31 10:00:18,691.8,2119845
2021-05-31 10:00:19,691.8,2119845
2021-05-31 10:00:20,692.0,2120121
2021-05-31 10:00:21,692.0,2120121
2021-05-31 10:00:22,692.0,2120189
2021-05-31 10:00:24,691.9,2120389
2021-05-31 10:00:25,691.9,2120389
2021-05-31 10:00:26,691.9,2120494
2021-05-31 10:00:27,692.15,2120504
2021-05-31 10:00:29,692.15,2120504
2021-05-31 10:00:29,691.85,2120854
2021-05-31 10:00:30,691.85,2120985
2021-05-31 10:00:32,692.0,2121065
2021-05-31 10:00:33,691.85,2121236
2021-05-31 10:00:34,691.85,2121245
2021-05-31 10:00:35,691.85,2121271
2021-05-31 10:00:36,691.85,2121271
2021-05-31 10:00:37,692.1,2121273
2021-05-31 10:00:38,691.85,2121274
2021-05-31 10:00:39,692.0,2121286
2021-05-31 10:00:40,691.9,2121347
2021-05-31 10:00:41,691.9,2121353
2021-05-31 10:00:42,691.9,2121354
2021-05-31 10:00:43,692.0,2121356
2021-05-31 10:00:44,692.0,2121356
2021-05-31 10:00:46,691.9,2121423
2021-05-31 10:00:47,691.9,2121423
2021-05-31 10:00:47,691.85,2125341
2021-05-31 10:00:49,691.9,2125494
2021-05-31 10:00:50,691.9,2125494
2021-05-31 10:00:50,691.9,2125494
2021-05-31 10:00:52,691.9,2125553
2021-05-31 10:00:53,691.9,2125583
2021-05-31 10:00:54,691.65,2125634
2021-05-31 10:00:55,691.65,2125764
2021-05-31 10:00:56,691.65,2125764
2021-05-31 10:00:57,692.0,2125914
2021-05-31 10:00:58,691.95,2125961
2021-05-31 10:00:59,691.65,2126007
2021-05-31 10:01:00,691.65,2126151
2021-05-31 10:01:01,691.65,2126151
2021-05-31 10:01:02,691.9,2126309
2021-05-31 10:01:03,691.65,2126319
2021-05-31 10:01:04,691.65,2126321
2021-05-31 10:01:05,691.9,2126583
2021-05-31 10:01:06,692.0,2129701
2021-05-31 10:01:08,692.15,2135150
2021-05-31 10:01:08,692.5,2135101
2021-05-31 10:01:09,692.25,2135476
2021-05-31 10:01:11,692.2,2136481
2021-05-31 10:01:11,692.15,2136483
2021-05-31 10:01:13,692.15,2136489
2021-05-31 10:01:13,692.15,2136489
2021-05-31 10:01:14,692.0,2136814
2021-05-31 10:01:15,692.0,2136814
2021-05-31 10:01:16,692.0,2136814
2021-05-31 10:01:17,692.25,2136829
2021-05-31 10:01:18,691.5,2138357
2021-05-31 10:01:19,691.75,2138664
2021-05-31 10:01:20,691.85,2138674
2021-05-31 10:01:21,691.85,2138816
2021-05-31 10:01:22,691.85,2139118
2021-05-31 10:01:23,691.85,2139118
2021-05-31 10:01:25,691.95,2140264
2021-05-31 10:01:25,691.7,2140329
2021-05-31 10:01:27,692.05,2140509
2021-05-31 10:01:27,691.7,2140419
2021-05-31 10:01:28,692.05,2140509
2021-05-31 10:01:29,691.7,2140510
2021-05-31 10:01:30,691.7,2140510
2021-05-31 10:01:31,691.65,2140535
2021-05-31 10:01:32,691.9,2140565
2021-05-31 10:01:33,691.65,2140580
2021-05-31 10:01:34,691.65,2140580
2021-05-31 10:01:35,691.9,2140655
2021-05-31 10:01:36,691.9,2140655
2021-05-31 10:01:37,691.65,2140669
2021-05-31 10:01:39,691.95,2141399
2021-05-31 10:01:39,691.9,2141899
2021-05-31 10:01:41,691.65,2142050
2021-05-31 10:01:40,691.65,2142050
2021-05-31 10:01:43,691.4,2147468
2021-05-31 10:01:43,691.4,2147468
2021-05-31 10:01:44,691.55,2147628
2021-05-31 10:01:45,691.35,2147638
2021-05-31 10:01:46,691.35,2147852
2021-05-31 10:01:48,691.35,2149004
2021-05-31 10:01:49,691.65,2149014
2021-05-31 10:01:49,691.65,2149014
2021-05-31 10:01:51,691.5,2149017
2021-05-31 10:01:52,691.5,2149018
2021-05-31 10:01:52,691.4,2149068
2021-05-31 10:01:54,691.65,2149080
2021-05-31 10:01:54,691.4,2149114
2021-05-31 10:01:55,691.4,2149214
2021-05-31 10:01:56,691.65,2149248
2021-05-31 10:01:57,691.45,2149426
2021-05-31 10:01:58,691.45,2149499
2021-05-31 10:01:59,691.45,2149501
2021-05-31 10:02:01,691.45,2149528
2021-05-31 10:02:02,691.6,2149561
2021-05-31 10:02:02,691.55,2149597
2021-05-31 10:02:04,691.55,2149645
2021-05-31 10:02:04,691.6,2149707
2021-05-31 10:02:06,691.6,2149797
2021-05-31 10:02:06,691.6,2149797
2021-05-31 10:02:07,691.55,2149897
2021-05-31 10:02:09,691.95,2152619
2021-05-31 10:02:10,691.85,2152774
2021-05-31 10:02:10,692.0,2152895
2021-05-31 10:02:11,691.85,2152896
2021-05-31 10:02:13,691.85,2153196
2021-05-31 10:02:14,691.85,2153196
2021-05-31 10:02:15,691.95,2153222
2021-05-31 10:02:17,691.95,2153255
2021-05-31 10:02:17,691.95,2153589
2021-05-31 10:02:19,691.9,2153665
2021-05-31 10:02:19,691.9,2153665
2021-05-31 10:02:21,691.8,2153897
2021-05-31 10:02:22,691.8,2153897
2021-05-31 10:02:23,691.95,2153934
2021-05-31 10:02:23,691.55,2155177
2021-05-31 10:02:25,691.7,2155955
2021-05-31 10:02:25,691.7,2155955
2021-05-31 10:02:26,691.5,2155962
2021-05-31 10:02:27,691.55,2156027
2021-05-31 10:02:28,691.55,2156032
2021-05-31 10:02:29,691.7,2156067
2021-05-31 10:02:30,691.7,2156079
2021-05-31 10:02:31,691.7,2156102
2021-05-31 10:02:34,691.5,2156217
2021-05-31 10:02:33,691.75,2156167
2021-05-31 10:02:36,691.75,2156229
2021-05-31 10:02:37,691.85,2156234
2021-05-31 10:02:38,691.85,2156234
2021-05-31 10:02:39,691.7,2156235
2021-05-31 10:02:39,691.6,2156335
2021-05-31 10:02:41,691.5,2156704
2021-05-31 10:02:42,691.5,2156704
2021-05-31 10:02:43,691.7,2156832
2021-05-31 10:02:44,691.95,2156912
2021-05-31 10:02:46,691.7,2156914
2021-05-31 10:02:46,691.7,2156914
2021-05-31 10:02:47,691.7,2156915
2021-05-31 10:02:48,691.7,2156915
2021-05-31 10:02:49,691.85,2156941
2021-05-31 10:02:50,691.95,2156953
2021-05-31 10:02:51,691.95,2156953
2021-05-31 10:02:52,691.85,2156978
2021-05-31 10:02:53,692.0,2157278
2021-05-31 10:02:54,691.8,2157528
2021-05-31 10:02:55,692.3,2163636
2021-05-31 10:02:56,692.5,2163638
2021-05-31 10:02:57,692.25,2163641
2021-05-31 10:02:58,692.5,2163692
2021-05-31 10:02:59,692.5,2163872
2021-05-31 10:03:00,692.05,2164116
2021-05-31 10:03:01,692.4,2164117
2021-05-31 10:03:02,692.4,2164147
2021-05-31 10:03:03,692.15,2164148
2021-05-31 10:03:04,692.05,2164188
2021-05-31 10:03:05,692.05,2164188
2021-05-31 10:03:06,692.4,2164201
2021-05-31 10:03:07,692.05,2164211
2021-05-31 10:03:08,692.05,2164215
2021-05-31 10:03:10,692.05,2164218
2021-05-31 10:03:10,692.4,2164328
2021-05-31 10:03:11,692.4,2164363
2021-05-31 10:03:13,692.35,2164385
2021-05-31 10:03:14,692.2,2164386
2021-05-31 10:03:14,692.2,2164386
2021-05-31 10:03:15,692.05,2164416
2021-05-31 10:03:16,692.2,2164425
2021-05-31 10:03:17,692.0,2164724
2021-05-31 10:03:18,692.0,2164724
2021-05-31 10:03:20,691.85,2164787
2021-05-31 10:03:21,691.85,2164788
2021-05-31 10:03:22,691.85,2164788
2021-05-31 10:03:23,691.85,2166818
2021-05-31 10:03:23,691.85,2166818
2021-05-31 10:03:24,691.9,2166873
2021-05-31 10:03:26,692.2,2166882
2021-05-31 10:03:27,692.2,2166894
2021-05-31 10:03:27,691.9,2166927
2021-05-31 10:03:29,692.2,2167037
2021-05-31 10:03:30,692.2,2167042
2021-05-31 10:03:31,692.25,2167047
2021-05-31 10:03:32,691.95,2167077
2021-05-31 10:03:32,691.95,2167077
2021-05-31 10:03:33,692.5,2167577
2021-05-31 10:03:34,692.5,2167678
2021-05-31 10:03:35,692.5,2167678
2021-05-31 10:03:37,692.5,2167728
2021-05-31 10:03:38,692.2,2167789
2021-05-31 10:03:39,692.2,2167824
2021-05-31 10:03:40,692.05,2168907
2021-05-31 10:03:40,692.15,2167857
2021-05-31 10:03:41,692.4,2169033
2021-05-31 10:03:42,692.3,2169141
2021-05-31 10:03:43,692.0,2169175
2021-05-31 10:03:44,692.0,2169402
2021-05-31 10:03:45,692.0,2169402
2021-05-31 10:03:46,692.0,2169402
2021-05-31 10:03:47,692.45,2169407
2021-05-31 10:03:48,692.2,2169440
2021-05-31 10:03:50,692.2,2169440
2021-05-31 10:03:50,692.2,2169440
2021-05-31 10:03:52,692.2,2169440
2021-05-31 10:03:53,692.25,2169478
2021-05-31 10:03:54,692.25,2169480
2021-05-31 10:03:54,692.05,2169485
2021-05-31 10:03:55,692.05,2169495
2021-05-31 10:03:56,692.3,2169595
2021-05-31 10:03:57,692.3,2169595
2021-05-31 10:03:58,692.3,2169595
2021-05-31 10:03:59,692.15,2169645
2021-05-31 10:04:01,692.4,2169676
2021-05-31 10:04:02,692.4,2169676
2021-05-31 10:04:03,692.4,2169776
2021-05-31 10:04:04,692.4,2169777
2021-05-31 10:04:05,692.4,2169777
2021-05-31 10:04:06,692.4,2169879
2021-05-31 10:04:06,692.4,2169879
2021-05-31 10:04:07,692.4,2169880
2021-05-31 10:04:08,692.1,2169895
2021-05-31 10:04:10,692.4,2169983
2021-05-31 10:04:10,692.1,2169984
2021-05-31 10:04:11,692.4,2170184
2021-05-31 10:04:12,692.35,2170188
2021-05-31 10:04:13,692.1,2170194
2021-05-31 10:04:14,692.1,2170194
2021-05-31 10:04:15,692.4,2170301
2021-05-31 10:04:16,692.4,2170301
2021-05-31 10:04:17,692.15,2170302
2021-05-31 10:04:18,692.15,2170302
2021-05-31 10:04:20,692.4,2170317
2021-05-31 10:04:21,692.4,2170450
2021-05-31 10:04:22,692.15,2170461
2021-05-31 10:04:23,692.15,2170462
2021-05-31 10:04:24,692.15,2170466
2021-05-31 10:04:25,692.15,2170466
2021-05-31 10:04:25,692.15,2170466
2021-05-31 10:04:27,692.15,2170467
2021-05-31 10:04:28,692.15,2170467
2021-05-31 10:04:29,692.15,2170468
2021-05-31 10:04:30,692.4,2170470
2021-05-31 10:04:32,692.15,2170514
2021-05-31 10:04:33,692.15,2170514
2021-05-31 10:04:34,692.15,2170994
2021-05-31 10:04:34,692.15,2170994
2021-05-31 10:04:35,692.1,2171422
2021-05-31 10:04:36,692.35,2171432
2021-05-31 10:04:38,692.1,2171485
2021-05-31 10:04:38,692.1,2171485
2021-05-31 10:04:39,692.1,2171485
2021-05-31 10:04:40,692.1,2171510
2021-05-31 10:04:41,692.35,2171512
2021-05-31 10:04:42,692.35,2171520
2021-05-31 10:04:43,692.35,2171520
2021-05-31 10:04:44,692.0,2173720
2021-05-31 10:04:45,692.1,2173821
2021-05-31 10:04:46,692.1,2173821
2021-05-31 10:04:47,692.1,2173821
2021-05-31 10:04:49,692.1,2173959
2021-05-31 10:04:50,692.1,2173959
2021-05-31 10:04:51,692.4,2174061
2021-05-31 10:04:52,692.4,2174061
2021-05-31 10:04:53,692.4,2174318
2021-05-31 10:04:53,692.4,2174318
2021-05-31 10:04:54,692.2,2174319
2021-05-31 10:04:55,692.1,2175098
2021-05-31 10:04:57,692.1,2175110
2021-05-31 10:04:58,692.1,2175110
2021-05-31 10:04:59,692.1,2175110
2021-05-31 10:05:00,692.0,2176937
2021-05-31 10:05:01,692.0,2176937
2021-05-31 10:05:01,692.0,2176937
2021-05-31 10:05:02,692.0,2176937
2021-05-31 10:05:03,692.05,2176948
2021-05-31 10:05:04,691.85,2176954
2021-05-31 10:05:05,691.85,2176954
2021-05-31 10:05:06,692.0,2177054
2021-05-31 10:05:08,692.0,2177066
2021-05-31 10:05:09,692.0,2177066
2021-05-31 10:05:10,691.85,2177076
2021-05-31 10:05:11,692.0,2177078
2021-05-31 10:05:13,692.0,2177102
2021-05-31 10:05:14,691.9,2177210
2021-05-31 10:05:15,691.9,2177210
2021-05-31 10:05:15,692.0,2177213
2021-05-31 10:05:16,692.0,2177213
2021-05-31 10:05:18,692.0,2177358
