timestamp,ltp,volume
2021-05-31 09:15:12,225.7,29734
2021-05-31 09:15:20,225.55,35369
2021-05-31 09:15:28,225.65,45756
2021-05-31 09:15:35,225.9,48799
2021-05-31 09:15:42,226.05,54121
2021-05-31 09:15:48,226.05,55618
2021-05-31 09:15:55,226.25,61908
2021-05-31 09:16:01,226.25,68119
2021-05-31 09:16:08,226.1,72909
2021-05-31 09:16:14,225.85,77286
2021-05-31 09:16:20,225.85,79474
2021-05-31 09:16:26,225.9,84215
2021-05-31 09:16:33,225.85,88698
2021-05-31 09:16:39,225.8,90963
2021-05-31 09:16:45,225.6,96335
2021-05-31 09:16:51,225.75,99270
2021-05-31 09:16:57,225.95,123300
2021-05-31 09:17:04,225.95,124974
2021-05-31 09:17:10,225.95,130134
2021-05-31 09:17:16,225.65,151750
2021-05-31 09:17:22,225.25,152500
2021-05-31 09:17:28,225.3,155037
2021-05-31 09:17:34,225.4,156204
2021-05-31 09:17:40,225.25,159639
2021-05-31 09:17:46,225.0,174490
2021-05-31 09:17:52,224.95,176799
2021-05-31 09:17:58,224.85,177348
2021-05-31 09:18:04,224.75,188780
2021-05-31 09:18:10,224.65,191615
2021-05-31 09:18:16,224.5,205073
2021-05-31 09:18:22,224.45,214950
2021-05-31 09:18:28,224.6,217589
2021-05-31 09:18:34,224.65,218620
2021-05-31 09:18:40,224.75,219525
2021-05-31 09:18:46,224.9,220480
2021-05-31 09:18:52,224.65,224382
2021-05-31 09:18:58,224.95,227606
2021-05-31 09:19:04,225.0,230253
2021-05-31 09:19:16,225.0,232383
2021-05-31 09:19:22,225.0,232490
2021-05-31 09:19:28,225.0,236393
2021-05-31 09:19:34,224.9,238203
2021-05-31 09:19:40,224.9,238496
2021-05-31 09:19:46,224.85,246556
2021-05-31 09:19:52,224.85,246559
2021-05-31 09:19:57,224.9,247131
2021-05-31 09:20:03,224.55,263151
2021-05-31 09:20:09,224.75,265422
2021-05-31 09:20:15,224.75,265626
2021-05-31 09:20:21,224.75,267536
2021-05-31 09:20:27,224.75,269722
2021-05-31 09:20:33,224.8,271687
2021-05-31 09:20:35,224.65,271932
2021-05-31 09:20:36,224.35,297137
2021-05-31 09:20:37,224.25,297521
2021-05-31 09:20:39,224.25,297573
2021-05-31 09:20:40,224.35,297578
2021-05-31 09:20:41,224.1,304977
2021-05-31 09:20:41,224.1,304977
2021-05-31 09:20:42,224.05,305077
2021-05-31 09:20:43,224.05,305077
2021-05-31 09:20:44,224.05,305477
2021-05-31 09:20:45,224.05,308797
2021-05-31 09:20:49,224.3,321252
2021-05-31 09:20:52,224.1,323677
2021-05-31 09:20:53,224.1,323769
2021-05-31 09:20:55,224.25,324475
2021-05-31 09:20:56,224.25,324475
2021-05-31 09:20:57,224.1,324655
2021-05-31 09:20:57,224.1,324655
2021-05-31 09:20:58,224.1,324928
2021-05-31 09:20:59,224.1,324928
2021-05-31 09:21:00,224.25,327233
2021-05-31 09:21:01,224.05,328890
2021-05-31 09:21:02,224.05,330782
2021-05-31 09:21:03,224.05,330826
2021-05-31 09:21:05,224.1,330870
2021-05-31 09:21:06,224.05,331496
2021-05-31 09:21:07,224.15,331689
2021-05-31 09:21:08,224.05,332254
2021-05-31 09:21:09,224.15,332618
2021-05-31 09:21:09,224.15,332618
2021-05-31 09:21:10,224.15,332618
2021-05-31 09:21:11,224.05,332812
2021-05-31 09:21:12,224.15,332833
2021-05-31 09:21:13,224.15,332833
2021-05-31 09:21:14,224.15,332833
2021-05-31 09:21:15,224.15,332868
2021-05-31 09:21:16,224.15,333640
2021-05-31 09:21:17,224.15,333730
2021-05-31 09:21:18,224.15,333730
2021-05-31 09:21:19,224.2,333840
2021-05-31 09:21:20,224.15,333905
2021-05-31 09:21:21,224.15,333905
2021-05-31 09:21:22,224.15,333905
2021-05-31 09:21:23,224.2,334005
2021-05-31 09:21:25,224.25,334155
2021-05-31 09:21:26,224.2,334159
2021-05-31 09:21:26,224.2,335395
2021-05-31 09:21:28,224.2,335705
2021-05-31 09:21:28,224.15,336185
2021-05-31 09:21:29,224.15,336941
2021-05-31 09:21:30,224.15,337093
2021-05-31 09:21:31,224.1,337138
2021-05-31 09:21:32,224.05,376851
2021-05-31 09:21:33,224.05,377920
2021-05-31 09:21:34,224.05,378464
2021-05-31 09:21:35,224.05,378464
2021-05-31 09:21:36,224.05,378517
2021-05-31 09:21:38,224.15,378816
2021-05-31 09:21:38,224.15,378816
2021-05-31 09:21:40,224.15,378816
2021-05-31 09:21:41,224.15,378861
2021-05-31 09:21:43,224.15,378970
2021-05-31 09:21:44,223.85,391640
2021-05-31 09:21:45,224.0,393680
2021-05-31 09:21:46,224.05,395587
2021-05-31 09:21:46,224.05,395587
2021-05-31 09:21:47,224.05,395587
2021-05-31 09:21:48,224.05,395587
2021-05-31 09:21:49,224.1,395619
2021-05-31 09:21:50,224.15,395999
2021-05-31 09:21:51,223.95,396303
2021-05-31 09:21:53,224.1,397578
2021-05-31 09:21:53,224.05,398011
2021-05-31 09:21:55,224.05,398022
2021-05-31 09:21:56,224.1,398397
2021-05-31 09:21:57,223.9,398648
2021-05-31 09:21:58,223.9,398648
2021-05-31 09:21:59,224.0,399247
2021-05-31 09:22:00,224.05,399839
2021-05-31 09:22:01,224.05,409812
2021-05-31 09:22:02,224.0,412367
2021-05-31 09:22:03,224.2,412483
2021-05-31 09:22:04,224.25,413028
2021-05-31 09:22:05,224.25,413028
2021-05-31 09:22:07,224.1,414545
2021-05-31 09:22:08,224.3,418144
2021-05-31 09:22:09,224.15,418689
2021-05-31 09:22:10,224.15,418689
2021-05-31 09:22:11,224.15,419733
2021-05-31 09:22:12,224.1,419827
2021-05-31 09:22:13,224.25,420073
2021-05-31 09:22:13,224.25,420073
2021-05-31 09:22:14,224.05,420117
2021-05-31 09:22:15,224.25,420127
2021-05-31 09:22:17,224.2,421799
2021-05-31 09:22:18,224.1,422771
2021-05-31 09:22:19,224.1,422772
2021-05-31 09:22:20,224.25,422832
2021-05-31 09:22:21,224.25,422832
2021-05-31 09:22:21,224.25,422832
2021-05-31 09:22:22,224.05,423558
2021-05-31 09:22:23,224.05,424060
2021-05-31 09:22:25,224.05,424104
2021-05-31 09:22:25,224.05,431626
2021-05-31 09:22:27,224.1,431630
2021-05-31 09:22:27,224.1,431630
2021-05-31 09:22:28,223.95,432262
2021-05-31 09:22:29,223.95,432262
2021-05-31 09:22:30,224.1,432271
2021-05-31 09:22:31,223.95,432273
2021-05-31 09:22:33,224.0,432287
2021-05-31 09:22:34,224.0,432287
2021-05-31 09:22:35,224.0,432287
2021-05-31 09:22:36,224.0,432287
2021-05-31 09:22:37,223.95,432376
2021-05-31 09:22:39,224.0,432610
2021-05-31 09:22:39,224.0,432610
2021-05-31 09:22:41,223.95,432680
2021-05-31 09:22:41,223.95,432681
2021-05-31 09:22:42,224.0,432686
2021-05-31 09:22:43,224.0,432686
2021-05-31 09:22:44,224.0,432686
2021-05-31 09:22:45,224.0,432686
2021-05-31 09:22:46,223.75,438149
2021-05-31 09:22:47,223.8,438224
2021-05-31 09:22:48,223.9,438234
2021-05-31 09:22:49,223.9,438234
2021-05-31 09:22:50,223.8,439334
2021-05-31 09:22:52,223.9,439344
2021-05-31 09:22:53,223.8,439392
2021-05-31 09:22:54,223.8,440138
2021-05-31 09:22:54,223.8,440138
2021-05-31 09:22:56,223.8,440158
2021-05-31 09:22:56,223.8,440292
2021-05-31 09:22:58,223.9,440293
2021-05-31 09:22:59,223.9,440293
2021-05-31 09:23:00,223.85,442298
2021-05-31 09:23:01,223.85,442320
2021-05-31 09:23:01,223.85,442324
2021-05-31 09:23:02,223.85,442324
2021-05-31 09:23:04,223.85,442326
2021-05-31 09:23:04,223.85,442326
2021-05-31 09:23:05,223.9,442432
2021-05-31 09:23:06,223.9,442432
2021-05-31 09:23:07,224.1,448759
2021-05-31 09:23:08,224.25,448764
2021-05-31 09:23:09,224.1,449496
2021-05-31 09:23:11,224.1,449596
2021-05-31 09:23:12,224.05,449600
2021-05-31 09:23:13,224.05,452139
2021-05-31 09:23:14,224.15,452155
2021-05-31 09:23:15,224.15,452155
2021-05-31 09:23:15,224.0,452655
2021-05-31 09:23:16,224.0,453543
2021-05-31 09:23:18,224.1,453573
2021-05-31 09:23:19,224.1,453673
2021-05-31 09:23:20,224.0,453723
2021-05-31 09:23:20,224.0,453923
2021-05-31 09:23:21,224.0,453927
2021-05-31 09:23:22,224.1,453940
2021-05-31 09:23:23,224.1,453940
2021-05-31 09:23:25,224.05,454140
2021-05-31 09:23:26,224.05,454140
2021-05-31 09:23:27,224.05,454140
2021-05-31 09:23:28,224.05,454140
2021-05-31 09:23:29,224.1,454190
2021-05-31 09:23:29,224.1,454190
2021-05-31 09:23:31,224.0,454374
2021-05-31 09:23:32,224.0,454378
2021-05-31 09:23:33,224.0,454378
2021-05-31 09:23:34,224.0,454378
2021-05-31 09:23:35,224.1,454398
2021-05-31 09:23:36,224.1,454398
2021-05-31 09:23:36,224.1,454398
2021-05-31 09:23:37,224.1,454398
2021-05-31 09:23:38,224.1,454408
2021-05-31 09:23:39,224.0,454992
2021-05-31 09:23:41,224.0,456356
2021-05-31 09:23:42,224.0,457807
2021-05-31 09:23:43,224.1,457907
2021-05-31 09:23:43,224.1,458007
2021-05-31 09:23:45,224.1,458007
2021-05-31 09:23:45,224.1,458007
2021-05-31 09:23:46,224.1,458526
2021-05-31 09:23:47,224.1,458825
2021-05-31 09:23:48,224.15,458826
2021-05-31 09:23:49,224.15,458826
2021-05-31 09:23:51,224.1,458834
2021-05-31 09:23:52,224.15,458848
2021-05-31 09:23:53,224.2,458948
2021-05-31 09:23:54,224.2,458973
2021-05-31 09:23:55,224.2,459576
2021-05-31 09:23:55,224.2,459576
2021-05-31 09:23:56,224.2,459576
2021-05-31 09:23:58,224.0,463140
2021-05-31 09:23:59,224.0,463140
2021-05-31 09:23:59,224.0,463140
2021-05-31 09:24:00,224.05,463291
2021-05-31 09:24:01,224.05,463291
2021-05-31 09:24:02,224.15,467652
2021-05-31 09:24:03,224.15,467760
2021-05-31 09:24:05,224.15,469274
2021-05-31 09:24:06,224.15,469274
2021-05-31 09:24:06,224.15,469274
2021-05-31 09:24:07,224.3,469276
2021-05-31 09:24:08,224.15,469278
2021-05-31 09:24:09,224.3,469928
2021-05-31 09:24:10,224.3,469928
2021-05-31 09:24:11,224.15,469932
2021-05-31 09:24:12,224.15,469932
2021-05-31 09:24:14,224.15,469932
2021-05-31 09:24:15,224.3,469936
2021-05-31 09:24:16,224.3,469936
2021-05-31 09:24:18,224.3,469936
2021-05-31 09:24:17,224.3,469936
2021-05-31 09:24:19,224.3,469936
2021-05-31 09:24:20,224.15,470140
2021-05-31 09:24:21,224.2,470150
2021-05-31 09:24:23,224.15,471331
2021-05-31 09:24:22,224.15,471331
2021-05-31 09:24:23,224.15,471331
2021-05-31 09:24:24,224.15,471331
2021-05-31 09:24:26,224.2,471386
2021-05-31 09:24:27,224.2,473387
2021-05-31 09:24:28,224.2,473789
2021-05-31 09:24:29,224.15,475007
2021-05-31 09:24:30,224.15,476859
2021-05-31 09:24:31,224.2,477111
2021-05-31 09:24:31,224.15,477115
2021-05-31 09:24:33,224.15,477115
2021-05-31 09:24:34,224.2,477117
2021-05-31 09:24:35,224.15,477164
2021-05-31 09:24:36,224.15,477164
2021-05-31 09:24:37,224.15,477164
2021-05-31 09:24:38,224.2,477166
2021-05-31 09:24:39,224.2,477167
2021-05-31 09:24:40,224.2,477167
2021-05-31 09:24:41,224.1,478748
2021-05-31 09:24:42,224.05,478752
2021-05-31 09:24:43,224.05,478752
2021-05-31 09:24:44,224.05,480346
2021-05-31 09:24:45,224.05,480346
2021-05-31 09:24:45,224.05,480346
2021-05-31 09:24:47,224.05,480346
2021-05-31 09:24:48,224.15,480356
2021-05-31 09:24:49,224.15,480356
2021-05-31 09:24:50,224.15,480356
2021-05-31 09:24:51,224.15,480356
2021-05-31 09:24:52,224.05,481327
2021-05-31 09:24:53,224.15,481369
2021-05-31 09:24:54,224.15,481396
2021-05-31 09:24:55,224.15,481396
2021-05-31 09:24:56,224.15,481396
2021-05-31 09:24:57,224.1,481456
2021-05-31 09:24:58,224.05,481676
2021-05-31 09:24:59,224.15,481781
2021-05-31 09:25:00,224.05,482734
2021-05-31 09:25:01,224.1,484839
2021-05-31 09:25:02,223.95,484843
2021-05-31 09:25:03,223.95,484843
2021-05-31 09:25:04,223.95,484843
2021-05-31 09:25:05,223.9,486252
2021-05-31 09:25:06,224.0,486257
2021-05-31 09:25:06,224.0,486257
2021-05-31 09:25:07,224.0,486257
2021-05-31 09:25:09,224.0,486257
2021-05-31 09:25:09,223.9,486458
2021-05-31 09:25:10,224.0,486463
2021-05-31 09:25:12,224.0,486483
2021-05-31 09:25:13,223.95,486763
2021-05-31 09:25:14,223.95,486763
2021-05-31 09:25:15,224.0,487053
2021-05-31 09:25:15,224.0,487053
2021-05-31 09:25:16,224.0,487125
2021-05-31 09:25:17,224.0,488477
2021-05-31 09:25:18,224.0,488497
2021-05-31 09:25:19,224.0,489477
2021-05-31 09:25:21,224.1,490262
2021-05-31 09:25:21,224.0,490266
2021-05-31 09:25:22,224.0,490266
2021-05-31 09:25:25,224.0,490482
2021-05-31 09:25:26,224.0,490482
2021-05-31 09:25:27,224.0,490482
2021-05-31 09:25:28,224.0,490482
2021-05-31 09:25:29,224.2,491482
2021-05-31 09:25:32,224.1,492167
2021-05-31 09:25:33,224.1,492167
2021-05-31 09:25:34,224.1,492182
2021-05-31 09:25:35,224.1,492182
2021-05-31 09:25:40,224.0,492208
2021-05-31 09:25:46,224.2,496862
2021-05-31 09:25:51,224.2,496917
2021-05-31 09:25:57,224.2,498365
2021-05-31 09:26:03,224.0,505446
2021-05-31 09:26:08,224.2,505720
2021-05-31 09:26:14,224.2,506235
2021-05-31 09:26:19,224.15,507351
2021-05-31 09:26:24,224.3,509206
2021-05-31 09:26:30,224.2,515055
2021-05-31 09:26:35,224.25,515253
2021-05-31 09:26:41,224.2,518022
2021-05-31 09:26:47,224.3,518177
2021-05-31 09:26:52,224.2,519665
2021-05-31 09:26:57,224.3,519923
2021-05-31 09:27:03,224.35,522838
2021-05-31 09:27:08,224.35,523196
2021-05-31 09:27:14,224.35,524399
2021-05-31 09:27:20,224.35,528194
2021-05-31 09:27:25,224.4,528368
2021-05-31 09:27:31,224.2,533086
2021-05-31 09:27:36,224.15,533154
2021-05-31 09:27:46,224.1,536564
2021-05-31 09:27:52,223.95,549737
2021-05-31 09:27:57,224.0,549754
2021-05-31 09:28:02,223.9,549945
2021-05-31 09:28:07,223.9,550416
2021-05-31 09:28:12,223.85,551153
2021-05-31 09:28:18,223.9,552393
2021-05-31 09:28:23,223.8,552418
2021-05-31 09:28:28,223.9,552513
2021-05-31 09:28:33,223.95,552914
2021-05-31 09:28:38,224.0,553112
2021-05-31 09:28:43,224.0,557592
2021-05-31 09:28:48,223.9,557767
2021-05-31 09:28:53,224.0,557892
2021-05-31 09:28:59,224.15,560415
2021-05-31 09:29:04,224.0,564434
2021-05-31 09:29:09,223.95,564550
2021-05-31 09:29:15,223.9,567510
2021-05-31 09:29:20,223.95,567860
2021-05-31 09:29:25,223.9,567967
2021-05-31 09:29:31,223.85,568620
2021-05-31 09:29:36,223.9,568721
2021-05-31 09:29:41,223.9,568721
2021-05-31 09:29:46,223.9,569264
2021-05-31 09:29:51,223.9,569264
2021-05-31 09:29:57,224.0,569414
2021-05-31 09:30:02,223.9,573064
2021-05-31 09:30:07,223.95,573225
2021-05-31 09:30:13,223.9,573564
2021-05-31 09:30:18,223.85,575987
2021-05-31 09:30:23,224.0,576182
2021-05-31 09:30:28,224.1,581118
2021-05-31 09:30:34,224.0,582091
2021-05-31 09:30:40,224.0,582304
2021-05-31 09:30:45,224.25,583826
2021-05-31 09:30:50,224.25,584736
2021-05-31 09:30:55,224.25,586296
2021-05-31 09:31:01,224.05,592679
2021-05-31 09:31:06,224.15,593587
2021-05-31 09:31:10,224.15,594561
2021-05-31 09:31:16,224.25,594613
2021-05-31 09:31:21,224.15,595429
2021-05-31 09:31:26,224.25,596707
2021-05-31 09:31:31,224.15,596859
2021-05-31 09:31:36,224.2,596977
2021-05-31 09:31:42,224.15,605735
2021-05-31 09:31:47,224.4,612191
2021-05-31 09:31:52,224.35,612693
2021-05-31 09:31:57,224.35,613472
2021-05-31 09:32:02,224.45,613772
2021-05-31 09:32:12,224.6,619175
2021-05-31 09:32:17,224.5,619679
2021-05-31 09:32:22,224.5,621398
2021-05-31 09:32:27,224.6,621727
2021-05-31 09:32:32,224.5,622610
2021-05-31 09:32:38,224.65,623955
2021-05-31 09:32:43,224.65,624778
2021-05-31 09:32:48,224.75,627415
2021-05-31 09:32:53,224.8,629830
2021-05-31 09:32:58,224.85,630090
2021-05-31 09:33:03,224.85,631848
2021-05-31 09:33:08,224.85,631848
2021-05-31 09:33:14,224.85,638295
2021-05-31 09:33:18,224.8,640139
2021-05-31 09:33:23,224.85,641376
2021-05-31 09:33:28,224.85,642663
2021-05-31 09:33:33,224.85,643015
2021-05-31 09:33:38,224.85,643159
2021-05-31 09:33:43,224.8,649841
2021-05-31 09:33:48,224.8,649884
2021-05-31 09:33:53,224.8,649910
2021-05-31 09:33:59,224.8,649920
2021-05-31 09:34:03,224.85,650074
2021-05-31 09:34:09,224.85,651355
2021-05-31 09:34:13,224.85,652445
2021-05-31 09:34:18,224.85,653299
2021-05-31 09:34:23,224.85,653625
2021-05-31 09:34:28,224.8,654445
2021-05-31 09:34:33,224.85,663631
2021-05-31 09:34:38,225.0,664216
2021-05-31 09:34:43,225.0,664216
2021-05-31 09:34:48,224.95,666926
2021-05-31 09:34:53,224.9,670543
2021-05-31 09:34:58,224.8,675134
2021-05-31 09:35:03,224.8,675438
2021-05-31 09:35:07,224.85,675834
2021-05-31 09:35:12,224.9,675912
2021-05-31 09:35:17,224.85,676022
2021-05-31 09:35:22,224.95,681030
2021-05-31 09:35:27,224.85,682190
2021-05-31 09:35:32,224.85,682896
2021-05-31 09:35:37,224.9,682996
2021-05-31 09:35:42,224.9,682996
2021-05-31 09:35:47,224.95,705158
2021-05-31 09:35:52,225.0,705978
2021-05-31 09:35:57,225.0,708747
2021-05-31 09:36:02,224.9,714649
2021-05-31 09:36:07,224.9,716032
2021-05-31 09:36:12,224.9,716312
2021-05-31 09:36:17,224.9,717529
2021-05-31 09:36:22,224.9,719142
2021-05-31 09:36:27,224.8,732225
2021-05-31 09:36:33,225.0,734277
2021-05-31 09:36:38,224.95,734854
2021-05-31 09:36:48,225.05,735070
2021-05-31 09:36:53,224.95,735400
2021-05-31 09:36:59,225.1,736542
2021-05-31 09:37:04,225.05,738134
2021-05-31 09:37:09,224.95,742130
2021-05-31 09:37:14,225.0,743230
2021-05-31 09:37:19,224.95,744192
2021-05-31 09:37:24,224.85,744492
2021-05-31 09:37:29,224.95,744493
2021-05-31 09:37:34,224.95,744648
2021-05-31 09:37:39,225.0,744866
2021-05-31 09:37:44,224.95,744954
2021-05-31 09:37:49,224.95,746031
2021-05-31 09:37:54,225.0,746096
2021-05-31 09:37:59,224.8,754444
2021-05-31 09:38:04,224.8,756763
2021-05-31 09:38:09,224.8,756763
2021-05-31 09:38:14,224.85,756953
2021-05-31 09:38:19,224.85,757380
2021-05-31 09:38:24,224.75,761778
2021-05-31 09:38:28,224.8,763395
2021-05-31 09:38:33,224.75,765475
2021-05-31 09:38:38,224.8,767051
2021-05-31 09:38:42,224.85,771146
2021-05-31 09:38:47,224.9,771236
2021-05-31 09:38:52,224.9,771260
2021-05-31 09:38:57,224.85,771305
2021-05-31 09:39:01,224.8,774294
2021-05-31 09:39:06,224.85,774530
2021-05-31 09:39:11,224.8,774826
2021-05-31 09:39:15,224.8,778995
2021-05-31 09:39:20,224.75,782136
2021-05-31 09:39:25,224.65,783123
2021-05-31 09:39:29,224.65,783123
2021-05-31 09:39:34,224.7,783289
2021-05-31 09:39:39,224.7,783539
2021-05-31 09:39:43,224.7,783742
2021-05-31 09:39:48,224.65,784743
2021-05-31 09:39:52,224.7,785744
2021-05-31 09:39:56,224.65,785876
2021-05-31 09:40:01,224.7,787217
2021-05-31 09:40:06,224.75,790296
2021-05-31 09:40:10,224.9,800091
2021-05-31 09:40:15,224.85,800092
2021-05-31 09:40:20,224.9,800804
2021-05-31 09:40:24,224.9,801347
2021-05-31 09:40:29,224.85,801569
2021-05-31 09:40:34,224.85,802403
2021-05-31 09:40:39,224.9,802433
2021-05-31 09:40:43,224.9,804092
2021-05-31 09:40:47,224.9,805828
2021-05-31 09:40:52,224.95,808348
2021-05-31 09:40:56,224.95,808348
2021-05-31 09:41:01,224.9,809436
2021-05-31 09:41:05,224.8,812856
2021-05-31 09:41:10,224.8,813101
2021-05-31 09:41:15,224.85,813102
2021-05-31 09:41:20,224.85,813102
2021-05-31 09:41:25,224.85,813187
2021-05-31 09:41:29,224.8,814144
2021-05-31 09:41:34,224.9,817043
2021-05-31 09:41:38,224.85,817063
2021-05-31 09:41:43,224.7,824089
2021-05-31 09:41:48,224.75,827233
2021-05-31 09:41:52,224.75,828030
2021-05-31 09:41:57,224.75,828120
2021-05-31 09:42:02,224.85,830510
2021-05-31 09:42:07,224.9,838036
2021-05-31 09:42:11,224.95,838331
2021-05-31 09:42:16,224.9,838903
2021-05-31 09:42:21,224.9,840891
2021-05-31 09:42:26,224.9,841048
2021-05-31 09:42:31,224.9,843779
2021-05-31 09:42:35,224.85,845803
2021-05-31 09:42:40,224.75,846378
2021-05-31 09:42:45,224.8,847441
2021-05-31 09:42:49,224.95,847946
2021-05-31 09:42:53,224.8,848571
2021-05-31 09:42:58,224.8,849600
2021-05-31 09:43:02,224.9,849765
2021-05-31 09:43:06,224.85,850440
2021-05-31 09:43:11,224.8,851923
2021-05-31 09:43:15,224.85,854566
2021-05-31 09:43:20,224.9,855111
2021-05-31 09:43:24,224.9,855111
2021-05-31 09:43:28,224.9,855200
2021-05-31 09:43:33,225.0,855593
2021-05-31 09:43:37,224.95,855613
2021-05-31 09:43:42,225.0,855623
2021-05-31 09:43:46,224.95,859223
2021-05-31 09:43:51,225.0,864427
2021-05-31 09:43:55,224.95,867865
2021-05-31 09:44:00,224.95,869873
2021-05-31 09:44:04,224.95,870025
2021-05-31 09:44:08,224.95,870125
2021-05-31 09:44:12,225.0,870325
2021-05-31 09:44:17,225.0,870720
2021-05-31 09:44:22,224.95,870832
2021-05-31 09:44:26,224.95,870832
2021-05-31 09:44:31,224.95,873718
2021-05-31 09:44:35,224.95,873770
2021-05-31 09:44:39,224.95,873778
2021-05-31 09:44:44,224.95,874688
2021-05-31 09:44:48,225.1,875944
2021-05-31 09:44:52,225.0,875984
2021-05-31 09:44:56,224.95,876589
2021-05-31 09:45:01,225.0,877178
2021-05-31 09:45:05,225.0,882942
2021-05-31 09:45:10,225.05,886268
2021-05-31 09:45:15,224.95,890045
2021-05-31 09:45:20,224.9,891434
2021-05-31 09:45:24,224.95,891584
2021-05-31 09:45:28,224.9,891872
2021-05-31 09:45:33,224.85,892212
2021-05-31 09:45:37,224.8,900045
2021-05-31 09:45:42,224.85,901304
2021-05-31 09:45:46,224.8,901763
2021-05-31 09:45:51,224.8,902384
2021-05-31 09:45:55,224.9,903831
2021-05-31 09:46:00,224.8,904890
2021-05-31 09:46:05,224.9,906129
2021-05-31 09:46:10,224.9,907681
2021-05-31 09:46:15,224.9,907681
2021-05-31 09:46:20,224.85,908510
2021-05-31 09:46:24,224.8,909191
2021-05-31 09:46:29,224.8,909822
2021-05-31 09:46:34,224.8,911443
2021-05-31 09:46:38,224.85,911485
2021-05-31 09:46:42,224.85,911485
2021-05-31 09:46:47,224.85,911485
2021-05-31 09:46:51,224.85,914091
2021-05-31 09:46:55,224.8,917718
2021-05-31 09:46:59,224.75,928113
2021-05-31 09:47:04,224.7,933922
2021-05-31 09:47:08,224.75,944286
2021-05-31 09:47:13,224.8,947685
2021-05-31 09:47:17,224.95,947912
2021-05-31 09:47:21,225.0,947995
2021-05-31 09:47:26,225.0,947995
2021-05-31 09:47:30,225.0,948091
2021-05-31 09:47:35,225.0,950826
2021-05-31 09:47:39,225.0,950826
2021-05-31 09:47:44,224.9,951436
2021-05-31 09:47:48,225.0,951603
2021-05-31 09:47:57,225.0,951727
2021-05-31 09:48:02,224.9,951893
2021-05-31 09:48:06,225.0,951995
2021-05-31 09:48:10,224.95,952052
2021-05-31 09:48:14,224.95,952063
2021-05-31 09:48:19,224.95,952395
2021-05-31 09:48:24,225.0,952427
2021-05-31 09:48:29,224.9,952524
2021-05-31 09:48:33,224.95,952779
2021-05-31 09:48:38,224.9,955282
2021-05-31 09:48:42,225.0,960601
2021-05-31 09:48:46,225.0,961198
2021-05-31 09:48:51,225.0,961294
2021-05-31 09:48:55,225.0,961306
2021-05-31 09:49:00,225.05,976089
2021-05-31 09:49:04,225.1,976123
2021-05-31 09:49:09,225.15,978169
2021-05-31 09:49:13,225.15,978217
2021-05-31 09:49:17,225.1,979537
2021-05-31 09:49:22,225.1,982839
2021-05-31 09:49:26,225.1,982839
2021-05-31 09:49:30,225.15,983736
2021-05-31 09:49:34,225.15,984610
2021-05-31 09:49:38,225.15,984700
2021-05-31 09:49:43,225.1,994410
2021-05-31 09:49:48,225.2,996817
2021-05-31 09:49:53,225.15,997273
2021-05-31 09:49:58,225.15,997426
2021-05-31 09:50:03,225.15,1000060
2021-05-31 09:50:08,225.25,1000770
2021-05-31 09:50:13,225.25,1000784
2021-05-31 09:50:18,225.25,1000824
2021-05-31 09:50:22,225.15,1000974
2021-05-31 09:50:26,225.15,1001267
2021-05-31 09:50:30,225.2,1002731
2021-05-31 09:50:34,225.25,1002861
2021-05-31 09:50:39,225.25,1002909
2021-05-31 09:50:43,225.2,1004224
2021-05-31 09:50:47,225.2,1005231
2021-05-31 09:50:52,225.2,1005502
2021-05-31 09:50:56,225.25,1005532
2021-05-31 09:51:01,225.2,1007088
2021-05-31 09:51:05,225.25,1008066
2021-05-31 09:51:09,225.25,1009099
2021-05-31 09:51:13,225.25,1011320
2021-05-31 09:51:18,225.25,1011320
2021-05-31 09:51:22,225.2,1015436
2021-05-31 09:51:27,225.2,1022305
2021-05-31 09:51:31,225.25,1024989
2021-05-31 09:51:35,225.3,1025990
2021-05-31 09:51:40,225.3,1026530
2021-05-31 09:51:44,225.25,1026537
2021-05-31 09:51:47,225.25,1026585
2021-05-31 09:51:52,225.3,1028224
2021-05-31 09:51:56,225.25,1028250
2021-05-31 09:52:01,225.3,1028894
2021-05-31 09:52:06,225.25,1029074
2021-05-31 09:52:15,225.35,1038027
2021-05-31 09:52:19,225.4,1041522
2021-05-31 09:52:24,225.4,1041523
2021-05-31 09:52:28,225.4,1042814
2021-05-31 09:52:32,225.4,1046538
2021-05-31 09:52:36,225.55,1059711
2021-05-31 09:52:40,225.65,1062801
2021-05-31 09:52:44,225.65,1063151
2021-05-31 09:52:48,225.65,1063873
2021-05-31 09:52:52,225.65,1065937
2021-05-31 09:52:56,225.55,1071012
2021-05-31 09:53:00,225.5,1073201
2021-05-31 09:53:04,225.45,1073302
2021-05-31 09:53:08,225.45,1073869
2021-05-31 09:53:13,225.45,1073940
2021-05-31 09:53:17,225.4,1074302
2021-05-31 09:53:21,225.55,1076302
2021-05-31 09:53:26,225.5,1078456
2021-05-31 09:53:35,225.65,1078797
2021-05-31 09:53:39,225.65,1078798
2021-05-31 09:53:43,225.5,1082198
2021-05-31 09:53:47,225.5,1083338
2021-05-31 09:53:51,225.6,1085557
2021-05-31 09:53:56,225.5,1088073
2021-05-31 09:54:03,225.5,1091004
2021-05-31 09:54:07,225.45,1092677
2021-05-31 09:54:15,225.5,1093153
2021-05-31 09:54:20,225.5,1093552
2021-05-31 09:54:25,225.6,1096052
2021-05-31 09:54:29,225.45,1096829
2021-05-31 09:54:33,225.55,1097231
2021-05-31 09:54:38,225.5,1099380
2021-05-31 09:54:42,225.45,1101422
2021-05-31 09:54:46,225.45,1101895
2021-05-31 09:54:50,225.55,1103986
2021-05-31 09:54:55,225.45,1104475
2021-05-31 09:54:59,225.5,1104542
2021-05-31 09:55:03,225.5,1104744
2021-05-31 09:55:07,225.6,1105009
2021-05-31 09:55:11,225.6,1105109
2021-05-31 09:55:14,225.5,1109550
2021-05-31 09:55:18,225.65,1111588
2021-05-31 09:55:22,225.5,1113676
2021-05-31 09:55:26,225.5,1114226
2021-05-31 09:55:31,225.5,1115079
2021-05-31 09:55:35,225.55,1117240
2021-05-31 09:55:40,225.5,1118742
2021-05-31 09:55:44,225.5,1118793
2021-05-31 09:55:49,225.5,1118842
2021-05-31 09:55:53,225.5,1118851
2021-05-31 09:55:57,225.45,1118874
2021-05-31 09:56:01,225.45,1119442
2021-05-31 09:56:05,225.4,1120171
2021-05-31 09:56:09,225.5,1120757
2021-05-31 09:56:12,225.5,1120818
2021-05-31 09:56:16,225.5,1120878
2021-05-31 09:56:20,225.5,1120927
2021-05-31 09:56:24,225.5,1121007
2021-05-31 09:56:28,225.5,1121007
2021-05-31 09:56:32,225.45,1121248
2021-05-31 09:56:37,225.45,1121348
2021-05-31 09:56:41,225.5,1121396
2021-05-31 09:56:45,225.5,1121406
2021-05-31 09:56:49,225.5,1121511
2021-05-31 09:56:53,225.5,1121583
2021-05-31 09:56:57,225.5,1121584
2021-05-31 09:57:01,225.45,1121822
2021-05-31 09:57:05,225.45,1121873
2021-05-31 09:57:09,225.5,1122021
2021-05-31 09:57:13,225.5,1122021
2021-05-31 09:57:17,225.5,1122021
2021-05-31 09:57:21,225.5,1122464
2021-05-31 09:57:25,225.5,1122464
2021-05-31 09:57:28,225.45,1122764
2021-05-31 09:57:33,225.45,1123004
2021-05-31 09:57:37,225.45,1123091
2021-05-31 09:57:41,225.5,1123164
2021-05-31 09:57:46,225.45,1124774
2021-05-31 09:57:50,225.45,1129017
2021-05-31 09:58:00,225.5,1130718
2021-05-31 09:58:04,225.45,1131203
2021-05-31 09:58:08,225.45,1131228
2021-05-31 09:58:13,225.4,1136450
2021-05-31 09:58:17,225.35,1137067
2021-05-31 09:58:22,225.4,1137215
2021-05-31 09:58:26,225.35,1138159
2021-05-31 09:58:30,225.3,1140558
2021-05-31 09:58:35,225.35,1141813
2021-05-31 09:58:39,225.35,1141868
2021-05-31 09:58:43,225.35,1141869
2021-05-31 09:58:47,225.35,1141869
2021-05-31 09:58:51,225.3,1142023
2021-05-31 09:58:56,225.35,1142394
2021-05-31 09:59:00,225.35,1142743
2021-05-31 09:59:04,225.4,1145622
2021-05-31 09:59:08,225.5,1151751
2021-05-31 09:59:13,225.4,1152146
2021-05-31 09:59:17,225.5,1153146
2021-05-31 09:59:21,225.4,1154742
2021-05-31 09:59:25,225.5,1154854
2021-05-31 09:59:29,225.4,1155521
2021-05-31 09:59:33,225.4,1155673
2021-05-31 09:59:36,225.4,1155694
2021-05-31 09:59:40,225.45,1155752
2021-05-31 09:59:44,225.4,1155802
2021-05-31 09:59:48,225.4,1155802
2021-05-31 09:59:52,225.45,1155850
2021-05-31 09:59:57,225.45,1156449
2021-05-31 10:00:01,225.4,1157292
2021-05-31 10:00:05,225.4,1157633
2021-05-31 10:00:10,225.5,1161250
2021-05-31 10:00:14,225.65,1167880
2021-05-31 10:00:18,225.65,1170007
2021-05-31 10:00:22,225.6,1173525
2021-05-31 10:00:27,225.5,1174856
2021-05-31 10:00:31,225.55,1177582
2021-05-31 10:00:35,225.5,1182202
2021-05-31 10:00:40,225.55,1185390
2021-05-31 10:00:44,225.5,1186742
2021-05-31 10:00:48,225.45,1186896
2021-05-31 10:00:53,225.5,1186995
2021-05-31 10:00:57,225.45,1187445
2021-05-31 10:01:01,225.5,1187850
2021-05-31 10:01:05,225.5,1188026
2021-05-31 10:01:09,225.5,1188174
2021-05-31 10:01:13,225.45,1192780
2021-05-31 10:01:17,225.5,1192932
2021-05-31 10:01:22,225.4,1195218
2021-05-31 10:01:26,225.4,1197737
2021-05-31 10:01:30,225.5,1197790
2021-05-31 10:01:34,225.5,1197790
2021-05-31 10:01:38,225.5,1197790
2021-05-31 10:01:41,225.5,1198476
2021-05-31 10:01:46,225.5,1198479
2021-05-31 10:01:50,225.45,1198643
2021-05-31 10:01:55,225.5,1199483
2021-05-31 10:01:59,225.45,1201818
2021-05-31 10:02:03,225.4,1203470
2021-05-31 10:02:07,225.4,1203649
2021-05-31 10:02:11,225.5,1203659
2021-05-31 10:02:15,225.5,1203669
2021-05-31 10:02:19,225.4,1204228
2021-05-31 10:02:23,225.4,1204495
2021-05-31 10:02:27,225.6,1205247
2021-05-31 10:02:31,225.55,1207264
2021-05-31 10:02:35,225.5,1207624
2021-05-31 10:02:39,225.65,1209031
2021-05-31 10:02:43,225.6,1211179
2021-05-31 10:02:47,225.55,1213248
2021-05-31 10:02:51,225.6,1214502
2021-05-31 10:02:54,225.6,1216570
2021-05-31 10:02:58,225.45,1217581
2021-05-31 10:03:01,225.5,1218462
2021-05-31 10:03:05,225.6,1219484
2021-05-31 10:03:10,225.5,1219532
2021-05-31 10:03:13,225.5,1220008
2021-05-31 10:03:17,225.5,1220008
2021-05-31 10:03:21,225.5,1220159
2021-05-31 10:03:24,225.5,1220207
2021-05-31 10:03:28,225.6,1222125
2021-05-31 10:03:33,225.65,1223643
2021-05-31 10:03:37,225.65,1226696
2021-05-31 10:03:41,225.6,1229083
2021-05-31 10:03:44,225.45,1230751
2021-05-31 10:03:48,225.5,1231621
2021-05-31 10:03:52,225.4,1232568
2021-05-31 10:03:56,225.5,1233171
2021-05-31 10:04:00,225.55,1234350
2021-05-31 10:04:03,225.45,1235498
2021-05-31 10:04:07,225.6,1236672
2021-05-31 10:04:11,225.6,1238315
2021-05-31 10:04:15,225.65,1238610
2021-05-31 10:04:19,225.7,1238758
2021-05-31 10:04:23,225.7,1239598
2021-05-31 10:04:26,225.8,1241548
2021-05-31 10:04:30,225.8,1243626
2021-05-31 10:04:34,225.8,1244236
2021-05-31 10:04:38,225.85,1244543
2021-05-31 10:04:42,225.9,1245044
2021-05-31 10:04:46,225.9,1246305
2021-05-31 10:04:54,225.95,1247718
2021-05-31 10:04:58,225.95,1253714
2021-05-31 10:05:02,225.9,1255859
2021-05-31 10:05:06,225.85,1262826
2021-05-31 10:05:09,225.9,1264932
2021-05-31 10:05:13,225.8,1265432
2021-05-31 10:05:17,225.8,1265435
2021-05-31 10:05:21,225.85,1265957
2021-05-31 10:05:25,225.85,1266318
2021-05-31 10:05:29,225.9,1267118
2021-05-31 10:05:32,225.9,1267569
2021-05-31 10:05:36,225.85,1268602
2021-05-31 10:05:39,225.9,1269643
2021-05-31 10:05:43,225.9,1269643
2021-05-31 10:05:47,225.9,1270163
2021-05-31 10:05:52,225.9,1270213
2021-05-31 10:05:56,225.65,1274082
2021-05-31 10:06:00,225.8,1275219
2021-05-31 10:06:04,225.7,1275370
2021-05-31 10:06:08,225.75,1275418
2021-05-31 10:06:11,225.75,1275616
2021-05-31 10:06:15,225.75,1276659
2021-05-31 10:06:19,225.75,1276737
2021-05-31 10:06:23,225.8,1277388
2021-05-31 10:06:27,225.8,1277428
2021-05-31 10:06:31,225.8,1277836
2021-05-31 10:06:36,225.8,1277888
2021-05-31 10:06:39,225.75,1277970
2021-05-31 10:06:43,225.75,1278070
2021-05-31 10:06:48,225.8,1278370
2021-05-31 10:06:52,225.75,1278500
2021-05-31 10:06:55,225.7,1279526
2021-05-31 10:06:59,225.75,1281150
2021-05-31 10:07:03,225.75,1281276
2021-05-31 10:07:07,225.7,1281885
2021-05-31 10:07:11,225.75,1281933
2021-05-31 10:07:14,225.7,1282445
2021-05-31 10:07:18,225.75,1282515
2021-05-31 10:07:25,225.7,1282762
2021-05-31 10:07:28,225.7,1282762
2021-05-31 10:07:32,225.7,1283041
2021-05-31 10:07:36,225.75,1283086
2021-05-31 10:07:40,225.75,1283134
2021-05-31 10:07:43,225.75,1283483
2021-05-31 10:07:47,225.7,1284021
2021-05-31 10:07:51,225.75,1284099
2021-05-31 10:07:55,225.75,1285100
2021-05-31 10:07:59,225.75,1286778
2021-05-31 10:08:04,225.75,1286955
2021-05-31 10:08:08,225.85,1287003
2021-05-31 10:08:12,225.8,1287005
2021-05-31 10:08:17,225.8,1288561
2021-05-31 10:08:21,225.85,1288609
2021-05-31 10:08:25,225.85,1288684
2021-05-31 10:08:30,225.75,1294912
2021-05-31 10:08:34,225.75,1297239
2021-05-31 10:08:38,225.75,1297259
2021-05-31 10:08:42,225.75,1297307
2021-05-31 10:08:46,225.75,1297307
2021-05-31 10:08:50,225.75,1297365
2021-05-31 10:08:54,225.9,1298365
2021-05-31 10:08:58,225.9,1298465
2021-05-31 10:09:02,225.85,1298622
2021-05-31 10:09:06,225.7,1301325
2021-05-31 10:09:10,225.7,1304793
2021-05-31 10:09:14,225.75,1304973
2021-05-31 10:09:19,225.65,1305218
2021-05-31 10:09:23,225.35,1337226
2021-05-31 10:09:27,225.35,1346030
2021-05-31 10:09:31,225.35,1349061
2021-05-31 10:09:36,225.4,1350219
2021-05-31 10:09:40,225.35,1350544
2021-05-31 10:09:45,225.4,1351247
2021-05-31 10:09:50,225.45,1351704
2021-05-31 10:09:54,225.5,1353834
2021-05-31 10:09:58,225.5,1353834
2021-05-31 10:10:02,225.4,1353986
2021-05-31 10:10:07,225.45,1354136
2021-05-31 10:10:11,225.65,1355421
2021-05-31 10:10:16,225.65,1356735
2021-05-31 10:10:20,225.55,1356962
2021-05-31 10:10:25,225.5,1357063
2021-05-31 10:10:29,225.55,1357517
2021-05-31 10:10:33,225.55,1357688
2021-05-31 10:10:36,225.55,1357768
2021-05-31 10:10:40,225.55,1357916
2021-05-31 10:10:44,225.5,1359945
2021-05-31 10:10:49,225.45,1359963
2021-05-31 10:10:53,225.45,1360942
2021-05-31 10:10:56,225.5,1360946
2021-05-31 10:11:00,225.45,1361448
2021-05-31 10:11:03,225.45,1361458
2021-05-31 10:11:07,225.45,1361464
2021-05-31 10:11:10,225.35,1361819
2021-05-31 10:11:14,225.35,1362169
2021-05-31 10:11:17,225.45,1362294
2021-05-31 10:11:21,225.45,1362294
2021-05-31 10:11:25,225.45,1367751
2021-05-31 10:11:29,225.5,1369875
2021-05-31 10:11:33,225.75,1370857
2021-05-31 10:11:37,225.75,1370858
2021-05-31 10:11:41,225.7,1371511
2021-05-31 10:11:44,225.7,1371511
2021-05-31 10:11:48,225.75,1371686
2021-05-31 10:11:52,225.75,1371692
2021-05-31 10:11:55,225.75,1371742
2021-05-31 10:11:59,225.75,1371833
2021-05-31 10:12:03,225.75,1372006
2021-05-31 10:12:07,225.75,1372006
2021-05-31 10:12:11,225.75,1372079
2021-05-31 10:12:15,225.75,1372079
2021-05-31 10:12:19,225.7,1373039
2021-05-31 10:12:22,225.6,1373901
2021-05-31 10:12:26,225.6,1374001
2021-05-31 10:12:30,225.7,1374836
2021-05-31 10:12:33,225.7,1376412
2021-05-31 10:12:40,225.65,1377744
2021-05-31 10:12:44,225.65,1378223
2021-05-31 10:12:47,225.6,1378263
2021-05-31 10:12:50,225.6,1379568
2021-05-31 10:12:54,225.6,1380511
2021-05-31 10:12:57,225.8,1382436
2021-05-31 10:13:01,225.6,1382604
2021-05-31 10:13:04,225.7,1383273
2021-05-31 10:13:07,225.7,1383273
2021-05-31 10:13:11,225.7,1383273
2021-05-31 10:13:15,225.7,1383273
2021-05-31 10:13:19,225.7,1383321
2021-05-31 10:13:23,225.7,1383424
2021-05-31 10:13:27,225.6,1384883
2021-05-31 10:13:31,225.6,1385083
2021-05-31 10:13:35,225.6,1385083
2021-05-31 10:13:38,225.65,1385085
2021-05-31 10:13:42,225.65,1385133
2021-05-31 10:13:45,225.65,1385133
2021-05-31 10:13:49,225.65,1385579
2021-05-31 10:13:52,225.6,1385731
2021-05-31 10:14:00,225.65,1385792
2021-05-31 10:14:03,225.6,1385943
2021-05-31 10:14:07,225.6,1385953
2021-05-31 10:14:11,225.5,1388765
2021-05-31 10:14:14,225.55,1389917
2021-05-31 10:14:18,225.55,1389917
2021-05-31 10:14:22,225.5,1389966
2021-05-31 10:14:26,225.5,1389977
2021-05-31 10:14:29,225.5,1390075
2021-05-31 10:14:33,225.5,1390247
2021-05-31 10:14:36,225.5,1390247
2021-05-31 10:14:40,225.55,1390297
2021-05-31 10:14:43,225.55,1390347
2021-05-31 10:14:47,225.5,1391381
2021-05-31 10:14:50,225.55,1391435
2021-05-31 10:14:54,225.5,1392134
2021-05-31 10:14:58,225.5,1392134
2021-05-31 10:15:02,225.5,1392439
2021-05-31 10:15:06,225.5,1392549
2021-05-31 10:15:10,225.55,1392602
2021-05-31 10:15:13,225.55,1392602
2021-05-31 10:15:17,225.55,1392612
2021-05-31 10:15:20,225.55,1392660
2021-05-31 10:15:24,225.55,1393505
2021-05-31 10:15:28,225.65,1393765
2021-05-31 10:15:31,225.55,1393916
2021-05-31 10:15:35,225.7,1394916
2021-05-31 10:15:38,225.65,1394933
2021-05-31 10:15:42,225.65,1394953
2021-05-31 10:15:45,225.65,1394953
2021-05-31 10:15:48,225.65,1395644
2021-05-31 10:15:52,225.7,1395692
2021-05-31 10:15:55,225.7,1395710
2021-05-31 10:15:59,225.7,1395763
2021-05-31 10:16:02,225.65,1397923
2021-05-31 10:16:06,225.5,1398200
2021-05-31 10:16:10,225.5,1399326
2021-05-31 10:16:15,225.5,1401085
2021-05-31 10:16:18,225.6,1402124
2021-05-31 10:16:22,225.6,1402125
2021-05-31 10:16:26,225.45,1404006
2021-05-31 10:16:30,225.5,1404113
2021-05-31 10:16:34,225.45,1404511
2021-05-31 10:16:38,225.45,1404521
2021-05-31 10:16:42,225.45,1404569
2021-05-31 10:16:46,225.45,1404569
2021-05-31 10:16:49,225.45,1404717
2021-05-31 10:16:53,225.4,1405131
2021-05-31 10:16:57,225.4,1405131
2021-05-31 10:17:01,225.4,1405330
2021-05-31 10:17:04,225.45,1405500
2021-05-31 10:17:08,225.55,1406496
2021-05-31 10:17:12,225.55,1406496
2021-05-31 10:17:16,225.55,1406546
2021-05-31 10:17:19,225.45,1406828
2021-05-31 10:17:23,225.5,1408220
2021-05-31 10:17:26,225.5,1408227
2021-05-31 10:17:30,225.55,1408359
2021-05-31 10:17:33,225.55,1408512
2021-05-31 10:17:37,225.55,1408773
2021-05-31 10:17:41,225.55,1408991
2021-05-31 10:17:45,225.6,1409907
2021-05-31 10:17:48,225.6,1410217
2021-05-31 10:17:52,225.6,1410323
2021-05-31 10:17:56,225.6,1410422
2021-05-31 10:17:59,225.75,1415115
2021-05-31 10:18:03,225.8,1415982
2021-05-31 10:18:06,225.65,1417439
2021-05-31 10:18:11,225.75,1418712
2021-05-31 10:18:15,225.6,1418832
2021-05-31 10:18:19,225.75,1419083
2021-05-31 10:18:22,225.65,1419187
2021-05-31 10:18:26,225.65,1419187
2021-05-31 10:18:30,225.6,1419572
2021-05-31 10:18:33,225.75,1419923
2021-05-31 10:18:37,225.75,1420174
2021-05-31 10:18:41,225.75,1420174
2021-05-31 10:18:45,225.75,1420174
2021-05-31 10:18:49,225.75,1420522
2021-05-31 10:18:53,225.65,1420674
2021-05-31 10:18:57,225.65,1420674
2021-05-31 10:19:01,225.7,1421525
2021-05-31 10:19:05,225.65,1422854
2021-05-31 10:19:08,225.8,1424654
2021-05-31 10:19:12,225.7,1425054
2021-05-31 10:19:15,225.7,1425054
2021-05-31 10:19:19,225.8,1425060
2021-05-31 10:19:22,225.8,1425134
2021-05-31 10:19:26,225.75,1425140
2021-05-31 10:19:30,225.8,1425188
2021-05-31 10:19:34,225.8,1425553
2021-05-31 10:19:38,225.7,1425853
2021-05-31 10:19:42,225.7,1425853
2021-05-31 10:19:46,225.75,1425863
2021-05-31 10:19:49,225.75,1426907
2021-05-31 10:19:52,225.75,1428068
2021-05-31 10:19:56,225.75,1428810
2021-05-31 10:19:59,225.75,1428947
2021-05-31 10:20:03,225.75,1429255
2021-05-31 10:20:07,225.75,1429255
2021-05-31 10:20:10,225.8,1429304
2021-05-31 10:20:13,225.8,1429304
2021-05-31 10:20:17,225.65,1430304
2021-05-31 10:20:20,225.75,1430309
2021-05-31 10:20:24,225.75,1430309
2021-05-31 10:20:28,225.75,1430357
2021-05-31 10:20:31,225.7,1430637
2021-05-31 10:20:35,225.7,1430958
2021-05-31 10:20:39,225.7,1430958
2021-05-31 10:20:42,225.7,1431699
2021-05-31 10:20:46,225.75,1432632
2021-05-31 10:20:50,225.7,1439404
2021-05-31 10:20:53,225.7,1439404
2021-05-31 10:20:57,225.7,1439404
2021-05-31 10:21:01,225.65,1440624
2021-05-31 10:21:05,225.65,1440624
2021-05-31 10:21:09,225.65,1440653
2021-05-31 10:21:12,225.65,1440711
2021-05-31 10:21:15,225.65,1440711
2021-05-31 10:21:19,225.65,1440732
2021-05-31 10:21:22,225.65,1440787
2021-05-31 10:21:26,225.65,1440787
2021-05-31 10:21:29,225.7,1440835
2021-05-31 10:21:32,225.7,1442129
2021-05-31 10:21:36,225.6,1443657
2021-05-31 10:21:39,225.65,1443705
2021-05-31 10:21:43,225.65,1445029
2021-05-31 10:21:47,225.65,1445043
2021-05-31 10:21:50,225.65,1445091
2021-05-31 10:21:55,225.65,1445092
2021-05-31 10:21:59,225.6,1445105
2021-05-31 10:22:03,225.65,1445416
2021-05-31 10:22:07,225.65,1445752
2021-05-31 10:22:11,225.7,1445800
2021-05-31 10:22:14,225.7,1446000
2021-05-31 10:22:18,225.7,1446000
2021-05-31 10:22:21,225.65,1446059
2021-05-31 10:22:25,225.65,1446059
2021-05-31 10:22:28,225.65,1446059
2021-05-31 10:22:31,225.65,1446259
2021-05-31 10:22:35,225.7,1446280
2021-05-31 10:22:38,225.7,1446280
2021-05-31 10:22:42,225.7,1446328
2021-05-31 10:22:45,225.7,1446328
2021-05-31 10:22:48,225.7,1446328
2021-05-31 10:22:51,225.7,1446476
2021-05-31 10:22:55,225.7,1446848
2021-05-31 10:22:58,225.6,1446852
2021-05-31 10:23:02,225.6,1447003
2021-05-31 10:23:06,225.6,1447003
2021-05-31 10:23:09,225.6,1447003
2021-05-31 10:23:13,225.7,1447073
2021-05-31 10:23:16,225.7,1448017
2021-05-31 10:23:19,225.7,1449989
2021-05-31 10:23:22,225.7,1451149
2021-05-31 10:23:25,225.7,1451149
2021-05-31 10:23:28,225.7,1451149
2021-05-31 10:23:31,225.65,1451479
2021-05-31 10:23:35,225.7,1451480
2021-05-31 10:23:39,225.65,1451569
2021-05-31 10:23:43,225.7,1451818
2021-05-31 10:23:46,225.65,1453065
2021-05-31 10:23:49,225.7,1453093
2021-05-31 10:23:53,225.7,1453093
2021-05-31 10:23:56,225.7,1453093
2021-05-31 10:24:00,225.75,1453162
2021-05-31 10:24:03,225.6,1456154
2021-05-31 10:24:06,225.65,1458136
2021-05-31 10:24:09,225.6,1464078
2021-05-31 10:24:12,225.65,1465543
2021-05-31 10:24:16,225.55,1465553
2021-05-31 10:24:20,225.65,1465583
2021-05-31 10:24:23,225.65,1465583
2021-05-31 10:24:26,225.55,1465983
2021-05-31 10:24:30,225.55,1466223
2021-05-31 10:24:33,225.55,1466485
2021-05-31 10:24:36,225.55,1466485
2021-05-31 10:24:40,225.6,1466588
2021-05-31 10:24:43,225.55,1466844
2021-05-31 10:24:46,225.55,1466844
2021-05-31 10:24:49,225.6,1466892
2021-05-31 10:24:53,225.55,1466947
2021-05-31 10:24:56,225.55,1466947
2021-05-31 10:24:59,225.6,1467160
2021-05-31 10:25:03,225.5,1467328
2021-05-31 10:25:07,225.5,1468011
2021-05-31 10:25:11,225.6,1468129
2021-05-31 10:25:14,225.55,1468177
2021-05-31 10:25:18,225.5,1468745
2021-05-31 10:25:22,225.5,1468882
2021-05-31 10:25:25,225.5,1469414
2021-05-31 10:25:28,225.5,1472057
2021-05-31 10:25:31,225.4,1473189
2021-05-31 10:25:34,225.4,1473244
2021-05-31 10:25:38,225.4,1473244
2021-05-31 10:25:41,225.4,1473244
2021-05-31 10:25:45,225.45,1473558
2021-05-31 10:25:48,225.45,1473558
2021-05-31 10:25:51,225.5,1473606
2021-05-31 10:25:54,225.45,1473661
2021-05-31 10:25:58,225.45,1473661
2021-05-31 10:26:01,225.45,1473954
2021-05-31 10:26:05,225.4,1475629
2021-05-31 10:26:09,225.4,1475630
2021-05-31 10:26:13,225.4,1475685
2021-05-31 10:26:16,225.4,1475685
2021-05-31 10:26:19,225.4,1475685
2021-05-31 10:26:23,225.4,1475747
2021-05-31 10:26:26,225.4,1475752
2021-05-31 10:26:29,225.45,1475848
2021-05-31 10:26:32,225.4,1476061
2021-05-31 10:26:35,225.4,1476061
2021-05-31 10:26:39,225.45,1476101
2021-05-31 10:26:42,225.45,1476149
2021-05-31 10:26:45,225.4,1476277
2021-05-31 10:26:48,225.4,1476277
2021-05-31 10:26:51,225.45,1476375
2021-05-31 10:26:54,225.4,1476419
2021-05-31 10:26:57,225.35,1478808
2021-05-31 10:27:00,225.5,1479799
2021-05-31 10:27:03,225.4,1479951
2021-05-31 10:27:06,225.4,1480129
2021-05-31 10:27:09,225.45,1480236
2021-05-31 10:27:12,225.4,1480444
2021-05-31 10:27:16,225.4,1480444
2021-05-31 10:27:20,225.45,1480492
2021-05-31 10:27:24,225.4,1480676
2021-05-31 10:27:27,225.4,1480678
2021-05-31 10:27:30,225.45,1480731
2021-05-31 10:27:33,225.4,1480932
2021-05-31 10:27:36,225.4,1480932
2021-05-31 10:27:40,225.45,1480990
2021-05-31 10:27:43,225.45,1481130
2021-05-31 10:27:46,225.45,1481155
2021-05-31 10:27:49,225.45,1481313
2021-05-31 10:27:52,225.4,1481433
2021-05-31 10:27:55,225.4,1481434
2021-05-31 10:27:58,225.4,1481523
2021-05-31 10:28:02,225.45,1481723
2021-05-31 10:28:05,225.4,1481779
2021-05-31 10:28:08,225.4,1481779
2021-05-31 10:28:11,225.4,1481829
2021-05-31 10:28:14,225.4,1481933
2021-05-31 10:28:17,225.4,1482433
2021-05-31 10:28:22,225.45,1482481
2021-05-31 10:28:25,225.45,1482538
2021-05-31 10:28:29,225.45,1482538
2021-05-31 10:28:32,225.4,1482796
2021-05-31 10:28:35,225.45,1482847
2021-05-31 10:28:39,225.45,1482942
2021-05-31 10:28:42,225.5,1483777
2021-05-31 10:28:45,225.5,1483782
2021-05-31 10:28:48,225.5,1483830
2021-05-31 10:28:51,225.5,1483878
2021-05-31 10:28:54,225.45,1483928
2021-05-31 10:28:57,225.45,1483933
2021-05-31 10:29:00,225.45,1483933
2021-05-31 10:29:03,225.45,1483981
2021-05-31 10:29:06,225.45,1484569
2021-05-31 10:29:09,225.4,1484619
2021-05-31 10:29:12,225.4,1484788
2021-05-31 10:29:14,225.45,1484789
2021-05-31 10:29:18,225.45,1484789
2021-05-31 10:29:21,225.45,1484849
2021-05-31 10:29:24,225.4,1484906
2021-05-31 10:29:26,225.4,1484906
2021-05-31 10:29:29,225.45,1484954
2021-05-31 10:29:33,225.4,1485160
2021-05-31 10:29:36,225.4,1485160
2021-05-31 10:29:40,225.45,1485758
2021-05-31 10:29:43,225.4,1485856
2021-05-31 10:29:47,225.4,1486156
2021-05-31 10:29:51,225.45,1486205
2021-05-31 10:29:54,225.45,1486256
2021-05-31 10:29:57,225.45,1486261
2021-05-31 10:30:01,225.45,1486436
2021-05-31 10:30:05,225.4,1486492
2021-05-31 10:30:09,225.45,1486537
2021-05-31 10:30:12,225.4,1487583
2021-05-31 10:30:16,225.5,1488547
2021-05-31 10:30:19,225.5,1488547
2021-05-31 10:30:23,225.45,1488595
2021-05-31 10:30:26,225.45,1488601
2021-05-31 10:30:29,225.4,1488672
2021-05-31 10:30:31,225.4,1488872
2021-05-31 10:30:35,225.4,1489220
2021-05-31 10:30:38,225.5,1489320
2021-05-31 10:30:42,225.45,1489373
2021-05-31 10:30:45,225.45,1489479
2021-05-31 10:30:49,225.4,1489499
2021-05-31 10:30:52,225.4,1489686
2021-05-31 10:30:56,225.4,1489886
2021-05-31 10:30:59,225.45,1489969
2021-05-31 10:31:02,225.4,1490290
2021-05-31 10:31:05,225.4,1490390
2021-05-31 10:31:09,225.4,1490390
2021-05-31 10:31:12,225.45,1490519
2021-05-31 10:31:16,225.5,1490520
2021-05-31 10:31:19,225.45,1490587
2021-05-31 10:31:22,225.45,1490711
2021-05-31 10:31:25,225.45,1490711
2021-05-31 10:31:28,225.5,1490816
2021-05-31 10:31:31,225.45,1500499
2021-05-31 10:31:34,225.5,1502260
2021-05-31 10:31:37,225.4,1502261
2021-05-31 10:31:41,225.4,1502350
2021-05-31 10:31:44,225.4,1502406
2021-05-31 10:31:47,225.4,1502501
2021-05-31 10:31:51,225.45,1502678
2021-05-31 10:31:57,225.45,1504123
2021-05-31 10:32:01,225.4,1506238
2021-05-31 10:32:04,225.35,1507144
2021-05-31 10:32:08,225.3,1508169
2021-05-31 10:32:11,225.35,1508306
2021-05-31 10:32:15,225.3,1508355
2021-05-31 10:32:18,225.3,1508806
2021-05-31 10:32:21,225.35,1509354
2021-05-31 10:32:24,225.3,1509810
2021-05-31 10:32:27,225.3,1509814
2021-05-31 10:32:30,225.35,1509886
2021-05-31 10:32:34,225.3,1510923
2021-05-31 10:32:37,225.3,1511743
2021-05-31 10:32:40,225.3,1511931
2021-05-31 10:32:43,225.2,1514972
2021-05-31 10:32:46,225.2,1515827
2021-05-31 10:32:49,225.25,1516049
2021-05-31 10:32:53,225.2,1517371
2021-05-31 10:32:56,225.15,1519864
2021-05-31 10:32:59,225.1,1521272
2021-05-31 10:33:03,225.1,1521542
2021-05-31 10:33:12,225.1,1522210
2021-05-31 10:33:15,225.1,1522978
2021-05-31 10:33:18,225.1,1523279
2021-05-31 10:33:21,225.05,1523882
2021-05-31 10:33:25,225.1,1524691
2021-05-31 10:33:28,225.1,1524692
2021-05-31 10:33:31,225.05,1524992
2021-05-31 10:33:34,225.1,1525408
2021-05-31 10:33:37,225.1,1525508
2021-05-31 10:33:41,225.05,1525871
2021-05-31 10:33:44,225.05,1525930
2021-05-31 10:33:47,225.1,1525979
2021-05-31 10:33:50,225.1,1526327
2021-05-31 10:33:54,225.1,1527212
2021-05-31 10:33:57,225.05,1534950
2021-05-31 10:34:00,225.2,1575390
2021-05-31 10:34:03,225.2,1591569
2021-05-31 10:34:06,225.3,1593172
2021-05-31 10:34:09,225.2,1594811
2021-05-31 10:34:12,225.1,1594861
2021-05-31 10:34:15,225.15,1595257
2021-05-31 10:34:18,225.15,1595485
2021-05-31 10:34:21,225.2,1595533
2021-05-31 10:34:24,225.15,1595966
2021-05-31 10:34:28,225.15,1595966
2021-05-31 10:34:31,225.15,1596166
2021-05-31 10:34:34,225.2,1596226
2021-05-31 10:34:37,225.2,1596438
2021-05-31 10:34:40,225.2,1596486
2021-05-31 10:34:43,225.2,1597403
2021-05-31 10:34:47,225.15,1597614
2021-05-31 10:34:51,225.15,1598384
2021-05-31 10:34:55,225.15,1598385
2021-05-31 10:34:58,225.1,1598420
2021-05-31 10:35:02,225.05,1599345
2021-05-31 10:35:05,225.1,1603561
2021-05-31 10:35:08,225.1,1606610
2021-05-31 10:35:11,225.1,1607742
2021-05-31 10:35:14,225.05,1608304
2021-05-31 10:35:17,225.05,1608658
2021-05-31 10:35:20,225.1,1608906
2021-05-31 10:35:24,225.1,1610002
2021-05-31 10:35:27,225.1,1610432
2021-05-31 10:35:31,225.15,1610658
2021-05-31 10:35:34,225.15,1610658
2021-05-31 10:35:37,225.25,1610797
2021-05-31 10:35:41,225.25,1610802
2021-05-31 10:35:44,225.25,1611074
2021-05-31 10:35:47,225.15,1611130
2021-05-31 10:35:50,225.2,1611178
2021-05-31 10:35:53,225.15,1611234
2021-05-31 10:35:56,225.15,1611234
2021-05-31 10:35:59,225.2,1611372
2021-05-31 10:36:02,225.15,1611580
2021-05-31 10:36:05,225.15,1612104
2021-05-31 10:36:08,225.15,1612844
2021-05-31 10:36:11,225.1,1614124
2021-05-31 10:36:15,225.05,1614840
2021-05-31 10:36:18,225.05,1616344
2021-05-31 10:36:21,225.05,1616897
2021-05-31 10:36:24,225.1,1617765
2021-05-31 10:36:27,225.15,1617875
2021-05-31 10:36:31,225.15,1617924
2021-05-31 10:36:34,225.1,1617933
2021-05-31 10:36:37,225.05,1618962
2021-05-31 10:36:41,225.1,1619211
2021-05-31 10:36:44,225.05,1619755
2021-05-31 10:36:47,225.1,1619762
2021-05-31 10:36:50,225.1,1619813
2021-05-31 10:36:53,225.05,1620307
2021-05-31 10:36:57,225.05,1620307
2021-05-31 10:37:00,225.05,1620420
2021-05-31 10:37:03,225.05,1620630
2021-05-31 10:37:06,225.05,1621243
2021-05-31 10:37:09,225.05,1622395
2021-05-31 10:37:12,225.0,1622506
2021-05-31 10:37:15,225.05,1622519
2021-05-31 10:37:18,225.0,1622521
2021-05-31 10:37:21,225.05,1622574
2021-05-31 10:37:28,225.0,1622630
2021-05-31 10:37:31,225.0,1622930
2021-05-31 10:37:34,225.05,1623229
2021-05-31 10:37:37,225.05,1623229
2021-05-31 10:37:40,225.05,1623298
2021-05-31 10:37:43,224.95,1638099
2021-05-31 10:37:46,225.0,1641019
2021-05-31 10:37:50,224.9,1641429
2021-05-31 10:37:53,224.9,1641992
2021-05-31 10:37:56,224.9,1641993
2021-05-31 10:37:59,224.95,1642046
2021-05-31 10:38:06,224.9,1642753
2021-05-31 10:38:09,224.95,1643771
2021-05-31 10:38:12,225.0,1643955
2021-05-31 10:38:15,224.95,1644144
2021-05-31 10:38:18,225.0,1644171
2021-05-31 10:38:21,224.95,1644249
2021-05-31 10:38:24,224.95,1644305
2021-05-31 10:38:27,225.0,1644332
2021-05-31 10:38:30,225.0,1645265
2021-05-31 10:38:33,224.95,1645662
2021-05-31 10:38:36,224.95,1645726
2021-05-31 10:38:39,224.95,1646274
2021-05-31 10:38:42,224.9,1646339
2021-05-31 10:38:45,224.9,1646339
2021-05-31 10:38:48,224.9,1646339
2021-05-31 10:38:51,224.9,1646437
2021-05-31 10:38:55,224.9,1646523
2021-05-31 10:38:58,225.1,1658772
2021-05-31 10:39:00,225.3,1663241
2021-05-31 10:39:04,225.2,1663393
2021-05-31 10:39:07,225.15,1667116
2021-05-31 10:39:13,225.0,1673439
2021-05-31 10:39:16,225.05,1674735
2021-05-31 10:39:19,225.05,1674797
2021-05-31 10:39:22,225.05,1674869
2021-05-31 10:39:26,225.05,1674869
2021-05-31 10:39:29,225.05,1674869
2021-05-31 10:39:32,225.0,1675124
2021-05-31 10:39:36,225.0,1675124
2021-05-31 10:39:40,225.05,1675172
2021-05-31 10:39:43,225.05,1675429
2021-05-31 10:39:46,225.0,1675499
2021-05-31 10:39:50,225.05,1675547
2021-05-31 10:39:53,225.0,1675802
2021-05-31 10:39:56,225.0,1675802
2021-05-31 10:39:59,225.05,1682800
2021-05-31 10:40:02,225.0,1685031
2021-05-31 10:40:05,225.05,1685748
2021-05-31 10:40:08,225.15,1686922
2021-05-31 10:40:11,225.05,1687506
2021-05-31 10:40:14,225.05,1687599
2021-05-31 10:40:18,225.05,1687599
2021-05-31 10:40:21,225.05,1688314
2021-05-31 10:40:25,225.15,1689422
2021-05-31 10:40:28,225.15,1690475
2021-05-31 10:40:32,225.15,1690638
2021-05-31 10:40:35,225.05,1691813
2021-05-31 10:40:39,225.15,1692067
2021-05-31 10:40:42,225.15,1693939
2021-05-31 10:40:45,225.15,1695119
2021-05-31 10:40:49,225.15,1695119
2021-05-31 10:40:52,225.05,1695174
2021-05-31 10:40:55,225.05,1695174
2021-05-31 10:40:59,225.1,1698199
2021-05-31 10:41:02,225.0,1698409
2021-05-31 10:41:05,225.0,1699705
2021-05-31 10:41:08,225.0,1699856
2021-05-31 10:41:12,225.0,1700063
2021-05-31 10:41:15,224.95,1700112
2021-05-31 10:41:18,225.0,1700120
2021-05-31 10:41:21,224.95,1700309
2021-05-31 10:41:24,224.95,1700786
2021-05-31 10:41:27,224.95,1700786
2021-05-31 10:41:31,224.95,1700835
2021-05-31 10:41:34,224.9,1708059
2021-05-31 10:41:37,224.9,1708458
2021-05-31 10:41:41,224.9,1708508
2021-05-31 10:41:44,224.9,1708813
2021-05-31 10:41:47,224.8,1709449
2021-05-31 10:41:50,224.85,1709497
2021-05-31 10:41:53,224.85,1709655
2021-05-31 10:41:56,224.85,1710389
2021-05-31 10:42:00,224.9,1713945
2021-05-31 10:42:03,225.0,1715875
2021-05-31 10:42:06,225.1,1720036
2021-05-31 10:42:09,225.15,1721259
2021-05-31 10:42:12,225.1,1721373
2021-05-31 10:42:15,225.1,1721373
2021-05-31 10:42:18,225.1,1721373
2021-05-31 10:42:21,225.15,1721471
2021-05-31 10:42:25,225.15,1721530
2021-05-31 10:42:28,225.15,1721530
2021-05-31 10:42:31,225.1,1721740
2021-05-31 10:42:35,225.1,1721795
2021-05-31 10:42:38,225.1,1721795
2021-05-31 10:42:41,225.15,1721903
2021-05-31 10:42:44,225.1,1721924
2021-05-31 10:42:48,225.05,1721960
2021-05-31 10:42:51,225.15,1722109
2021-05-31 10:42:55,225.15,1722128
2021-05-31 10:42:59,225.1,1722307
2021-05-31 10:43:03,225.1,1722564
2021-05-31 10:43:06,225.1,1722564
2021-05-31 10:43:09,225.15,1722872
2021-05-31 10:43:13,225.1,1722885
2021-05-31 10:43:16,225.05,1722986
2021-05-31 10:43:19,225.1,1723111
2021-05-31 10:43:22,225.05,1723129
2021-05-31 10:43:25,225.05,1723129
2021-05-31 10:43:29,225.05,1723129
2021-05-31 10:43:32,225.05,1723352
2021-05-31 10:43:35,225.05,1724012
2021-05-31 10:43:38,225.05,1724012
2021-05-31 10:43:41,225.1,1724014
2021-05-31 10:43:44,225.1,1724070
2021-05-31 10:43:50,225.1,1725306
2021-05-31 10:43:52,225.1,1725306
2021-05-31 10:43:56,225.1,1725339
2021-05-31 10:43:58,225.1,1725339
2021-05-31 10:44:01,225.1,1725491
2021-05-31 10:44:05,225.1,1725507
2021-05-31 10:44:08,225.05,1725547
2021-05-31 10:44:11,225.2,1725847
2021-05-31 10:44:17,225.2,1725895
2021-05-31 10:44:20,225.1,1725904
2021-05-31 10:44:23,225.15,1725952
2021-05-31 10:44:26,225.1,1726453
2021-05-31 10:44:29,225.2,1726464
2021-05-31 10:44:32,225.1,1726671
2021-05-31 10:44:36,225.1,1726671
2021-05-31 10:44:39,225.2,1726921
2021-05-31 10:44:42,225.1,1727309
2021-05-31 10:44:45,225.2,1727773
2021-05-31 10:44:47,225.2,1727773
2021-05-31 10:44:50,225.2,1727773
2021-05-31 10:44:53,225.15,1727821
2021-05-31 10:44:56,225.2,1729171
2021-05-31 10:44:59,225.1,1730237
2021-05-31 10:45:02,225.1,1730388
2021-05-31 10:45:05,225.1,1730444
2021-05-31 10:45:07,225.1,1730444
2021-05-31 10:45:10,225.2,1730644
2021-05-31 10:45:13,225.15,1730692
2021-05-31 10:45:16,225.15,1730693
2021-05-31 10:45:20,225.15,1730743
2021-05-31 10:45:26,225.2,1730858
2021-05-31 10:45:29,225.2,1730858
2021-05-31 10:45:32,225.1,1731085
2021-05-31 10:45:35,225.1,1731085
2021-05-31 10:45:38,225.1,1731085
2021-05-31 10:45:41,225.2,1731185
2021-05-31 10:45:44,225.2,1731243
2021-05-31 10:45:47,225.1,1731288
2021-05-31 10:45:50,225.15,1732838
2021-05-31 10:45:53,225.15,1732881
2021-05-31 10:45:56,225.2,1733016
2021-05-31 10:45:59,225.2,1733761
2021-05-31 10:46:02,225.15,1733961
2021-05-31 10:46:04,225.15,1734018
2021-05-31 10:46:07,225.15,1734022
2021-05-31 10:46:10,225.2,1734076
2021-05-31 10:46:12,225.15,1734131
2021-05-31 10:46:15,225.15,1734331
2021-05-31 10:46:18,225.2,1736339
2021-05-31 10:46:21,225.2,1736414
2021-05-31 10:46:24,225.2,1736416
2021-05-31 10:46:27,225.2,1736416
2021-05-31 10:46:30,225.2,1736464
2021-05-31 10:46:33,225.2,1737094
2021-05-31 10:46:36,225.25,1737940
2021-05-31 10:46:39,225.25,1737940
2021-05-31 10:46:43,225.2,1738035
2021-05-31 10:46:46,225.2,1738055
2021-05-31 10:46:49,225.25,1738136
2021-05-31 10:46:52,225.15,1738341
2021-05-31 10:46:55,225.15,1738341
2021-05-31 10:46:58,225.15,1738341
2021-05-31 10:47:00,225.15,1738341
2021-05-31 10:47:03,225.2,1738389
2021-05-31 10:47:06,225.2,1738389
2021-05-31 10:47:09,225.2,1738614
2021-05-31 10:47:13,225.15,1738658
2021-05-31 10:47:16,225.15,1738658
2021-05-31 10:47:19,225.15,1738658
2021-05-31 10:47:22,225.15,1738736
2021-05-31 10:47:25,225.2,1738740
2021-05-31 10:47:28,225.2,1738740
2021-05-31 10:47:31,225.15,1738965
2021-05-31 10:47:34,225.2,1738982
2021-05-31 10:47:37,225.25,1739015
2021-05-31 10:47:40,225.25,1739064
2021-05-31 10:47:42,225.2,1739121
2021-05-31 10:47:45,225.2,1739121
2021-05-31 10:47:48,225.25,1739621
2021-05-31 10:47:51,225.25,1739669
2021-05-31 10:47:54,225.2,1739990
2021-05-31 10:47:57,225.2,1739990
2021-05-31 10:48:00,225.25,1740039
2021-05-31 10:48:03,225.2,1740246
2021-05-31 10:48:06,225.2,1740246
2021-05-31 10:48:09,225.25,1740294
2021-05-31 10:48:12,225.2,1740504
2021-05-31 10:48:15,225.2,1740504
2021-05-31 10:48:18,225.25,1741145
2021-05-31 10:48:21,225.25,1741193
2021-05-31 10:48:24,225.2,1741250
2021-05-31 10:48:27,225.2,1741250
2021-05-31 10:48:30,225.25,1741804
2021-05-31 10:48:33,225.2,1742006
2021-05-31 10:48:35,225.2,1742006
2021-05-31 10:48:38,225.2,1742006
2021-05-31 10:48:41,225.25,1742154
2021-05-31 10:48:44,225.25,1742311
2021-05-31 10:48:47,225.25,1742464
2021-05-31 10:48:49,225.25,1742613
2021-05-31 10:48:52,225.2,1742668
2021-05-31 10:48:54,225.2,1742668
2021-05-31 10:48:57,225.2,1742707
2021-05-31 10:48:59,225.25,1742755
2021-05-31 10:49:01,225.2,1742907
2021-05-31 10:49:04,225.2,1742957
2021-05-31 10:49:06,225.2,1742957
2021-05-31 10:49:09,225.25,1743005
2021-05-31 10:49:12,225.2,1743060
2021-05-31 10:49:15,225.25,1743160
2021-05-31 10:49:18,225.25,1743160
2021-05-31 10:49:21,225.25,1743208
2021-05-31 10:49:24,225.2,1743285
2021-05-31 10:49:26,225.2,1743285
2021-05-31 10:49:29,225.25,1743593
2021-05-31 10:49:32,225.2,1744370
2021-05-31 10:49:35,225.2,1745710
2021-05-31 10:49:39,225.2,1745710
2021-05-31 10:49:42,225.25,1745759
2021-05-31 10:49:45,225.2,1745815
2021-05-31 10:49:48,225.2,1745815
2021-05-31 10:49:51,225.25,1745863
2021-05-31 10:49:54,225.2,1746518
2021-05-31 10:49:56,225.2,1746518
2021-05-31 10:49:59,225.2,1746518
2021-05-31 10:50:01,225.2,1746718
2021-05-31 10:50:04,225.25,1747402
2021-05-31 10:50:07,225.2,1747527
2021-05-31 10:50:09,225.25,1747575
2021-05-31 10:50:12,225.2,1747631
2021-05-31 10:50:16,225.2,1747631
2021-05-31 10:50:19,225.25,1748609
2021-05-31 10:50:23,225.2,1749665
2021-05-31 10:50:25,225.2,1749665
2021-05-31 10:50:27,225.2,1749665
2021-05-31 10:50:30,225.25,1749830
2021-05-31 10:50:32,225.2,1750653
2021-05-31 10:50:35,225.2,1750653
2021-05-31 10:50:38,225.2,1750653
2021-05-31 10:50:41,225.25,1750701
2021-05-31 10:50:45,225.25,1750777
2021-05-31 10:50:48,225.2,1750779
2021-05-31 10:50:52,225.2,1751389
2021-05-31 10:50:55,225.2,1751564
2021-05-31 10:50:58,225.2,1751564
2021-05-31 10:51:00,225.25,1751612
2021-05-31 10:51:03,225.2,1751820
2021-05-31 10:51:06,225.2,1752391
2021-05-31 10:51:08,225.2,1752391
2021-05-31 10:51:11,225.25,1752439
2021-05-31 10:51:14,225.2,1752495
2021-05-31 10:51:17,225.2,1752495
2021-05-31 10:51:20,225.25,1752589
2021-05-31 10:51:23,225.2,1752845
2021-05-31 10:51:26,225.25,1753444
2021-05-31 10:51:29,225.25,1753444
2021-05-31 10:51:32,225.2,1753644
2021-05-31 10:51:34,225.2,1753699
2021-05-31 10:51:37,225.2,1753709
2021-05-31 10:51:40,225.25,1753839
2021-05-31 10:51:43,225.2,1754045
2021-05-31 10:51:46,225.35,1761202
2021-05-31 10:51:49,225.35,1763758
2021-05-31 10:51:52,225.3,1763862
2021-05-31 10:51:55,225.35,1763962
2021-05-31 10:51:58,225.35,1763963
2021-05-31 10:52:00,225.35,1764011
2021-05-31 10:52:03,225.3,1764221
2021-05-31 10:52:06,225.3,1764251
2021-05-31 10:52:08,225.3,1764252
2021-05-31 10:52:11,225.35,1766344
2021-05-31 10:52:14,225.4,1768244
2021-05-31 10:52:16,225.35,1769608
2021-05-31 10:52:19,225.35,1769608
2021-05-31 10:52:22,225.4,1769656
2021-05-31 10:52:24,225.4,1769767
2021-05-31 10:52:28,225.4,1770165
2021-05-31 10:52:31,225.35,1770374
2021-05-31 10:52:34,225.35,1770429
2021-05-31 10:52:36,225.5,1778714
2021-05-31 10:52:39,225.5,1781544
2021-05-31 10:52:42,225.45,1781601
2021-05-31 10:52:44,225.45,1781601
2021-05-31 10:52:46,225.45,1781601
2021-05-31 10:52:49,225.5,1781649
2021-05-31 10:52:52,225.5,1781649
2021-05-31 10:52:54,225.45,1781704
2021-05-31 10:52:58,225.45,1781704
2021-05-31 10:53:01,225.5,1782074
2021-05-31 10:53:05,225.45,1782130
2021-05-31 10:53:08,225.45,1782331
2021-05-31 10:53:11,225.5,1782380
2021-05-31 10:53:14,225.5,1782436
2021-05-31 10:53:17,225.5,1783456
2021-05-31 10:53:19,225.5,1784155
2021-05-31 10:53:22,225.5,1784155
2021-05-31 10:53:24,225.45,1784205
2021-05-31 10:53:27,225.5,1784210
2021-05-31 10:53:30,225.5,1784258
2021-05-31 10:53:33,225.45,1784966
2021-05-31 10:53:36,225.45,1784966
2021-05-31 10:53:38,225.45,1784966
2021-05-31 10:53:41,225.5,1785414
2021-05-31 10:53:43,225.45,1785572
2021-05-31 10:53:46,225.5,1785672
2021-05-31 10:53:49,225.5,1785747
2021-05-31 10:53:52,225.45,1785763
2021-05-31 10:53:55,225.5,1786170
2021-05-31 10:53:57,225.5,1786170
2021-05-31 10:54:00,225.5,1786227
2021-05-31 10:54:03,225.45,1786380
2021-05-31 10:54:05,225.45,1786380
2021-05-31 10:54:08,225.45,1786380
2021-05-31 10:54:10,225.5,1786431
2021-05-31 10:54:16,225.55,1789913
2021-05-31 10:54:19,225.55,1790632
2021-05-31 10:54:22,225.5,1791282
2021-05-31 10:54:25,225.55,1792483
2021-05-31 10:54:28,225.6,1795414
2021-05-31 10:54:31,225.55,1799965
2021-05-31 10:54:33,225.6,1803536
2021-05-31 10:54:36,225.65,1804301
2021-05-31 10:54:39,225.65,1804349
2021-05-31 10:54:42,225.65,1804438
2021-05-31 10:54:44,225.6,1804440
2021-05-31 10:54:48,225.65,1804532
2021-05-31 10:54:51,225.6,1804768
2021-05-31 10:54:53,225.6,1804768
2021-05-31 10:54:56,225.65,1805488
2021-05-31 10:54:59,225.65,1805671
2021-05-31 10:55:02,225.6,1806022
2021-05-31 10:55:04,225.65,1806222
2021-05-31 10:55:07,225.65,1806222
2021-05-31 10:55:10,225.65,1806370
2021-05-31 10:55:13,225.65,1806378
2021-05-31 10:55:15,225.65,1806640
2021-05-31 10:55:17,225.7,1807296
2021-05-31 10:55:20,225.7,1807298
2021-05-31 10:55:23,225.65,1808169
2021-05-31 10:55:25,225.65,1808271
2021-05-31 10:55:28,225.7,1808514
2021-05-31 10:55:31,225.65,1808719
2021-05-31 10:55:33,225.7,1808808
2021-05-31 10:55:36,225.7,1808808
2021-05-31 10:55:38,225.65,1808818
2021-05-31 10:55:43,225.65,1829547
2021-05-31 10:55:46,225.6,1830632
2021-05-31 10:55:49,225.6,1830632
2021-05-31 10:55:52,225.6,1830734
2021-05-31 10:55:55,225.65,1830959
2021-05-31 10:55:58,225.6,1831010
2021-05-31 10:56:01,225.6,1831213
2021-05-31 10:56:03,225.6,1831213
2021-05-31 10:56:06,225.65,1831243
2021-05-31 10:56:08,225.65,1831253
2021-05-31 10:56:11,225.65,1831259
2021-05-31 10:56:13,225.6,1831513
2021-05-31 10:56:16,225.7,1831531
2021-05-31 10:56:19,225.7,1837734
2021-05-31 10:56:22,225.75,1853215
2021-05-31 10:56:24,225.85,1857340
2021-05-31 10:56:27,225.85,1857488
2021-05-31 10:56:31,225.8,1857753
2021-05-31 10:56:34,225.8,1857753
2021-05-31 10:56:37,225.85,1857758
2021-05-31 10:56:40,225.85,1857831
2021-05-31 10:56:43,225.85,1858405
2021-05-31 10:56:47,225.85,1858421
2021-05-31 10:56:50,225.85,1859030
2021-05-31 10:56:53,225.85,1859070
2021-05-31 10:56:57,225.85,1859172
2021-05-31 10:57:00,225.85,1860128
2021-05-31 10:57:03,225.8,1861265
2021-05-31 10:57:06,225.85,1861321
2021-05-31 10:57:09,225.85,1861377
2021-05-31 10:57:11,225.8,1861830
2021-05-31 10:57:14,225.85,1861909
2021-05-31 10:57:17,225.85,1861913
2021-05-31 10:57:19,225.85,1862183
2021-05-31 10:57:22,225.85,1862200
2021-05-31 10:57:24,225.85,1862210
2021-05-31 10:57:27,225.8,1864648
2021-05-31 10:57:30,225.8,1866532
2021-05-31 10:57:34,225.8,1866606
2021-05-31 10:57:36,225.8,1866606
2021-05-31 10:57:38,225.9,1871310
2021-05-31 10:57:41,225.9,1872804
2021-05-31 10:57:44,225.9,1872804
2021-05-31 10:57:48,225.9,1872805
2021-05-31 10:57:51,225.9,1872854
2021-05-31 10:57:53,225.9,1872854
2021-05-31 10:57:56,225.85,1872865
2021-05-31 10:57:59,225.9,1873388
2021-05-31 10:58:01,225.85,1873603
2021-05-31 10:58:04,225.85,1874103
2021-05-31 10:58:06,225.9,1874104
2021-05-31 10:58:09,225.9,1874213
2021-05-31 10:58:12,225.9,1874588
2021-05-31 10:58:14,225.85,1874598
2021-05-31 10:58:16,225.95,1884775
2021-05-31 10:58:19,225.95,1887782
2021-05-31 10:58:22,225.9,1888311
2021-05-31 10:58:25,225.9,1888321
2021-05-31 10:58:27,225.95,1888641
2021-05-31 10:58:30,226.0,1893812
2021-05-31 10:58:33,225.95,1896177
2021-05-31 10:58:36,225.95,1896178
2021-05-31 10:58:39,226.0,1898412
2021-05-31 10:58:42,225.95,1899240
2021-05-31 10:58:45,225.95,1899240
2021-05-31 10:58:47,226.0,1900740
2021-05-31 10:58:50,226.0,1904377
2021-05-31 10:58:53,226.0,1906295
2021-05-31 10:58:56,225.9,1906639
2021-05-31 10:58:58,225.9,1906889
2021-05-31 10:59:01,225.85,1907088
2021-05-31 10:59:04,225.9,1907093
2021-05-31 10:59:07,225.9,1907093
2021-05-31 10:59:10,225.9,1907941
2021-05-31 10:59:13,225.9,1908041
2021-05-31 10:59:16,225.9,1908041
2021-05-31 10:59:19,225.9,1908061
2021-05-31 10:59:22,225.9,1908109
2021-05-31 10:59:24,225.9,1908109
2021-05-31 10:59:27,225.9,1908109
2021-05-31 10:59:29,225.9,1908157
2021-05-31 10:59:32,225.85,1908410
2021-05-31 10:59:35,225.85,1908410
2021-05-31 10:59:38,225.9,1908460
2021-05-31 10:59:41,225.95,1909157
2021-05-31 10:59:43,225.9,1909370
2021-05-31 10:59:46,225.9,1909370
2021-05-31 10:59:49,226.0,1909418
2021-05-31 10:59:51,225.9,1909818
2021-05-31 10:59:54,226.0,1909918
2021-05-31 10:59:56,225.9,1909953
2021-05-31 10:59:59,226.0,1909954
2021-05-31 11:00:01,225.9,1910142
2021-05-31 11:00:04,225.9,1910142
2021-05-31 11:00:07,225.9,1910142
2021-05-31 11:00:10,225.95,1910183
2021-05-31 11:00:13,225.9,1910390
2021-05-31 11:00:16,225.95,1910490
2021-05-31 11:00:18,225.9,1910740
2021-05-31 11:00:20,225.95,1911214
2021-05-31 11:00:23,225.95,1911214
2021-05-31 11:00:26,225.95,1911914
2021-05-31 11:00:29,225.95,1914234
2021-05-31 11:00:32,225.9,1914839
2021-05-31 11:00:35,225.85,1914939
2021-05-31 11:00:38,225.85,1914939
2021-05-31 11:00:40,225.9,1914987
2021-05-31 11:00:42,225.9,1914987
2021-05-31 11:00:45,225.85,1914988
2021-05-31 11:00:47,225.85,1914988
2021-05-31 11:00:49,225.9,1915036
2021-05-31 11:00:52,225.9,1915036
2021-05-31 11:00:54,225.85,1915213
2021-05-31 11:00:57,225.85,1915258
2021-05-31 11:00:59,225.85,1916021
2021-05-31 11:01:01,225.9,1916089
2021-05-31 11:01:04,225.9,1916099
2021-05-31 11:01:05,225.9,1916100
2021-05-31 11:01:10,225.85,1936148
2021-05-31 11:01:13,225.9,1941215
2021-05-31 11:01:15,225.85,1941310
2021-05-31 11:01:18,225.85,1941310
2021-05-31 11:01:21,225.8,1941320
2021-05-31 11:01:24,225.7,1941636
2021-05-31 11:01:27,225.65,1942436
2021-05-31 11:01:30,225.65,1942436
2021-05-31 11:01:33,225.7,1942588
2021-05-31 11:01:36,225.65,1942808
2021-05-31 11:01:40,225.7,1943249
2021-05-31 11:01:43,225.8,1943384
2021-05-31 11:01:46,225.8,1943384
2021-05-31 11:01:48,225.85,1943405
2021-05-31 11:01:51,225.8,1943410
2021-05-31 11:01:54,225.8,1943410
2021-05-31 11:01:56,225.8,1943455
2021-05-31 11:01:59,225.8,1943681
2021-05-31 11:02:02,225.65,1943683
2021-05-31 11:02:05,225.8,1944003
2021-05-31 11:02:08,225.7,1944752
2021-05-31 11:02:11,225.75,1944762
2021-05-31 11:02:15,225.75,1944896
2021-05-31 11:02:17,225.75,1945022
2021-05-31 11:02:20,225.8,1945108
2021-05-31 11:02:23,225.8,1945110
2021-05-31 11:02:26,225.85,1945111
2021-05-31 11:02:29,225.85,1945111
2021-05-31 11:02:32,225.75,1945573
2021-05-31 11:02:35,225.85,1945912
2021-05-31 11:02:38,225.85,1945912
2021-05-31 11:02:41,225.8,1945962
2021-05-31 11:02:44,225.7,1947312
2021-05-31 11:02:47,225.8,1947975
2021-05-31 11:02:50,225.7,1947976
2021-05-31 11:02:54,225.7,1947976
2021-05-31 11:02:57,225.7,1948379
2021-05-31 11:03:00,225.7,1948571
2021-05-31 11:03:03,225.7,1948571
2021-05-31 11:03:05,225.7,1948571
2021-05-31 11:03:08,225.8,1948576
2021-05-31 11:03:11,225.8,1948576
2021-05-31 11:03:14,225.8,1948599
2021-05-31 11:03:17,225.8,1948743
2021-05-31 11:03:20,225.8,1948791
2021-05-31 11:03:23,225.8,1948791
2021-05-31 11:03:26,225.8,1948791
2021-05-31 11:03:29,225.8,1948791
2021-05-31 11:03:32,225.75,1949100
2021-05-31 11:03:35,225.75,1949105
2021-05-31 11:03:37,225.75,1949406
2021-05-31 11:03:41,225.8,1949454
2021-05-31 11:03:43,225.8,1949454
2021-05-31 11:03:46,225.8,1949460
2021-05-31 11:03:50,225.8,1949685
2021-05-31 11:03:53,225.75,1950029
2021-05-31 11:03:55,225.75,1950229
2021-05-31 11:03:58,225.75,1950229
2021-05-31 11:04:01,225.7,1950384
2021-05-31 11:04:04,225.8,1950989
2021-05-31 11:04:07,225.8,1950989
2021-05-31 11:04:10,225.8,1950989
2021-05-31 11:04:12,225.8,1951000
2021-05-31 11:04:15,225.75,1951003
2021-05-31 11:04:17,225.75,1951003
2021-05-31 11:04:20,225.8,1951099
2021-05-31 11:04:23,225.75,1951778
2021-05-31 11:04:25,225.8,1951878
2021-05-31 11:04:28,225.8,1951878
2021-05-31 11:04:31,225.8,1952088
2021-05-31 11:04:33,225.8,1952088
2021-05-31 11:04:36,225.8,1952136
2021-05-31 11:04:39,225.8,1952136
2021-05-31 11:04:42,225.8,1952136
2021-05-31 11:04:45,225.8,1952152
2021-05-31 11:04:47,225.8,1952152
2021-05-31 11:04:50,225.85,1952249
2021-05-31 11:04:53,225.8,1952804
2021-05-31 11:04:55,225.85,1952909
2021-05-31 11:04:58,225.85,1952909
2021-05-31 11:05:00,225.85,1952992
2021-05-31 11:05:03,225.8,1953143
2021-05-31 11:05:06,225.8,1953143
2021-05-31 11:05:08,225.8,1954163
2021-05-31 11:05:10,225.85,1954211
2021-05-31 11:05:14,225.9,1955118
2021-05-31 11:05:16,225.9,1955118
2021-05-31 11:05:19,225.9,1955118
2021-05-31 11:05:22,225.95,1955952
2021-05-31 11:05:24,225.95,1955952
2021-05-31 11:05:27,225.95,1955952
2021-05-31 11:05:30,225.95,1955963
2021-05-31 11:05:33,225.9,1956021
2021-05-31 11:05:36,225.9,1956021
2021-05-31 11:05:38,225.9,1956027
2021-05-31 11:05:41,225.9,1956144
2021-05-31 11:05:44,225.9,1956144
2021-05-31 11:05:47,225.85,1958587
2021-05-31 11:05:50,225.9,1959499
2021-05-31 11:05:54,225.9,1959799
2021-05-31 11:05:56,225.9,1959799
2021-05-31 11:05:59,225.9,1959848
2021-05-31 11:06:02,225.85,1959963
2021-05-31 11:06:04,225.8,1959968
2021-05-31 11:06:07,225.8,1959968
2021-05-31 11:06:10,225.85,1963518
2021-05-31 11:06:13,225.85,1964685
2021-05-31 11:06:17,225.85,1964690
2021-05-31 11:06:20,225.85,1964888
2021-05-31 11:06:23,225.85,1964888
2021-05-31 11:06:25,225.85,1964888
2021-05-31 11:06:28,225.85,1964888
2021-05-31 11:06:31,225.75,1965039
2021-05-31 11:06:33,225.75,1965039
2021-05-31 11:06:36,225.75,1965335
2021-05-31 11:06:39,225.75,1965335
2021-05-31 11:06:42,225.75,1965335
2021-05-31 11:06:44,225.75,1965335
2021-05-31 11:06:47,225.9,1965385
2021-05-31 11:06:50,225.9,1970126
2021-05-31 11:06:53,225.9,1971880
2021-05-31 11:06:56,226.0,1972130
2021-05-31 11:06:59,226.0,1972276
2021-05-31 11:07:02,226.0,1972633
2021-05-31 11:07:05,226.0,1972633
2021-05-31 11:07:07,225.95,1972658
2021-05-31 11:07:10,226.0,1972706
2021-05-31 11:07:13,226.0,1972706
2021-05-31 11:07:16,226.0,1972706
2021-05-31 11:07:19,226.0,1972706
2021-05-31 11:07:22,226.0,1972754
2021-05-31 11:07:24,225.9,1973777
2021-05-31 11:07:27,225.9,1974342
2021-05-31 11:07:31,225.85,1974587
2021-05-31 11:07:33,225.85,1974587
2021-05-31 11:07:35,225.85,1974587
2021-05-31 11:07:38,225.85,1974587
2021-05-31 11:07:40,225.9,1974635
2021-05-31 11:07:43,225.9,1974635
2021-05-31 11:07:46,225.9,1974635
2021-05-31 11:07:49,225.9,1974952
2021-05-31 11:07:52,225.95,1975003
2021-05-31 11:07:55,225.95,1975003
2021-05-31 11:07:57,225.85,1975265
2021-05-31 11:08:00,225.9,1975313
2021-05-31 11:08:02,225.9,1975927
2021-05-31 11:08:05,225.9,1975927
2021-05-31 11:08:07,225.9,1976117
2021-05-31 11:08:10,225.9,1976165
2021-05-31 11:08:12,225.9,1976437
2021-05-31 11:08:15,225.9,1979740
2021-05-31 11:08:18,225.95,1981028
2021-05-31 11:08:21,225.85,1981216
2021-05-31 11:08:24,225.85,1981305
2021-05-31 11:08:27,225.9,1981325
2021-05-31 11:08:30,225.95,1981502
2021-05-31 11:08:33,225.85,1981639
2021-05-31 11:08:36,225.85,1984666
2021-05-31 11:08:38,225.8,1985902
2021-05-31 11:08:41,225.85,1986040
2021-05-31 11:08:44,225.85,1986040
2021-05-31 11:08:46,225.85,1986040
2021-05-31 11:08:48,225.85,1986040
2021-05-31 11:08:51,225.85,1986088
2021-05-31 11:08:53,225.85,1986088
2021-05-31 11:08:56,225.85,1986089
2021-05-31 11:08:59,225.9,1986189
2021-05-31 11:09:01,225.85,1986392
2021-05-31 11:09:04,225.85,1986480
2021-05-31 11:09:07,225.85,1986789
2021-05-31 11:09:10,225.9,1986926
2021-05-31 11:09:13,225.8,1986929
2021-05-31 11:09:16,225.9,1987329
2021-05-31 11:09:19,225.9,1987329
2021-05-31 11:09:22,225.85,1987477
2021-05-31 11:09:24,225.85,1987477
2021-05-31 11:09:27,225.85,1987477
2021-05-31 11:09:29,225.85,1987526
2021-05-31 11:09:32,225.8,1987678
2021-05-31 11:09:34,225.8,1987682
2021-05-31 11:09:37,225.8,1987682
2021-05-31 11:09:39,225.85,1987731
2021-05-31 11:09:42,225.85,1987731
2021-05-31 11:09:44,225.85,1987731
2021-05-31 11:09:47,225.9,1987839
2021-05-31 11:09:49,225.9,1988515
2021-05-31 11:09:52,225.9,1988749
2021-05-31 11:09:54,225.9,1988750
2021-05-31 11:09:56,225.9,1988750
2021-05-31 11:09:58,225.9,1988750
2021-05-31 11:10:01,225.9,1988952
2021-05-31 11:10:06,225.95,1988954
2021-05-31 11:10:08,225.95,1988954
2021-05-31 11:10:11,225.95,1989002
2021-05-31 11:10:14,225.9,1989102
2021-05-31 11:10:16,225.9,1989122
2021-05-31 11:10:20,225.95,1989151
2021-05-31 11:10:23,225.95,1989490
2021-05-31 11:10:26,225.95,1989490
2021-05-31 11:10:29,226.0,1989544
2021-05-31 11:10:32,225.95,1989966
2021-05-31 11:10:35,225.9,1996124
2021-05-31 11:10:38,226.0,1998064
2021-05-31 11:10:41,225.95,1999017
2021-05-31 11:10:44,225.95,1999417
2021-05-31 11:10:46,225.95,1999417
2021-05-31 11:10:49,225.85,1999442
2021-05-31 11:10:52,225.9,1999490
2021-05-31 11:10:55,225.9,1999490
2021-05-31 11:10:58,225.85,1999630
2021-05-31 11:11:01,225.8,2000063
2021-05-31 11:11:04,225.95,2000562
2021-05-31 11:11:07,225.95,2000562
2021-05-31 11:11:09,225.8,2000767
2021-05-31 11:11:12,225.8,2002949
2021-05-31 11:11:14,225.85,2003547
2021-05-31 11:11:17,225.85,2003736
2021-05-31 11:11:20,225.9,2003872
2021-05-31 11:11:23,225.95,2003874
2021-05-31 11:11:25,225.8,2004024
2021-05-31 11:11:28,225.8,2004024
2021-05-31 11:11:30,225.8,2004168
2021-05-31 11:11:33,225.75,2005646
2021-05-31 11:11:36,225.75,2006215
2021-05-31 11:11:39,225.7,2006528
2021-05-31 11:11:42,225.7,2006577
2021-05-31 11:11:45,225.75,2006627
2021-05-31 11:11:48,225.75,2006627
2021-05-31 11:11:51,225.8,2008627
2021-05-31 11:11:53,225.75,2009288
2021-05-31 11:11:55,225.8,2009558
2021-05-31 11:11:58,225.7,2010647
2021-05-31 11:12:01,225.7,2011042
2021-05-31 11:12:03,225.7,2011042
2021-05-31 11:12:07,225.7,2011192
2021-05-31 11:12:10,225.7,2011279
2021-05-31 11:12:13,225.75,2011789
2021-05-31 11:12:16,225.7,2011967
2021-05-31 11:12:19,225.65,2014424
2021-05-31 11:12:21,225.8,2015087
2021-05-31 11:12:24,225.7,2015092
2021-05-31 11:12:26,225.7,2015112
2021-05-31 11:12:29,225.75,2015160
2021-05-31 11:12:32,225.7,2015360
2021-05-31 11:12:34,225.7,2015360
2021-05-31 11:12:37,225.7,2015360
2021-05-31 11:12:40,225.7,2015454
2021-05-31 11:12:42,225.7,2015454
2021-05-31 11:12:44,225.75,2015654
2021-05-31 11:12:47,225.75,2015654
2021-05-31 11:12:49,225.65,2015854
2021-05-31 11:12:52,225.7,2015899
2021-05-31 11:12:54,225.65,2016212
2021-05-31 11:12:57,225.65,2016212
2021-05-31 11:13:00,225.7,2016219
2021-05-31 11:13:03,225.65,2016261
2021-05-31 11:13:05,225.75,2016561
2021-05-31 11:13:08,225.75,2016561
2021-05-31 11:13:10,225.65,2017258
2021-05-31 11:13:13,225.65,2017980
2021-05-31 11:13:16,225.7,2018031
2021-05-31 11:13:18,225.7,2018031
2021-05-31 11:13:21,225.7,2018080
2021-05-31 11:13:23,225.7,2018080
2021-05-31 11:13:25,225.7,2018080
2021-05-31 11:13:28,225.7,2018080
2021-05-31 11:13:31,225.65,2018240
2021-05-31 11:13:34,225.65,2019233
2021-05-31 11:13:37,225.65,2019234
2021-05-31 11:13:39,225.65,2019323
2021-05-31 11:13:42,225.7,2019335
2021-05-31 11:13:44,225.65,2019424
2021-05-31 11:13:47,225.65,2019601
2021-05-31 11:13:50,225.7,2019649
2021-05-31 11:13:53,225.7,2020111
2021-05-31 11:13:56,225.7,2020111
2021-05-31 11:13:59,225.7,2020111
2021-05-31 11:14:02,225.55,2022851
2021-05-31 11:14:05,225.4,2027822
2021-05-31 11:14:08,225.5,2028894
2021-05-31 11:14:11,225.35,2029135
2021-05-31 11:14:14,225.35,2029135
2021-05-31 11:14:17,225.45,2029183
2021-05-31 11:14:19,225.45,2029183
2021-05-31 11:14:22,225.4,2029195
2021-05-31 11:14:25,225.4,2029195
2021-05-31 11:14:28,225.55,2029320
2021-05-31 11:14:31,225.45,2029589
2021-05-31 11:14:33,225.4,2029823
2021-05-31 11:14:36,225.4,2030323
2021-05-31 11:14:39,225.4,2030323
2021-05-31 11:14:41,225.4,2030371
2021-05-31 11:14:44,225.4,2030371
2021-05-31 11:14:47,225.4,2030871
2021-05-31 11:14:50,225.3,2031508
2021-05-31 11:14:53,225.35,2035960
2021-05-31 11:14:55,225.3,2037003
2021-05-31 11:14:58,225.3,2037003
2021-05-31 11:15:00,225.3,2037155
2021-05-31 11:15:03,225.4,2037265
2021-05-31 11:15:08,225.3,2037354
2021-05-31 11:15:12,225.3,2037443
2021-05-31 11:15:15,225.3,2037444
2021-05-31 11:15:18,225.4,2038715
2021-05-31 11:15:21,225.4,2038715
2021-05-31 11:15:24,225.4,2038716
2021-05-31 11:15:27,225.4,2038764
2021-05-31 11:15:30,225.4,2039275
2021-05-31 11:15:32,225.35,2039427
2021-05-31 11:15:35,225.35,2039427
2021-05-31 11:15:36,225.4,2040590
2021-05-31 11:15:37,225.4,2040590
2021-05-31 11:15:38,225.4,2040590
2021-05-31 11:15:39,225.4,2040638
2021-05-31 11:15:40,225.4,2040638
2021-05-31 11:15:41,225.35,2040663
2021-05-31 11:15:42,225.5,2048391
2021-05-31 11:15:43,225.5,2050682
2021-05-31 11:15:44,225.5,2050682
2021-05-31 11:15:45,225.5,2050682
2021-05-31 11:15:46,225.5,2050682
2021-05-31 11:15:47,225.5,2050682
2021-05-31 11:15:48,225.5,2050682
2021-05-31 11:15:49,225.5,2050682
2021-05-31 11:15:50,225.45,2050702
2021-05-31 11:15:51,225.45,2050702
2021-05-31 11:15:52,225.5,2051372
2021-05-31 11:15:53,225.4,2051558
2021-05-31 11:15:54,225.35,2051647
2021-05-31 11:15:55,225.35,2051647
2021-05-31 11:15:56,225.35,2051647
2021-05-31 11:15:57,225.35,2051647
2021-05-31 11:15:58,225.35,2051647
2021-05-31 11:15:59,225.45,2051648
2021-05-31 11:16:00,225.45,2051653
2021-05-31 11:16:01,225.4,2051701
2021-05-31 11:16:02,225.4,2051701
2021-05-31 11:16:03,225.3,2053601
2021-05-31 11:16:04,225.35,2054804
2021-05-31 11:16:05,225.35,2054804
2021-05-31 11:16:06,225.35,2054804
2021-05-31 11:16:07,225.35,2054804
2021-05-31 11:16:08,225.35,2054804
2021-05-31 11:16:09,225.45,2054812
2021-05-31 11:16:10,225.45,2054812
2021-05-31 11:16:11,225.45,2054812
2021-05-31 11:16:12,225.45,2054812
2021-05-31 11:16:13,225.45,2054812
2021-05-31 11:16:14,225.45,2054812
2021-05-31 11:16:15,225.45,2054812
2021-05-31 11:16:16,225.45,2054812
2021-05-31 11:16:17,225.45,2054860
2021-05-31 11:16:18,225.45,2054860
2021-05-31 11:16:19,225.35,2054948
2021-05-31 11:16:20,225.35,2054948
2021-05-31 11:16:21,225.4,2054953
2021-05-31 11:16:22,225.4,2054953
2021-05-31 11:16:23,225.4,2054963
2021-05-31 11:16:24,225.4,2054963
2021-05-31 11:16:25,225.4,2054963
2021-05-31 11:16:26,225.4,2054963
2021-05-31 11:16:27,225.45,2054996
2021-05-31 11:16:28,225.35,2055046
2021-05-31 11:16:29,225.45,2055051
2021-05-31 11:16:30,225.45,2055051
2021-05-31 11:16:31,225.45,2055094
2021-05-31 11:16:32,225.4,2055183
2021-05-31 11:16:33,225.4,2055183
2021-05-31 11:16:34,225.4,2055272
2021-05-31 11:16:35,225.4,2055272
2021-05-31 11:16:36,225.45,2055282
2021-05-31 11:16:37,225.45,2055282
2021-05-31 11:16:38,225.45,2055282
2021-05-31 11:16:39,225.45,2055330
2021-05-31 11:16:40,225.4,2055381
2021-05-31 11:16:41,225.4,2055381
2021-05-31 11:16:42,225.4,2055381
2021-05-31 11:16:44,225.4,2055381
2021-05-31 11:16:43,225.4,2055381
2021-05-31 11:16:45,225.4,2055381
2021-05-31 11:16:46,225.4,2055381
2021-05-31 11:16:47,225.4,2055381
2021-05-31 11:16:48,225.4,2055381
2021-05-31 11:16:49,225.45,2055386
2021-05-31 11:16:50,225.45,2055386
2021-05-31 11:16:51,225.4,2055506
2021-05-31 11:16:52,225.4,2055506
2021-05-31 11:16:54,225.4,2055506
2021-05-31 11:16:54,225.4,2055506
2021-05-31 11:16:55,225.4,2055506
2021-05-31 11:16:56,225.4,2055506
2021-05-31 11:16:57,225.4,2055506
2021-05-31 11:16:58,225.4,2055506
2021-05-31 11:16:59,225.4,2055506
2021-05-31 11:17:00,225.4,2055506
2021-05-31 11:17:01,225.45,2055555
2021-05-31 11:17:02,225.45,2055555
2021-05-31 11:17:03,225.45,2055555
2021-05-31 11:17:04,225.45,2055555
2021-05-31 11:17:05,225.45,2055555
2021-05-31 11:17:06,225.45,2055658
2021-05-31 11:17:08,225.45,2058158
2021-05-31 11:17:09,225.5,2059128
2021-05-31 11:17:10,225.5,2059176
2021-05-31 11:17:11,225.5,2059176
2021-05-31 11:17:12,225.5,2059176
2021-05-31 11:17:12,225.5,2059176
2021-05-31 11:17:13,225.5,2059176
2021-05-31 11:17:14,225.5,2059176
2021-05-31 11:17:15,225.5,2059176
2021-05-31 11:17:16,225.5,2059176
2021-05-31 11:17:17,225.35,2061986
2021-05-31 11:17:18,225.4,2062704
2021-05-31 11:17:20,225.4,2062752
2021-05-31 11:17:21,225.4,2062754
2021-05-31 11:17:21,225.4,2062754
2021-05-31 11:17:22,225.4,2062854
2021-05-31 11:17:23,225.4,2062854
2021-05-31 11:17:24,225.4,2062854
2021-05-31 11:17:25,225.4,2062854
2021-05-31 11:17:26,225.5,2063524
2021-05-31 11:17:27,225.5,2063524
2021-05-31 11:17:28,225.35,2063534
2021-05-31 11:17:29,225.45,2063599
2021-05-31 11:17:30,225.45,2063599
2021-05-31 11:17:31,225.4,2063647
2021-05-31 11:17:32,225.4,2063647
2021-05-31 11:17:33,225.4,2063647
2021-05-31 11:17:34,225.4,2063647
2021-05-31 11:17:35,225.4,2063647
2021-05-31 11:17:36,225.4,2063647
2021-05-31 11:17:37,225.35,2063869
2021-05-31 11:17:38,225.35,2063869
2021-05-31 11:17:39,225.4,2064221
2021-05-31 11:17:40,225.4,2064269
2021-05-31 11:17:41,225.4,2064269
2021-05-31 11:17:42,225.4,2064269
2021-05-31 11:17:43,225.4,2065617
2021-05-31 11:17:45,225.35,2067023
2021-05-31 11:17:45,225.35,2067023
2021-05-31 11:17:46,225.35,2067023
2021-05-31 11:17:48,225.35,2067023
2021-05-31 11:17:49,225.4,2067033
2021-05-31 11:17:49,225.4,2067033
2021-05-31 11:17:50,225.4,2067033
2021-05-31 11:17:51,225.4,2067033
2021-05-31 11:17:52,225.4,2067033
2021-05-31 11:17:53,225.4,2067033
2021-05-31 11:17:54,225.35,2067038
2021-05-31 11:17:55,225.35,2067038
2021-05-31 11:17:57,225.4,2067081
2021-05-31 11:17:58,225.4,2067081
2021-05-31 11:17:59,225.4,2067081
2021-05-31 11:18:01,225.35,2067129
2021-05-31 11:18:02,225.35,2067129
2021-05-31 11:18:04,225.35,2067129
2021-05-31 11:18:04,225.35,2067129
2021-05-31 11:18:05,225.35,2067129
2021-05-31 11:18:06,225.35,2067131
2021-05-31 11:18:07,225.35,2067131
2021-05-31 11:18:08,225.35,2067131
2021-05-31 11:18:09,225.35,2067234
2021-05-31 11:18:10,225.35,2067234
2021-05-31 11:18:11,225.35,2067234
2021-05-31 11:18:12,225.35,2067234
2021-05-31 11:18:13,225.35,2067234
2021-05-31 11:18:14,225.35,2067234
2021-05-31 11:18:15,225.35,2067234
2021-05-31 11:18:16,225.35,2067234
2021-05-31 11:18:17,225.4,2067279
2021-05-31 11:18:18,225.4,2067279
2021-05-31 11:18:19,225.4,2067334
2021-05-31 11:18:20,225.4,2067334
2021-05-31 11:18:21,225.4,2067334
2021-05-31 11:18:22,225.4,2067334
2021-05-31 11:18:23,225.4,2067334
2021-05-31 11:18:24,225.5,2067359
2021-05-31 11:18:25,225.5,2067359
2021-05-31 11:18:26,225.5,2067359
2021-05-31 11:18:27,225.5,2067359
2021-05-31 11:18:28,225.5,2067359
2021-05-31 11:18:29,225.5,2067359
2021-05-31 11:18:30,225.45,2067407
2021-05-31 11:18:31,225.4,2067559
2021-05-31 11:18:32,225.4,2067559
2021-05-31 11:18:33,225.4,2067559
2021-05-31 11:18:34,225.4,2067559
2021-05-31 11:18:35,225.4,2067559
2021-05-31 11:18:36,225.4,2067559
2021-05-31 11:18:37,225.4,2067559
2021-05-31 11:18:38,225.4,2067559
2021-05-31 11:18:39,225.45,2067607
2021-05-31 11:18:40,225.45,2067607
2021-05-31 11:18:41,225.45,2067907
2021-05-31 11:18:42,225.45,2067907
2021-05-31 11:18:43,225.45,2067907
2021-05-31 11:18:44,225.45,2067907
2021-05-31 11:18:45,225.4,2067996
2021-05-31 11:18:46,225.4,2068085
2021-05-31 11:18:48,225.4,2068174
2021-05-31 11:18:48,225.45,2068631
2021-05-31 11:18:49,225.45,2068680
2021-05-31 11:18:50,225.45,2068680
2021-05-31 11:18:51,225.4,2068710
2021-05-31 11:18:52,225.4,2068710
2021-05-31 11:18:53,225.4,2068710
2021-05-31 11:18:54,225.4,2068799
2021-05-31 11:18:55,225.4,2069326
2021-05-31 11:18:57,225.4,2069326
2021-05-31 11:18:58,225.4,2069415
2021-05-31 11:18:59,225.4,2069504
2021-05-31 11:19:00,225.45,2069552
2021-05-31 11:19:01,225.4,2069703
2021-05-31 11:19:02,225.4,2069703
2021-05-31 11:19:02,225.4,2069703
2021-05-31 11:19:03,225.4,2069703
2021-05-31 11:19:04,225.4,2069703
2021-05-31 11:19:05,225.4,2069703
2021-05-31 11:19:06,225.4,2069703
2021-05-31 11:19:08,225.4,2069733
2021-05-31 11:19:09,225.4,2069822
2021-05-31 11:19:10,225.4,2069874
2021-05-31 11:19:11,225.4,2069884
2021-05-31 11:19:12,225.4,2069884
2021-05-31 11:19:13,225.4,2069885
2021-05-31 11:19:14,225.4,2069885
2021-05-31 11:19:15,225.45,2070395
2021-05-31 11:19:16,225.5,2070836
2021-05-31 11:19:17,225.4,2071014
2021-05-31 11:19:18,225.4,2071103
2021-05-31 11:19:19,225.4,2071103
2021-05-31 11:19:20,225.45,2071104
2021-05-31 11:19:21,225.45,2071104
2021-05-31 11:19:22,225.45,2071104
2021-05-31 11:19:22,225.45,2071104
2021-05-31 11:19:24,225.4,2071196
2021-05-31 11:19:25,225.4,2071284
2021-05-31 11:19:25,225.4,2071373
2021-05-31 11:19:26,225.4,2071524
2021-05-31 11:19:27,225.35,2072367
2021-05-31 11:19:28,225.35,2072636
2021-05-31 11:19:29,225.4,2072684
2021-05-31 11:19:30,225.45,2073134
2021-05-31 11:19:32,225.35,2073286
2021-05-31 11:19:32,225.35,2073286
2021-05-31 11:19:33,225.35,2073386
2021-05-31 11:19:35,225.35,2073475
2021-05-31 11:19:35,225.35,2073475
2021-05-31 11:19:36,225.35,2073559
2021-05-31 11:19:37,225.3,2074429
2021-05-31 11:19:38,225.3,2074568
2021-05-31 11:19:39,225.35,2074616
2021-05-31 11:19:40,225.3,2074705
2021-05-31 11:19:41,225.3,2074928
2021-05-31 11:19:43,225.15,2076969
2021-05-31 11:19:43,225.15,2076969
2021-05-31 11:19:45,225.25,2076970
2021-05-31 11:19:46,225.15,2077059
2021-05-31 11:19:47,225.15,2077059
2021-05-31 11:19:48,225.15,2077059
2021-05-31 11:19:49,225.15,2077059
2021-05-31 11:19:50,225.15,2077059
2021-05-31 11:19:50,225.15,2077059
2021-05-31 11:19:51,225.15,2077059
2021-05-31 11:19:52,225.15,2077059
2021-05-31 11:19:53,225.15,2077059
2021-05-31 11:19:55,225.15,2077059
2021-05-31 11:19:56,225.15,2077059
2021-05-31 11:19:57,225.15,2077059
2021-05-31 11:19:57,225.15,2077257
2021-05-31 11:19:59,225.15,2077257
2021-05-31 11:20:00,225.25,2077724
2021-05-31 11:20:01,225.15,2078664
2021-05-31 11:20:02,225.15,2078664
2021-05-31 11:20:02,225.3,2078665
2021-05-31 11:20:03,225.3,2078665
2021-05-31 11:20:04,225.2,2078685
2021-05-31 11:20:05,225.2,2078685
2021-05-31 11:20:06,225.2,2078685
2021-05-31 11:20:07,225.3,2078728
2021-05-31 11:20:08,225.3,2078728
2021-05-31 11:20:09,225.3,2078728
2021-05-31 11:20:10,225.3,2078728
2021-05-31 11:20:12,225.3,2078728
2021-05-31 11:20:13,225.3,2078728
2021-05-31 11:20:14,225.25,2078816
2021-05-31 11:20:15,225.25,2078816
2021-05-31 11:20:16,225.25,2078816
2021-05-31 11:20:17,225.25,2078816
2021-05-31 11:20:18,225.3,2078820
2021-05-31 11:20:19,225.2,2078909
2021-05-31 11:20:20,225.2,2078909
2021-05-31 11:20:21,225.2,2079043
2021-05-31 11:20:22,225.2,2079043
2021-05-31 11:20:22,225.2,2079043
2021-05-31 11:20:23,225.2,2079043
2021-05-31 11:20:24,225.2,2079132
2021-05-31 11:20:25,225.2,2079132
2021-05-31 11:20:26,225.2,2079221
2021-05-31 11:20:27,225.2,2079221
2021-05-31 11:20:28,225.2,2079221
2021-05-31 11:20:29,225.2,2079221
2021-05-31 11:20:30,225.25,2079269
2021-05-31 11:20:32,225.25,2079269
2021-05-31 11:20:33,225.2,2079270
2021-05-31 11:20:34,225.2,2079270
2021-05-31 11:20:35,225.2,2079270
2021-05-31 11:20:36,225.2,2079325
2021-05-31 11:20:39,225.2,2079368
2021-05-31 11:20:41,225.2,2079522
2021-05-31 11:20:44,225.2,2079972
2021-05-31 11:20:47,225.2,2079972
2021-05-31 11:20:49,225.2,2081715
2021-05-31 11:20:52,225.3,2082151
2021-05-31 11:20:55,225.3,2082151
2021-05-31 11:20:57,225.3,2082199
2021-05-31 11:21:00,225.3,2082272
2021-05-31 11:21:03,225.25,2082424
2021-05-31 11:21:06,225.25,2082524
2021-05-31 11:21:09,225.3,2082801
2021-05-31 11:21:11,225.3,2083099
2021-05-31 11:21:16,225.3,2083204
2021-05-31 11:21:19,225.3,2083204
2021-05-31 11:21:21,225.3,2083252
2021-05-31 11:21:24,225.3,2083252
2021-05-31 11:21:26,225.3,2083252
2021-05-31 11:21:29,225.3,2083252
2021-05-31 11:21:32,225.25,2084043
2021-05-31 11:21:35,225.4,2084516
2021-05-31 11:21:38,225.4,2084516
2021-05-31 11:21:41,225.4,2084516
2021-05-31 11:21:44,225.3,2084560
2021-05-31 11:21:47,225.4,2084564
2021-05-31 11:21:50,225.4,2085254
2021-05-31 11:21:53,225.3,2085304
2021-05-31 11:21:55,225.3,2085304
2021-05-31 11:21:57,225.3,2085304
2021-05-31 11:22:00,225.4,2085355
2021-05-31 11:22:03,225.35,2085403
2021-05-31 11:22:05,225.35,2085403
2021-05-31 11:22:08,225.35,2085403
2021-05-31 11:22:11,225.35,2085508
2021-05-31 11:22:14,225.35,2085508
2021-05-31 11:22:17,225.4,2085522
2021-05-31 11:22:19,225.4,2085523
2021-05-31 11:22:22,225.4,2085523
2021-05-31 11:22:24,225.4,2085523
2021-05-31 11:22:28,225.35,2085572
2021-05-31 11:22:31,225.3,2085749
2021-05-31 11:22:34,225.3,2085749
2021-05-31 11:22:36,225.4,2085750
2021-05-31 11:22:39,225.4,2085750
2021-05-31 11:22:41,225.4,2085770
2021-05-31 11:22:44,225.4,2085770
2021-05-31 11:22:46,225.4,2085772
2021-05-31 11:22:49,225.4,2086127
2021-05-31 11:22:52,225.45,2086530
2021-05-31 11:22:55,225.45,2087550
2021-05-31 11:22:58,225.45,2087601
2021-05-31 11:23:00,225.35,2087753
2021-05-31 11:23:03,225.35,2087753
2021-05-31 11:23:06,225.35,2087753
2021-05-31 11:23:09,225.35,2087753
2021-05-31 11:23:12,225.4,2087895
2021-05-31 11:23:15,225.4,2087895
2021-05-31 11:23:18,225.4,2087895
2021-05-31 11:23:20,225.5,2088444
2021-05-31 11:23:22,225.5,2088922
2021-05-31 11:23:25,225.5,2088922
2021-05-31 11:23:27,225.5,2088922
2021-05-31 11:23:29,225.45,2092585
2021-05-31 11:23:32,225.5,2093653
2021-05-31 11:23:34,225.55,2093713
2021-05-31 11:23:37,225.55,2093756
2021-05-31 11:23:40,225.55,2093804
2021-05-31 11:23:43,225.55,2093804
2021-05-31 11:23:45,225.55,2093804
2021-05-31 11:23:48,225.55,2093804
2021-05-31 11:23:50,225.5,2094020
2021-05-31 11:23:53,225.5,2094020
2021-05-31 11:23:55,225.5,2094020
2021-05-31 11:23:58,225.5,2094175
2021-05-31 11:24:00,225.55,2094223
2021-05-31 11:24:03,225.55,2094874
2021-05-31 11:24:05,225.55,2094874
2021-05-31 11:24:08,225.55,2094874
2021-05-31 11:24:10,225.55,2095487
2021-05-31 11:24:13,225.55,2096813
2021-05-31 11:24:16,225.55,2097364
2021-05-31 11:24:19,225.55,2097441
2021-05-31 11:24:22,225.55,2097441
2021-05-31 11:24:26,225.55,2097441
2021-05-31 11:24:28,225.55,2097441
2021-05-31 11:24:31,225.5,2099443
2021-05-31 11:24:33,225.6,2100307
2021-05-31 11:24:36,225.6,2100307
2021-05-31 11:24:38,225.6,2100307
2021-05-31 11:24:41,225.6,2100307
2021-05-31 11:24:43,225.65,2102941
2021-05-31 11:24:46,225.65,2103674
2021-05-31 11:24:49,225.65,2104551
2021-05-31 11:24:51,225.65,2105005
2021-05-31 11:24:54,225.65,2107401
2021-05-31 11:24:56,225.7,2108595
2021-05-31 11:24:59,225.75,2113596
2021-05-31 11:25:01,225.75,2115085
2021-05-31 11:25:04,225.75,2115086
2021-05-31 11:25:06,225.65,2115130
2021-05-31 11:25:09,225.75,2115131
2021-05-31 11:25:12,225.65,2115224
2021-05-31 11:25:15,225.75,2115229
2021-05-31 11:25:18,225.75,2115229
2021-05-31 11:25:20,225.7,2115288
2021-05-31 11:25:22,225.7,2115288
2021-05-31 11:25:25,225.65,2115333
2021-05-31 11:25:27,225.65,2115402
2021-05-31 11:25:30,225.7,2115496
2021-05-31 11:25:33,225.65,2115647
2021-05-31 11:25:36,225.65,2115998
2021-05-31 11:25:38,225.65,2115998
2021-05-31 11:25:41,225.7,2116121
2021-05-31 11:25:44,225.7,2116121
2021-05-31 11:25:47,225.7,2116121
2021-05-31 11:25:50,225.7,2116169
2021-05-31 11:25:53,225.7,2116169
2021-05-31 11:25:55,225.7,2116169
2021-05-31 11:25:57,225.7,2116169
2021-05-31 11:26:00,225.7,2116217
2021-05-31 11:26:03,225.65,2116369
2021-05-31 11:26:06,225.7,2116375
2021-05-31 11:26:09,225.7,2116432
2021-05-31 11:26:12,225.7,2117639
2021-05-31 11:26:15,225.7,2117639
2021-05-31 11:26:17,225.7,2117648
2021-05-31 11:26:20,225.7,2117696
2021-05-31 11:26:23,225.7,2117696
2021-05-31 11:26:25,225.65,2117796
2021-05-31 11:26:28,225.65,2117796
2021-05-31 11:26:32,225.7,2118096
2021-05-31 11:26:34,225.7,2118096
2021-05-31 11:26:38,225.7,2121595
2021-05-31 11:26:41,225.75,2122843
2021-05-31 11:26:44,225.75,2122843
2021-05-31 11:26:46,225.75,2122843
2021-05-31 11:26:49,225.75,2122843
2021-05-31 11:26:51,225.75,2122891
2021-05-31 11:26:54,225.75,2122891
2021-05-31 11:26:57,225.75,2123892
2021-05-31 11:26:59,225.75,2123940
2021-05-31 11:27:02,225.75,2124191
2021-05-31 11:27:05,225.75,2124196
2021-05-31 11:27:08,225.7,2124446
2021-05-31 11:27:11,225.75,2124928
2021-05-31 11:27:13,225.75,2125273
2021-05-31 11:27:16,225.75,2125273
2021-05-31 11:27:18,225.75,2125273
2021-05-31 11:27:21,225.75,2125326
2021-05-31 11:27:23,225.75,2125446
2021-05-31 11:27:26,225.75,2125446
2021-05-31 11:27:28,225.75,2125446
2021-05-31 11:27:31,225.7,2125647
2021-05-31 11:27:35,225.75,2125654
2021-05-31 11:27:38,225.75,2125654
2021-05-31 11:27:41,225.75,2125777
2021-05-31 11:27:44,225.75,2125777
2021-05-31 11:27:46,225.8,2125999
2021-05-31 11:27:49,225.8,2126465
2021-05-31 11:27:52,225.8,2126866
2021-05-31 11:27:54,225.8,2126866
2021-05-31 11:27:57,225.8,2126866
2021-05-31 11:28:00,225.75,2127028
2021-05-31 11:28:02,225.7,2128139
2021-05-31 11:28:05,225.75,2128189
2021-05-31 11:28:07,225.75,2128189
2021-05-31 11:28:10,225.75,2128189
2021-05-31 11:28:13,225.75,2128189
2021-05-31 11:28:16,225.75,2128189
2021-05-31 11:28:18,225.8,2128612
2021-05-31 11:28:21,225.8,2129049
2021-05-31 11:28:24,225.75,2129051
2021-05-31 11:28:27,225.75,2129054
2021-05-31 11:28:29,225.8,2129148
2021-05-31 11:28:32,225.75,2129299
2021-05-31 11:28:35,225.75,2129499
2021-05-31 11:28:41,225.8,2130047
2021-05-31 11:28:44,225.8,2130047
2021-05-31 11:28:47,225.8,2130047
2021-05-31 11:28:50,225.75,2130067
2021-05-31 11:28:53,225.8,2130167
2021-05-31 11:28:56,225.8,2130307
2021-05-31 11:28:59,225.8,2130427
2021-05-31 11:29:02,225.7,2130979
2021-05-31 11:29:04,225.8,2131461
2021-05-31 11:29:07,225.8,2131461
2021-05-31 11:29:10,225.8,2131532
2021-05-31 11:29:12,225.8,2131532
2021-05-31 11:29:15,225.8,2131532
2021-05-31 11:29:18,225.8,2131580
2021-05-31 11:29:21,225.8,2131678
2021-05-31 11:29:23,225.75,2131705
2021-05-31 11:29:26,225.75,2131705
2021-05-31 11:29:29,225.8,2131753
2021-05-31 11:29:32,225.75,2131905
2021-05-31 11:29:36,225.75,2131905
2021-05-31 11:29:39,225.75,2132576
2021-05-31 11:29:42,225.75,2133015
2021-05-31 11:29:47,225.75,2135659
2021-05-31 11:29:50,225.75,2135723
2021-05-31 11:29:53,225.8,2136089
2021-05-31 11:29:55,225.8,2136089
2021-05-31 11:29:57,225.8,2136089
2021-05-31 11:30:00,225.8,2136137
2021-05-31 11:30:03,225.75,2136288
2021-05-31 11:30:06,225.75,2136288
2021-05-31 11:30:08,225.75,2136288
2021-05-31 11:30:11,225.8,2136346
2021-05-31 11:30:14,225.8,2136346
2021-05-31 11:30:16,225.7,2151905
2021-05-31 11:30:19,225.7,2151918
2021-05-31 11:30:22,225.7,2151966
2021-05-31 11:30:25,225.7,2151968
2021-05-31 11:30:28,225.7,2152010
2021-05-31 11:30:31,225.7,2152162
2021-05-31 11:30:33,225.7,2152162
2021-05-31 11:30:36,225.7,2152162
2021-05-31 11:30:41,225.8,2152210
2021-05-31 11:30:44,225.8,2152217
2021-05-31 11:30:46,225.8,2152217
2021-05-31 11:30:49,225.8,2152217
2021-05-31 11:30:51,225.8,2152315
2021-05-31 11:30:53,225.75,2152366
2021-05-31 11:30:56,225.8,2152367
2021-05-31 11:30:58,225.8,2152367
2021-05-31 11:31:01,225.75,2152510
2021-05-31 11:31:03,225.75,2152567
2021-05-31 11:31:06,225.75,2152567
2021-05-31 11:31:09,225.8,2152615
2021-05-31 11:31:12,225.75,2154958
2021-05-31 11:31:15,225.85,2156642
2021-05-31 11:31:17,225.85,2156643
2021-05-31 11:31:20,225.8,2157959
2021-05-31 11:31:22,225.85,2158604
2021-05-31 11:31:25,225.9,2161980
2021-05-31 11:31:27,225.9,2162851
2021-05-31 11:31:30,225.9,2162899
2021-05-31 11:31:33,225.85,2163050
2021-05-31 11:31:36,225.95,2172379
2021-05-31 11:31:39,225.95,2174761
2021-05-31 11:31:41,225.95,2174812
2021-05-31 11:31:44,225.95,2174812
2021-05-31 11:31:47,225.95,2174812
2021-05-31 11:31:49,225.95,2174861
2021-05-31 11:31:52,225.95,2175111
2021-05-31 11:31:54,225.95,2175156
2021-05-31 11:31:57,225.95,2175260
2021-05-31 11:32:00,225.95,2175608
2021-05-31 11:32:02,225.95,2175791
2021-05-31 11:32:04,225.95,2175805
2021-05-31 11:32:07,225.9,2175961
2021-05-31 11:32:09,225.9,2176206
2021-05-31 11:32:11,225.95,2176254
2021-05-31 11:32:13,225.95,2176254
2021-05-31 11:32:15,225.95,2176254
2021-05-31 11:32:17,225.95,2176254
2021-05-31 11:32:20,225.95,2176302
2021-05-31 11:32:22,225.95,2176712
2021-05-31 11:32:25,225.95,2176806
2021-05-31 11:32:27,225.95,2177443
2021-05-31 11:32:30,225.95,2177542
2021-05-31 11:32:32,225.9,2177764
2021-05-31 11:32:35,225.9,2177978
2021-05-31 11:32:38,225.9,2178066
2021-05-31 11:32:40,225.95,2178114
2021-05-31 11:32:43,225.95,2178114
2021-05-31 11:32:46,225.95,2178160
2021-05-31 11:32:48,225.9,2178475
2021-05-31 11:32:51,225.95,2178971
2021-05-31 11:32:54,225.95,2178974
2021-05-31 11:32:56,225.95,2178975
2021-05-31 11:32:59,225.95,2178975
2021-05-31 11:33:02,225.9,2179174
2021-05-31 11:33:04,225.95,2179184
2021-05-31 11:33:07,225.95,2179184
2021-05-31 11:33:10,225.95,2179232
2021-05-31 11:33:12,225.9,2179276
2021-05-31 11:33:15,225.9,2179416
2021-05-31 11:33:17,225.9,2179461
2021-05-31 11:33:20,225.95,2179509
2021-05-31 11:33:23,225.95,2179509
2021-05-31 11:33:26,225.9,2179609
2021-05-31 11:33:28,225.85,2204553
2021-05-31 11:33:31,225.8,2206474
2021-05-31 11:33:33,225.8,2206474
2021-05-31 11:33:35,225.85,2206476
2021-05-31 11:33:38,225.85,2206476
2021-05-31 11:33:40,225.9,2206524
2021-05-31 11:33:42,225.9,2206524
2021-05-31 11:33:45,225.9,2206524
2021-05-31 11:33:47,225.8,2206876
2021-05-31 11:33:50,225.85,2206886
2021-05-31 11:33:53,225.8,2207056
2021-05-31 11:33:56,225.95,2207509
2021-05-31 11:33:59,225.95,2207557
2021-05-31 11:34:01,225.9,2207736
2021-05-31 11:34:04,225.9,2208236
2021-05-31 11:34:06,225.9,2208636
2021-05-31 11:34:08,225.9,2208636
2021-05-31 11:34:10,225.95,2208743
2021-05-31 11:34:13,225.95,2208743
2021-05-31 11:34:15,226.0,2210243
2021-05-31 11:34:18,225.95,2210936
2021-05-31 11:34:20,225.95,2210984
2021-05-31 11:34:23,225.95,2211145
2021-05-31 11:34:26,225.95,2211145
2021-05-31 11:34:29,225.95,2211194
2021-05-31 11:34:32,225.95,2211400
2021-05-31 11:34:34,225.95,2211420
2021-05-31 11:34:37,225.95,2211517
2021-05-31 11:34:40,225.95,2214156
2021-05-31 11:34:43,226.0,2217961
2021-05-31 11:34:46,225.9,2218811
2021-05-31 11:34:49,226.0,2218816
2021-05-31 11:34:52,226.0,2218866
2021-05-31 11:34:54,226.0,2218866
2021-05-31 11:34:56,226.0,2218887
2021-05-31 11:34:58,226.0,2219385
2021-05-31 11:35:01,226.0,2219933
2021-05-31 11:35:04,226.0,2219933
2021-05-31 11:35:06,226.0,2219933
2021-05-31 11:35:09,226.0,2219933
2021-05-31 11:35:12,226.0,2220981
2021-05-31 11:35:15,226.0,2221549
2021-05-31 11:35:18,226.0,2221558
2021-05-31 11:35:20,226.0,2221572
2021-05-31 11:35:23,225.95,2221573
2021-05-31 11:35:26,225.95,2221574
2021-05-31 11:35:28,225.95,2223520
2021-05-31 11:35:31,225.95,2223720
2021-05-31 11:35:34,225.95,2224491
2021-05-31 11:35:36,225.9,2224535
2021-05-31 11:35:39,225.9,2224635
2021-05-31 11:35:42,225.95,2224682
2021-05-31 11:35:45,225.95,2224682
2021-05-31 11:35:48,225.9,2224728
2021-05-31 11:35:50,225.95,2224829
2021-05-31 11:35:53,225.9,2225142
2021-05-31 11:35:55,225.9,2225264
2021-05-31 11:35:58,225.9,2225308
2021-05-31 11:36:01,225.9,2225533
2021-05-31 11:36:04,225.9,2225533
2021-05-31 11:36:06,225.9,2225533
2021-05-31 11:36:09,225.9,2225541
2021-05-31 11:36:11,225.9,2229988
2021-05-31 11:36:14,225.85,2230676
2021-05-31 11:36:16,225.9,2230678
2021-05-31 11:36:19,225.9,2230726
2021-05-31 11:36:21,225.95,2230796
2021-05-31 11:36:23,225.95,2230796
2021-05-31 11:36:25,225.8,2231766
2021-05-31 11:36:28,225.8,2231766
2021-05-31 11:36:30,225.8,2231766
2021-05-31 11:36:32,225.85,2231814
2021-05-31 11:36:35,225.85,2231814
2021-05-31 11:36:38,225.85,2231865
2021-05-31 11:36:40,225.85,2231929
2021-05-31 11:36:43,225.8,2231933
2021-05-31 11:36:46,225.8,2231933
2021-05-31 11:36:48,225.9,2231983
2021-05-31 11:36:51,225.8,2232674
2021-05-31 11:36:54,225.8,2233206
2021-05-31 11:36:56,225.8,2233206
2021-05-31 11:36:59,225.8,2233209
2021-05-31 11:37:02,225.7,2233364
2021-05-31 11:37:04,225.7,2233364
2021-05-31 11:37:07,225.7,2233364
2021-05-31 11:37:09,225.75,2233366
2021-05-31 11:37:12,225.7,2233766
2021-05-31 11:37:15,225.7,2234071
2021-05-31 11:37:18,225.7,2234071
2021-05-31 11:37:21,225.7,2234717
2021-05-31 11:37:24,225.7,2234851
2021-05-31 11:37:26,225.75,2235268
2021-05-31 11:37:29,225.75,2235447
2021-05-31 11:37:31,225.75,2235647
2021-05-31 11:37:34,225.8,2235656
2021-05-31 11:37:37,225.75,2235853
2021-05-31 11:37:39,225.8,2235901
2021-05-31 11:37:42,225.75,2236901
2021-05-31 11:37:45,225.9,2237311
2021-05-31 11:37:47,225.9,2237311
2021-05-31 11:37:49,225.85,2237811
2021-05-31 11:37:52,225.8,2237859
2021-05-31 11:37:54,225.8,2237859
2021-05-31 11:37:56,225.8,2237859
2021-05-31 11:37:59,225.85,2237863
2021-05-31 11:38:02,225.85,2237991
2021-05-31 11:38:05,225.85,2237991
2021-05-31 11:38:07,225.85,2238020
2021-05-31 11:38:10,225.9,2238068
2021-05-31 11:38:12,225.9,2238068
2021-05-31 11:38:15,225.9,2238070
2021-05-31 11:38:17,225.9,2238070
2021-05-31 11:38:20,225.9,2238118
2021-05-31 11:38:22,225.9,2238118
2021-05-31 11:38:25,225.9,2238118
2021-05-31 11:38:28,225.9,2238118
2021-05-31 11:38:31,225.85,2238338
2021-05-31 11:38:33,225.85,2238338
2021-05-31 11:38:36,225.85,2238338
2021-05-31 11:38:38,225.85,2238383
2021-05-31 11:38:41,225.9,2238476
2021-05-31 11:38:43,225.9,2238476
2021-05-31 11:38:46,225.9,2238476
2021-05-31 11:38:49,225.95,2240876
2021-05-31 11:38:52,225.95,2246036
2021-05-31 11:38:55,226.0,2255077
2021-05-31 11:38:57,226.0,2255926
2021-05-31 11:39:00,226.0,2258466
2021-05-31 11:39:03,225.95,2258618
2021-05-31 11:39:05,225.95,2259465
2021-05-31 11:39:09,225.95,2259465
2021-05-31 11:39:13,226.0,2259515
2021-05-31 11:39:16,226.0,2259615
2021-05-31 11:39:19,226.0,2260665
2021-05-31 11:39:22,226.0,2261347
2021-05-31 11:39:25,226.0,2261347
2021-05-31 11:39:28,226.35,2296934
2021-05-31 11:39:30,226.25,2333377
2021-05-31 11:39:33,226.35,2355461
2021-05-31 11:39:36,226.1,2374018
2021-05-31 11:39:39,226.15,2383816
2021-05-31 11:39:42,226.2,2387894
2021-05-31 11:39:44,226.2,2392491
2021-05-31 11:39:47,226.15,2400798
2021-05-31 11:39:49,226.1,2404038
2021-05-31 11:39:52,226.2,2405882
2021-05-31 11:39:54,226.15,2411663
2021-05-31 11:39:57,226.05,2414081
2021-05-31 11:40:00,226.0,2414244
2021-05-31 11:40:02,225.95,2414398
2021-05-31 11:40:05,226.0,2414408
2021-05-31 11:40:09,226.05,2415133
2021-05-31 11:40:11,226.0,2416186
2021-05-31 11:40:14,226.05,2417006
2021-05-31 11:40:16,226.0,2417036
2021-05-31 11:40:19,226.05,2417412
2021-05-31 11:40:21,226.05,2417430
