timestamp,ltp,volume
2021-05-31 09:15:04,2107.25,97152
2021-05-31 09:15:05,2104.7,102483
2021-05-31 09:15:06,2106.95,114609
2021-05-31 09:15:07,2106.75,120022
2021-05-31 09:15:08,2106.05,124302
2021-05-31 09:15:09,2104.9,126577
2021-05-31 09:15:10,2105.4,131775
2021-05-31 09:15:11,2105.3,139411
2021-05-31 09:15:13,2104.65,155176
2021-05-31 09:15:14,2105.35,162569
2021-05-31 09:15:15,2105.05,172429
2021-05-31 09:15:16,2103.6,180760
2021-05-31 09:15:17,2104.7,181623
2021-05-31 09:15:18,2103.05,189669
2021-05-31 09:15:19,2103.0,195030
2021-05-31 09:15:20,2102.55,205175
2021-05-31 09:15:21,2102.55,218624
2021-05-31 09:15:22,2103.05,223749
2021-05-31 09:15:23,2102.95,236507
2021-05-31 09:15:24,2103.0,240884
2021-05-31 09:15:25,2102.2,246881
2021-05-31 09:15:26,2102.05,250834
2021-05-31 09:15:27,2101.55,253548
2021-05-31 09:15:28,2103.0,257686
2021-05-31 09:15:29,2103.15,262093
2021-05-31 09:15:30,2102.85,266375
2021-05-31 09:15:31,2103.15,269013
2021-05-31 09:15:32,2103.3,275921
2021-05-31 09:15:34,2103.95,281784
2021-05-31 09:15:35,2104.45,284423
2021-05-31 09:15:36,2104.8,286814
2021-05-31 09:15:37,2103.95,292114
2021-05-31 09:15:38,2103.55,295870
2021-05-31 09:15:39,2104.7,299770
2021-05-31 09:15:40,2104.6,302584
2021-05-31 09:15:41,2104.8,305342
2021-05-31 09:15:42,2104.5,308694
2021-05-31 09:15:43,2104.25,311618
2021-05-31 09:15:44,2104.6,316409
2021-05-31 09:15:45,2104.8,322346
2021-05-31 09:15:46,2104.6,325704
2021-05-31 09:15:47,2103.9,330909
2021-05-31 09:15:48,2105.4,336493
2021-05-31 09:15:49,2107.0,348487
2021-05-31 09:15:50,2107.6,353157
2021-05-31 09:15:51,2106.8,366579
2021-05-31 09:15:52,2106.75,370113
2021-05-31 09:15:53,2107.85,377729
2021-05-31 09:15:54,2109.2,385160
2021-05-31 09:15:55,2107.9,388647
2021-05-31 09:15:56,2109.45,392933
2021-05-31 09:15:57,2108.3,401530
2021-05-31 09:15:58,2108.7,407613
2021-05-31 09:15:59,2108.4,417085
2021-05-31 09:16:00,2107.75,419893
2021-05-31 09:16:01,2107.7,423319
2021-05-31 09:16:02,2107.9,428555
2021-05-31 09:16:03,2108.75,433647
2021-05-31 09:16:04,2108.3,436783
2021-05-31 09:16:05,2108.3,440405
2021-05-31 09:16:06,2108.6,443475
2021-05-31 09:16:07,2108.05,445903
2021-05-31 09:16:08,2108.65,448805
2021-05-31 09:16:09,2108.5,453956
2021-05-31 09:16:10,2106.05,462490
2021-05-31 09:16:11,2106.5,473704
2021-05-31 09:16:12,2107.1,481382
2021-05-31 09:16:13,2107.85,485034
2021-05-31 09:16:14,2108.05,491694
2021-05-31 09:16:15,2107.25,495736
2021-05-31 09:16:16,2107.8,498871
2021-05-31 09:16:17,2107.6,502507
2021-05-31 09:16:19,2107.5,512248
2021-05-31 09:16:20,2107.2,514726
2021-05-31 09:16:22,2106.65,518068
2021-05-31 09:16:21,2106.7,517147
2021-05-31 09:16:23,2104.6,526921
2021-05-31 09:16:24,2104.0,536748
2021-05-31 09:16:25,2101.0,597988
2021-05-31 09:16:26,2101.05,608448
2021-05-31 09:16:27,2102.6,612108
2021-05-31 09:16:28,2101.1,617227
2021-05-31 09:16:29,2100.95,620649
2021-05-31 09:16:30,2100.0,632087
2021-05-31 09:16:31,2100.5,638540
2021-05-31 09:16:32,2099.55,641542
2021-05-31 09:16:33,2099.25,646857
2021-05-31 09:16:34,2099.55,649522
2021-05-31 09:16:35,2099.75,653091
2021-05-31 09:16:36,2099.2,658966
2021-05-31 09:16:37,2100.35,660797
2021-05-31 09:16:38,2100.3,663874
2021-05-31 09:16:39,2100.8,671841
2021-05-31 09:16:40,2102.5,676143
2021-05-31 09:16:41,2102.95,678430
2021-05-31 09:16:42,2103.0,678954
2021-05-31 09:16:43,2101.75,679999
2021-05-31 09:16:45,2103.5,681309
2021-05-31 09:16:44,2103.1,680853
2021-05-31 09:16:46,2103.7,682911
2021-05-31 09:16:47,2104.0,684353
2021-05-31 09:16:48,2104.25,694605
2021-05-31 09:16:49,2105.35,705041
2021-05-31 09:16:50,2105.45,707475
2021-05-31 09:16:51,2106.95,710028
2021-05-31 09:16:52,2105.85,710642
2021-05-31 09:16:53,2106.6,712353
2021-05-31 09:16:54,2105.8,714341
2021-05-31 09:16:56,2106.7,715459
2021-05-31 09:16:55,2106.65,715395
2021-05-31 09:16:57,2106.25,716775
2021-05-31 09:16:58,2107.25,724691
2021-05-31 09:16:59,2107.5,735645
2021-05-31 09:17:00,2107.95,745611
2021-05-31 09:17:01,2106.6,748577
2021-05-31 09:17:02,2108.0,751434
2021-05-31 09:17:03,2108.0,752892
2021-05-31 09:17:04,2108.5,754760
2021-05-31 09:17:05,2108.25,755164
2021-05-31 09:17:06,2107.9,756287
2021-05-31 09:17:07,2108.4,757880
2021-05-31 09:17:08,2107.85,759298
2021-05-31 09:17:09,2107.65,761928
2021-05-31 09:17:10,2107.5,764090
2021-05-31 09:17:11,2108.4,767765
2021-05-31 09:17:12,2107.4,770247
2021-05-31 09:17:13,2108.0,776473
2021-05-31 09:17:14,2108.5,780139
2021-05-31 09:17:15,2108.0,781784
2021-05-31 09:17:16,2108.2,784112
2021-05-31 09:17:17,2107.6,786522
2021-05-31 09:17:20,2107.15,789837
2021-05-31 09:17:20,2108.25,790240
2021-05-31 09:17:21,2108.0,791552
2021-05-31 09:17:22,2107.55,793251
2021-05-31 09:17:23,2107.75,794488
2021-05-31 09:17:24,2108.0,796373
2021-05-31 09:17:25,2106.75,799618
2021-05-31 09:17:26,2107.85,801650
2021-05-31 09:17:27,2108.65,805249
2021-05-31 09:17:28,2108.4,806776
2021-05-31 09:17:29,2107.35,808460
2021-05-31 09:17:30,2108.2,810035
2021-05-31 09:17:32,2107.6,811697
2021-05-31 09:17:32,2107.25,811857
2021-05-31 09:17:33,2108.5,814352
2021-05-31 09:17:34,2108.9,815711
2021-05-31 09:17:35,2110.0,831196
2021-05-31 09:17:36,2109.85,841269
2021-05-31 09:17:37,2113.0,847636
2021-05-31 09:17:38,2113.95,851681
2021-05-31 09:17:39,2112.95,855011
2021-05-31 09:17:40,2112.1,859879
2021-05-31 09:17:41,2113.1,861924
2021-05-31 09:17:42,2112.8,863905
2021-05-31 09:17:43,2113.0,865642
2021-05-31 09:17:44,2113.0,868521
2021-05-31 09:17:45,2113.05,870753
2021-05-31 09:17:46,2112.5,875633
2021-05-31 09:17:47,2113.5,879494
2021-05-31 09:17:49,2113.75,884656
2021-05-31 09:17:50,2113.4,888989
2021-05-31 09:17:50,2114.0,888287
2021-05-31 09:17:51,2113.5,893937
2021-05-31 09:17:52,2114.0,899224
2021-05-31 09:17:53,2114.35,902688
2021-05-31 09:17:54,2113.05,906138
2021-05-31 09:17:55,2114.0,909678
2021-05-31 09:17:56,2114.0,912461
2021-05-31 09:17:57,2113.05,917113
2021-05-31 09:17:58,2113.0,925449
2021-05-31 09:17:59,2113.0,928519
2021-05-31 09:18:00,2112.65,934708
2021-05-31 09:18:01,2113.0,940300
2021-05-31 09:18:02,2112.15,941857
2021-05-31 09:18:03,2111.15,943808
2021-05-31 09:18:04,2111.65,944776
2021-05-31 09:18:05,2111.65,946889
2021-05-31 09:18:06,2110.85,949024
2021-05-31 09:18:07,2111.9,950045
2021-05-31 09:18:08,2112.0,951637
2021-05-31 09:18:09,2111.1,952965
2021-05-31 09:18:10,2111.7,953644
2021-05-31 09:18:11,2111.75,956537
2021-05-31 09:18:12,2111.65,958872
2021-05-31 09:18:13,2111.0,961374
2021-05-31 09:18:14,2111.1,964569
2021-05-31 09:18:15,2110.75,966341
2021-05-31 09:18:16,2110.05,975826
2021-05-31 09:18:17,2109.0,981118
2021-05-31 09:18:18,2109.2,985391
2021-05-31 09:18:19,2108.5,986910
2021-05-31 09:18:20,2108.0,989828
2021-05-31 09:18:21,2108.15,994014
2021-05-31 09:18:23,2107.35,996004
2021-05-31 09:18:23,2107.55,996510
2021-05-31 09:18:24,2107.7,997468
2021-05-31 09:18:25,2108.35,999748
2021-05-31 09:18:26,2107.95,1000231
2021-05-31 09:18:27,2107.9,1002288
2021-05-31 09:18:28,2108.35,1004475
2021-05-31 09:18:29,2108.0,1005934
2021-05-31 09:18:30,2107.85,1008425
2021-05-31 09:18:31,2107.7,1010835
2021-05-31 09:18:32,2107.8,1012395
2021-05-31 09:18:33,2107.4,1014412
2021-05-31 09:18:34,2107.3,1015682
2021-05-31 09:18:35,2106.3,1019095
2021-05-31 09:18:36,2106.7,1022433
2021-05-31 09:18:37,2105.3,1033213
2021-05-31 09:18:38,2105.25,1035924
2021-05-31 09:18:39,2106.7,1039010
2021-05-31 09:18:40,2106.4,1040953
2021-05-31 09:18:41,2106.0,1041936
2021-05-31 09:18:42,2106.65,1042742
2021-05-31 09:18:43,2105.4,1043329
2021-05-31 09:18:44,2105.35,1044795
2021-05-31 09:18:45,2106.0,1046381
2021-05-31 09:18:46,2106.3,1048241
2021-05-31 09:18:48,2107.15,1052355
2021-05-31 09:18:49,2106.45,1052789
2021-05-31 09:18:50,2108.0,1056740
2021-05-31 09:18:50,2107.9,1056843
2021-05-31 09:18:51,2108.3,1059955
2021-05-31 09:18:52,2108.9,1061350
2021-05-31 09:18:53,2108.2,1062926
2021-05-31 09:18:54,2108.5,1064683
2021-05-31 09:18:55,2107.15,1065990
2021-05-31 09:18:56,2107.45,1067796
2021-05-31 09:18:57,2108.55,1068186
2021-05-31 09:18:58,2108.85,1069179
2021-05-31 09:18:59,2108.35,1069671
2021-05-31 09:19:00,2109.0,1070149
2021-05-31 09:19:01,2108.2,1072368
2021-05-31 09:19:02,2108.0,1073868
2021-05-31 09:19:04,2107.65,1079393
2021-05-31 09:19:04,2107.3,1079695
2021-05-31 09:19:05,2107.0,1083967
2021-05-31 09:19:06,2108.0,1086416
2021-05-31 09:19:07,2108.4,1089152
2021-05-31 09:19:08,2107.0,1090514
2021-05-31 09:19:09,2107.25,1093346
2021-05-31 09:19:11,2107.35,1095593
2021-05-31 09:19:12,2108.0,1097238
2021-05-31 09:19:13,2107.9,1098002
2021-05-31 09:19:14,2106.4,1103623
2021-05-31 09:19:15,2106.9,1109190
2021-05-31 09:19:16,2106.9,1110921
2021-05-31 09:19:17,2106.7,1112787
2021-05-31 09:19:17,2106.85,1113095
2021-05-31 09:19:18,2106.8,1113996
2021-05-31 09:19:19,2106.25,1118546
2021-05-31 09:19:20,2105.7,1120774
2021-05-31 09:19:21,2104.7,1137962
2021-05-31 09:19:22,2106.6,1140264
2021-05-31 09:19:24,2105.75,1142481
2021-05-31 09:19:25,2105.35,1145366
2021-05-31 09:19:25,2105.85,1145935
2021-05-31 09:19:26,2105.3,1146446
2021-05-31 09:19:27,2105.35,1147251
2021-05-31 09:19:28,2106.0,1149484
2021-05-31 09:19:29,2105.25,1151759
2021-05-31 09:19:30,2106.5,1153257
2021-05-31 09:19:31,2105.65,1153934
2021-05-31 09:19:33,2105.8,1154857
2021-05-31 09:19:34,2104.5,1158801
2021-05-31 09:19:35,2104.5,1159695
2021-05-31 09:19:36,2104.65,1160988
2021-05-31 09:19:37,2104.0,1162398
2021-05-31 09:19:37,2104.8,1162431
2021-05-31 09:19:38,2104.8,1163625
2021-05-31 09:19:39,2105.05,1164782
2021-05-31 09:19:40,2105.05,1165682
2021-05-31 09:19:41,2105.2,1166919
2021-05-31 09:19:42,2105.4,1167801
2021-05-31 09:19:43,2104.4,1169415
2021-05-31 09:19:44,2104.4,1170369
2021-05-31 09:19:46,2105.0,1172210
2021-05-31 09:19:47,2105.0,1172718
2021-05-31 09:19:48,2105.65,1173608
2021-05-31 09:19:49,2105.8,1176859
2021-05-31 09:19:50,2105.8,1177384
2021-05-31 09:19:51,2105.15,1178329
2021-05-31 09:19:52,2105.7,1179338
2021-05-31 09:19:52,2105.65,1179595
2021-05-31 09:19:53,2105.75,1180336
2021-05-31 09:19:54,2105.6,1181138
2021-05-31 09:19:55,2105.65,1181991
2021-05-31 09:19:57,2106.3,1186200
2021-05-31 09:19:58,2106.5,1187220
2021-05-31 09:19:59,2105.8,1187484
2021-05-31 09:20:00,2105.75,1188344
2021-05-31 09:20:01,2105.8,1189935
2021-05-31 09:20:02,2105.0,1192108
2021-05-31 09:20:03,2105.0,1192697
2021-05-31 09:20:04,2105.85,1193646
2021-05-31 09:20:06,2105.95,1194430
2021-05-31 09:20:07,2105.65,1195552
2021-05-31 09:20:08,2105.65,1197103
2021-05-31 09:20:08,2105.1,1197133
2021-05-31 09:20:09,2105.45,1198666
2021-05-31 09:20:10,2105.0,1201210
2021-05-31 09:20:11,2104.4,1202259
2021-05-31 09:20:12,2105.1,1208963
2021-05-31 09:20:13,2104.7,1212766
2021-05-31 09:20:14,2104.0,1217805
2021-05-31 09:20:15,2103.7,1218932
2021-05-31 09:20:17,2103.9,1220675
2021-05-31 09:20:18,2104.1,1221709
2021-05-31 09:20:19,2104.1,1223482
2021-05-31 09:20:20,2103.65,1224098
2021-05-31 09:20:21,2104.05,1225399
2021-05-31 09:20:22,2103.85,1226106
2021-05-31 09:20:22,2103.85,1226165
2021-05-31 09:20:23,2103.0,1227474
2021-05-31 09:20:24,2102.9,1230176
2021-05-31 09:20:25,2103.0,1232181
2021-05-31 09:20:27,2102.9,1232898
2021-05-31 09:20:28,2102.95,1234026
2021-05-31 09:20:29,2102.85,1235740
2021-05-31 09:20:30,2102.8,1237008
2021-05-31 09:20:31,2102.45,1239163
2021-05-31 09:20:32,2102.0,1242082
2021-05-31 09:20:32,2102.0,1242082
2021-05-31 09:20:33,2101.6,1243958
2021-05-31 09:20:34,2102.0,1247247
2021-05-31 09:20:35,2102.0,1249368
2021-05-31 09:20:37,2100.4,1259111
2021-05-31 09:20:38,2101.3,1266575
2021-05-31 09:20:39,2101.55,1268709
2021-05-31 09:20:40,2100.05,1270067
2021-05-31 09:20:41,2100.3,1271708
2021-05-31 09:20:42,2098.95,1295440
2021-05-31 09:20:43,2098.45,1298932
2021-05-31 09:20:44,2099.3,1301397
2021-05-31 09:20:45,2097.05,1307193
2021-05-31 09:20:46,2098.0,1309068
2021-05-31 09:20:47,2095.45,1313473
2021-05-31 09:20:48,2096.75,1317115
2021-05-31 09:20:49,2095.8,1319653
2021-05-31 09:20:50,2095.8,1321435
2021-05-31 09:20:51,2096.65,1327202
2021-05-31 09:20:52,2096.05,1329627
2021-05-31 09:20:52,2096.0,1329954
2021-05-31 09:20:53,2096.7,1331649
2021-05-31 09:20:54,2097.2,1335407
2021-05-31 09:20:55,2096.95,1338622
2021-05-31 09:20:56,2096.05,1339745
2021-05-31 09:20:57,2097.25,1345666
2021-05-31 09:20:58,2096.25,1346547
2021-05-31 09:20:59,2097.35,1347754
2021-05-31 09:21:00,2098.0,1348616
2021-05-31 09:21:01,2098.05,1351349
2021-05-31 09:21:02,2098.15,1352978
2021-05-31 09:21:03,2098.7,1355034
2021-05-31 09:21:04,2098.55,1356053
2021-05-31 09:21:05,2098.15,1357760
2021-05-31 09:21:06,2097.05,1359974
2021-05-31 09:21:07,2097.65,1361190
2021-05-31 09:21:08,2097.75,1362023
2021-05-31 09:21:09,2096.55,1365236
2021-05-31 09:21:10,2097.05,1366852
2021-05-31 09:21:11,2096.0,1368871
2021-05-31 09:21:12,2096.4,1371675
2021-05-31 09:21:13,2096.3,1375682
2021-05-31 09:21:14,2096.3,1376507
2021-05-31 09:21:15,2096.15,1377491
2021-05-31 09:21:16,2095.45,1378268
2021-05-31 09:21:17,2096.1,1378755
2021-05-31 09:21:19,2095.95,1380066
2021-05-31 09:21:20,2095.3,1381379
2021-05-31 09:21:22,2095.75,1385109
2021-05-31 09:21:24,2095.3,1389471
2021-05-31 09:21:25,2096.0,1390368
2021-05-31 09:21:26,2096.3,1391533
2021-05-31 09:21:27,2096.5,1392988
2021-05-31 09:21:28,2096.5,1393765
2021-05-31 09:21:29,2097.0,1396998
2021-05-31 09:21:30,2097.05,1397838
2021-05-31 09:21:31,2097.65,1398811
2021-05-31 09:21:32,2097.55,1399599
2021-05-31 09:21:33,2097.0,1400273
2021-05-31 09:21:34,2096.7,1401617
2021-05-31 09:21:35,2097.6,1403143
2021-05-31 09:21:36,2097.9,1404063
2021-05-31 09:21:37,2097.0,1406869
2021-05-31 09:21:38,2097.2,1408197
2021-05-31 09:21:39,2097.05,1408901
2021-05-31 09:21:40,2097.9,1412485
2021-05-31 09:21:42,2097.75,1415820
2021-05-31 09:21:41,2097.15,1414106
2021-05-31 09:21:42,2098.0,1417440
2021-05-31 09:21:43,2097.05,1418853
2021-05-31 09:21:44,2097.45,1423039
2021-05-31 09:21:45,2097.95,1424173
2021-05-31 09:21:46,2097.2,1426279
2021-05-31 09:21:47,2097.35,1426606
2021-05-31 09:21:48,2097.1,1427395
2021-05-31 09:21:49,2097.9,1427729
2021-05-31 09:21:50,2097.9,1427968
2021-05-31 09:21:51,2097.2,1428944
2021-05-31 09:21:52,2097.65,1429964
2021-05-31 09:21:53,2097.65,1431105
2021-05-31 09:21:54,2098.4,1432710
2021-05-31 09:21:55,2098.2,1434246
2021-05-31 09:21:56,2098.1,1435505
2021-05-31 09:21:57,2097.5,1436718
2021-05-31 09:21:58,2098.0,1437364
2021-05-31 09:21:59,2098.5,1437679
2021-05-31 09:22:00,2097.5,1438650
2021-05-31 09:22:01,2098.05,1439093
2021-05-31 09:22:02,2098.4,1439513
2021-05-31 09:22:03,2098.9,1440419
2021-05-31 09:22:04,2098.45,1440888
2021-05-31 09:22:05,2098.2,1441898
2021-05-31 09:22:06,2099.95,1445698
2021-05-31 09:22:07,2099.2,1446078
2021-05-31 09:22:08,2099.5,1446318
2021-05-31 09:22:09,2100.0,1447765
2021-05-31 09:22:10,2099.5,1449877
2021-05-31 09:22:11,2099.95,1451175
2021-05-31 09:22:12,2101.2,1452793
2021-05-31 09:22:13,2099.5,1454480
2021-05-31 09:22:14,2100.0,1455584
2021-05-31 09:22:15,2100.9,1456487
2021-05-31 09:22:17,2099.8,1484405
2021-05-31 09:22:17,2099.9,1485454
2021-05-31 09:22:18,2099.2,1488479
2021-05-31 09:22:19,2099.8,1489158
2021-05-31 09:22:21,2099.5,1490343
2021-05-31 09:22:22,2099.0,1490884
2021-05-31 09:22:23,2099.65,1491953
2021-05-31 09:22:24,2100.45,1497231
2021-05-31 09:22:25,2100.0,1498496
2021-05-31 09:22:26,2100.25,1499260
2021-05-31 09:22:27,2100.0,1500475
2021-05-31 09:22:28,2099.75,1500881
2021-05-31 09:22:28,2099.9,1501459
2021-05-31 09:22:29,2099.1,1504259
2021-05-31 09:22:30,2098.35,1505983
2021-05-31 09:22:31,2099.2,1506358
2021-05-31 09:22:32,2099.4,1506569
2021-05-31 09:22:33,2099.65,1506935
2021-05-31 09:22:34,2099.7,1507204
2021-05-31 09:22:35,2099.55,1507406
2021-05-31 09:22:36,2099.85,1508713
2021-05-31 09:22:37,2098.7,1509921
2021-05-31 09:22:38,2099.1,1511003
2021-05-31 09:22:39,2099.2,1511501
2021-05-31 09:22:40,2099.4,1512953
2021-05-31 09:22:41,2098.15,1513810
2021-05-31 09:22:42,2099.75,1516110
2021-05-31 09:22:44,2099.5,1517034
2021-05-31 09:22:45,2099.55,1518127
2021-05-31 09:22:46,2099.8,1518996
2021-05-31 09:22:47,2099.65,1520407
2021-05-31 09:22:48,2099.65,1521455
2021-05-31 09:22:49,2099.95,1524910
2021-05-31 09:22:50,2100.25,1525091
2021-05-31 09:22:51,2100.85,1525326
2021-05-31 09:22:52,2100.5,1525827
2021-05-31 09:22:53,2099.9,1527910
2021-05-31 09:22:54,2099.55,1528868
2021-05-31 09:22:55,2099.2,1529229
2021-05-31 09:22:56,2098.0,1532329
2021-05-31 09:22:57,2099.05,1534361
2021-05-31 09:22:58,2099.1,1534843
2021-05-31 09:22:59,2098.15,1535112
2021-05-31 09:23:00,2099.0,1535596
2021-05-31 09:23:01,2098.25,1536028
2021-05-31 09:23:02,2099.0,1536381
2021-05-31 09:23:03,2098.35,1536669
2021-05-31 09:23:04,2098.9,1537077
2021-05-31 09:23:05,2099.5,1537501
2021-05-31 09:23:05,2098.45,1537538
2021-05-31 09:23:06,2099.55,1538042
2021-05-31 09:23:07,2099.0,1538393
2021-05-31 09:23:08,2098.9,1539128
2021-05-31 09:23:09,2098.9,1539346
2021-05-31 09:23:10,2099.3,1541666
2021-05-31 09:23:11,2099.55,1541808
2021-05-31 09:23:12,2099.1,1542548
2021-05-31 09:23:13,2098.75,1543678
2021-05-31 09:23:14,2098.5,1544223
2021-05-31 09:23:15,2098.9,1544850
2021-05-31 09:23:16,2099.0,1545590
2021-05-31 09:23:17,2099.3,1546106
2021-05-31 09:23:18,2099.6,1546313
2021-05-31 09:23:19,2099.5,1546720
2021-05-31 09:23:20,2098.55,1547804
2021-05-31 09:23:22,2099.3,1547867
2021-05-31 09:23:23,2099.25,1548012
2021-05-31 09:23:24,2099.65,1548871
2021-05-31 09:23:25,2099.05,1548900
2021-05-31 09:23:26,2099.0,1549260
2021-05-31 09:23:27,2098.9,1549605
2021-05-31 09:23:28,2099.65,1550260
2021-05-31 09:23:30,2099.6,1551430
2021-05-31 09:23:31,2099.65,1552606
2021-05-31 09:23:32,2099.1,1553336
2021-05-31 09:23:33,2099.65,1553830
2021-05-31 09:23:34,2099.1,1554027
2021-05-31 09:23:35,2099.6,1554226
2021-05-31 09:23:36,2099.4,1554411
2021-05-31 09:23:37,2099.15,1554848
2021-05-31 09:23:38,2099.1,1555375
2021-05-31 09:23:39,2099.1,1555521
2021-05-31 09:23:40,2099.3,1556160
2021-05-31 09:23:41,2099.1,1556671
2021-05-31 09:23:42,2099.35,1556891
2021-05-31 09:23:43,2099.35,1557575
2021-05-31 09:23:44,2099.35,1557764
2021-05-31 09:23:45,2099.3,1558156
2021-05-31 09:23:46,2099.3,1558279
2021-05-31 09:23:47,2099.3,1558595
2021-05-31 09:23:48,2099.3,1558824
2021-05-31 09:23:49,2099.35,1558978
2021-05-31 09:23:50,2099.7,1559426
2021-05-31 09:23:51,2099.4,1559646
2021-05-31 09:23:52,2099.65,1559940
2021-05-31 09:23:53,2099.4,1560704
2021-05-31 09:23:54,2100.0,1563431
2021-05-31 09:23:55,2100.2,1564627
2021-05-31 09:23:56,2100.3,1565835
2021-05-31 09:23:57,2100.05,1565919
2021-05-31 09:23:58,2100.05,1566782
2021-05-31 09:23:59,2100.15,1567790
2021-05-31 09:24:00,2101.0,1571363
2021-05-31 09:24:01,2100.95,1572214
2021-05-31 09:24:02,2100.25,1572374
2021-05-31 09:24:03,2100.85,1573899
2021-05-31 09:24:03,2100.25,1573869
2021-05-31 09:24:04,2100.9,1574890
2021-05-31 09:24:06,2100.5,1575352
2021-05-31 09:24:07,2100.25,1575952
2021-05-31 09:24:08,2100.25,1576959
2021-05-31 09:24:09,2099.4,1578005
2021-05-31 09:24:10,2099.5,1578931
2021-05-31 09:24:11,2099.7,1581047
2021-05-31 09:24:12,2099.7,1581817
2021-05-31 09:24:13,2099.7,1582264
2021-05-31 09:24:14,2099.5,1583699
2021-05-31 09:24:15,2099.7,1584088
2021-05-31 09:24:16,2100.2,1586159
2021-05-31 09:24:17,2100.8,1587292
2021-05-31 09:24:18,2100.8,1587658
2021-05-31 09:24:19,2100.8,1588220
2021-05-31 09:24:20,2100.25,1588654
2021-05-31 09:24:21,2100.8,1589317
2021-05-31 09:24:22,2100.45,1590026
2021-05-31 09:24:23,2100.8,1590826
2021-05-31 09:24:24,2100.9,1591190
2021-05-31 09:24:25,2100.9,1591348
2021-05-31 09:24:26,2100.5,1592599
2021-05-31 09:24:28,2100.8,1593904
2021-05-31 09:24:29,2100.0,1595137
2021-05-31 09:24:30,2100.25,1595776
2021-05-31 09:24:31,2100.85,1596117
2021-05-31 09:24:32,2100.6,1596472
2021-05-31 09:24:32,2100.85,1596450
2021-05-31 09:24:33,2100.8,1596905
2021-05-31 09:24:34,2100.8,1596977
2021-05-31 09:24:35,2100.8,1597718
2021-05-31 09:24:36,2100.8,1597981
2021-05-31 09:24:38,2101.0,1598401
2021-05-31 09:24:39,2100.2,1602892
2021-05-31 09:24:40,2099.5,1603990
2021-05-31 09:24:41,2100.25,1604538
2021-05-31 09:24:42,2099.55,1605544
2021-05-31 09:24:43,2100.2,1605940
2021-05-31 09:24:44,2099.5,1607549
2021-05-31 09:24:45,2099.1,1608372
2021-05-31 09:24:45,2099.8,1608502
2021-05-31 09:24:46,2099.2,1608801
2021-05-31 09:24:47,2099.2,1609278
2021-05-31 09:24:49,2100.0,1612163
2021-05-31 09:24:50,2099.65,1613490
2021-05-31 09:24:51,2099.45,1614492
2021-05-31 09:24:52,2099.6,1616736
2021-05-31 09:24:53,2099.0,1617272
2021-05-31 09:24:54,2099.65,1618165
2021-05-31 09:24:58,2099.65,1620018
2021-05-31 09:25:01,2099.05,1622016
2021-05-31 09:25:03,2098.6,1625291
2021-05-31 09:25:04,2098.75,1626098
2021-05-31 09:25:05,2098.65,1626865
2021-05-31 09:25:05,2098.65,1626815
2021-05-31 09:25:06,2098.6,1627632
2021-05-31 09:25:07,2098.05,1629068
2021-05-31 09:25:08,2098.6,1629732
2021-05-31 09:25:10,2098.0,1633091
2021-05-31 09:25:11,2098.0,1633701
2021-05-31 09:25:12,2098.0,1635358
2021-05-31 09:25:13,2098.45,1635578
2021-05-31 09:25:14,2098.0,1636129
2021-05-31 09:25:15,2098.0,1636969
2021-05-31 09:25:16,2098.6,1637506
2021-05-31 09:25:17,2098.0,1638164
2021-05-31 09:25:18,2098.6,1638993
2021-05-31 09:25:19,2098.0,1640653
2021-05-31 09:25:20,2098.15,1641259
2021-05-31 09:25:21,2097.85,1642509
2021-05-31 09:25:22,2097.6,1643315
2021-05-31 09:25:23,2098.0,1643485
2021-05-31 09:25:23,2098.0,1643485
2021-05-31 09:25:25,2097.5,1643718
2021-05-31 09:25:26,2097.8,1644363
2021-05-31 09:25:27,2097.0,1646911
2021-05-31 09:25:28,2097.4,1647599
2021-05-31 09:25:29,2097.0,1649436
2021-05-31 09:25:30,2097.0,1649443
2021-05-31 09:25:31,2096.2,1650341
2021-05-31 09:25:32,2096.65,1652381
2021-05-31 09:25:33,2096.0,1653122
2021-05-31 09:25:34,2096.0,1654493
2021-05-31 09:25:35,2096.2,1654581
2021-05-31 09:25:36,2096.15,1656112
2021-05-31 09:25:38,2095.5,1661762
2021-05-31 09:25:39,2095.05,1664122
2021-05-31 09:25:40,2095.0,1672390
2021-05-31 09:25:41,2095.2,1674591
2021-05-31 09:25:42,2094.85,1679301
2021-05-31 09:25:43,2094.85,1680816
2021-05-31 09:25:44,2094.0,1683731
2021-05-31 09:25:45,2094.65,1683733
2021-05-31 09:25:46,2093.7,1684336
2021-05-31 09:25:47,2093.0,1687412
2021-05-31 09:25:48,2092.35,1689194
2021-05-31 09:25:49,2092.0,1691063
2021-05-31 09:25:50,2092.6,1692706
2021-05-31 09:25:51,2091.55,1694688
2021-05-31 09:25:52,2091.1,1695571
2021-05-31 09:25:53,2091.0,1697898
2021-05-31 09:25:54,2091.6,1699540
2021-05-31 09:25:55,2090.05,1701651
2021-05-31 09:25:56,2087.0,1731259
2021-05-31 09:25:57,2087.9,1734810
2021-05-31 09:25:58,2088.55,1737763
2021-05-31 09:25:59,2088.7,1737899
2021-05-31 09:26:00,2087.65,1739579
2021-05-31 09:26:01,2087.75,1741740
2021-05-31 09:26:02,2087.6,1743213
2021-05-31 09:26:03,2088.8,1744025
2021-05-31 09:26:04,2087.9,1745108
2021-05-31 09:26:05,2088.0,1745857
2021-05-31 09:26:06,2087.0,1748421
2021-05-31 09:26:07,2088.0,1750618
2021-05-31 09:26:08,2088.5,1754729
2021-05-31 09:26:09,2088.0,1756271
2021-05-31 09:26:10,2088.55,1757999
2021-05-31 09:26:11,2089.15,1759140
2021-05-31 09:26:12,2089.55,1765124
2021-05-31 09:26:13,2088.95,1765833
2021-05-31 09:26:14,2088.0,1767160
2021-05-31 09:26:15,2087.25,1769280
2021-05-31 09:26:16,2088.1,1770868
2021-05-31 09:26:18,2087.35,1774787
2021-05-31 09:26:19,2088.2,1775783
2021-05-31 09:26:20,2087.25,1776188
2021-05-31 09:26:21,2087.7,1778628
2021-05-31 09:26:22,2088.55,1779653
2021-05-31 09:26:23,2088.85,1780899
2021-05-31 09:26:24,2089.5,1781858
2021-05-31 09:26:25,2088.5,1783025
2021-05-31 09:26:26,2089.75,1784029
2021-05-31 09:26:27,2088.85,1785475
2021-05-31 09:26:28,2088.55,1786522
2021-05-31 09:26:29,2089.9,1788171
2021-05-31 09:26:30,2089.35,1789275
2021-05-31 09:26:31,2090.55,1793538
2021-05-31 09:26:32,2090.55,1795477
2021-05-31 09:26:33,2090.95,1796808
2021-05-31 09:26:34,2090.5,1797468
2021-05-31 09:26:35,2090.55,1798334
2021-05-31 09:26:36,2091.5,1798944
2021-05-31 09:26:37,2091.55,1799933
2021-05-31 09:26:38,2090.75,1800552
2021-05-31 09:26:39,2090.75,1800922
2021-05-31 09:26:40,2091.65,1802184
2021-05-31 09:26:41,2091.0,1802700
2021-05-31 09:26:42,2091.65,1803653
2021-05-31 09:26:43,2090.7,1804980
2021-05-31 09:26:44,2092.0,1805589
2021-05-31 09:26:45,2092.0,1805662
2021-05-31 09:26:46,2092.0,1806123
2021-05-31 09:26:47,2091.7,1806735
2021-05-31 09:26:48,2092.5,1807543
2021-05-31 09:26:49,2091.8,1807916
2021-05-31 09:26:50,2091.1,1808421
2021-05-31 09:26:51,2092.45,1810410
2021-05-31 09:26:52,2092.0,1811874
2021-05-31 09:26:53,2092.05,1812056
2021-05-31 09:26:54,2092.5,1812074
2021-05-31 09:26:55,2092.5,1812353
2021-05-31 09:26:56,2092.0,1812809
2021-05-31 09:26:57,2092.45,1813230
2021-05-31 09:26:58,2092.5,1814497
2021-05-31 09:26:59,2091.9,1814780
2021-05-31 09:27:00,2092.45,1816033
2021-05-31 09:27:01,2092.05,1817472
2021-05-31 09:27:02,2091.4,1818556
2021-05-31 09:27:03,2090.5,1819925
2021-05-31 09:27:04,2090.85,1821276
2021-05-31 09:27:05,2091.1,1822040
2021-05-31 09:27:06,2090.95,1823148
2021-05-31 09:27:07,2090.3,1823611
2021-05-31 09:27:08,2091.0,1823618
2021-05-31 09:27:09,2090.3,1824187
2021-05-31 09:27:10,2091.05,1825415
2021-05-31 09:27:11,2091.05,1825658
2021-05-31 09:27:12,2090.95,1826149
2021-05-31 09:27:13,2091.0,1826792
2021-05-31 09:27:14,2090.95,1827255
2021-05-31 09:27:15,2090.85,1827946
2021-05-31 09:27:16,2090.6,1828752
2021-05-31 09:27:17,2090.85,1830715
2021-05-31 09:27:18,2090.95,1831440
2021-05-31 09:27:19,2090.5,1831501
2021-05-31 09:27:20,2090.0,1831861
2021-05-31 09:27:21,2090.8,1832398
2021-05-31 09:27:22,2090.1,1833656
2021-05-31 09:27:23,2090.0,1834242
2021-05-31 09:27:24,2090.0,1837541
2021-05-31 09:27:25,2090.05,1839285
2021-05-31 09:27:26,2089.9,1839897
2021-05-31 09:27:27,2089.85,1839946
2021-05-31 09:27:28,2089.9,1840473
2021-05-31 09:27:29,2089.6,1840797
2021-05-31 09:27:30,2088.85,1841662
2021-05-31 09:27:31,2088.6,1842295
2021-05-31 09:27:32,2089.45,1843063
2021-05-31 09:27:33,2089.0,1846151
2021-05-31 09:27:34,2089.0,1847021
2021-05-31 09:27:35,2089.7,1847743
2021-05-31 09:27:36,2088.55,1848879
2021-05-31 09:27:37,2088.7,1849363
2021-05-31 09:27:38,2088.5,1851324
2021-05-31 09:27:39,2089.6,1852145
2021-05-31 09:27:40,2089.5,1852803
2021-05-31 09:27:41,2089.8,1853665
2021-05-31 09:27:42,2088.7,1854449
2021-05-31 09:27:44,2089.0,1855442
2021-05-31 09:27:45,2089.0,1855806
2021-05-31 09:27:46,2089.5,1856329
2021-05-31 09:27:47,2088.6,1856449
2021-05-31 09:27:48,2089.0,1857523
2021-05-31 09:27:49,2089.0,1857726
2021-05-31 09:27:49,2089.0,1857805
2021-05-31 09:27:50,2088.8,1858490
2021-05-31 09:27:51,2088.0,1858809
2021-05-31 09:27:52,2089.05,1860313
2021-05-31 09:27:53,2089.0,1861066
2021-05-31 09:27:54,2088.6,1861625
2021-05-31 09:27:55,2088.6,1862582
2021-05-31 09:27:56,2089.0,1862902
2021-05-31 09:27:57,2089.35,1865177
2021-05-31 09:27:58,2089.0,1865442
2021-05-31 09:28:00,2088.15,1865793
2021-05-31 09:28:01,2088.0,1866981
2021-05-31 09:28:01,2088.55,1867008
2021-05-31 09:28:02,2088.05,1867338
2021-05-31 09:28:03,2088.35,1871454
2021-05-31 09:28:04,2088.0,1871634
2021-05-31 09:28:05,2086.0,1878940
2021-05-31 09:28:06,2086.95,1879895
2021-05-31 09:28:07,2086.0,1880999
2021-05-31 09:28:08,2085.7,1884140
2021-05-31 09:28:09,2085.75,1885779
2021-05-31 09:28:10,2086.0,1886374
2021-05-31 09:28:11,2086.85,1887774
2021-05-31 09:28:12,2086.7,1892677
2021-05-31 09:28:13,2085.6,1894085
2021-05-31 09:28:15,2085.75,1896034
2021-05-31 09:28:16,2086.55,1898048
2021-05-31 09:28:17,2086.95,1898917
2021-05-31 09:28:18,2087.45,1899432
2021-05-31 09:28:19,2086.25,1900398
2021-05-31 09:28:20,2086.85,1902212
2021-05-31 09:28:20,2086.5,1902222
2021-05-31 09:28:21,2086.0,1902287
2021-05-31 09:28:22,2086.75,1903498
2021-05-31 09:28:23,2087.0,1905423
2021-05-31 09:28:25,2086.0,1906519
2021-05-31 09:28:27,2086.0,1908949
2021-05-31 09:28:28,2086.0,1909287
2021-05-31 09:28:29,2086.4,1910730
2021-05-31 09:28:30,2086.0,1911844
2021-05-31 09:28:31,2086.0,1911918
2021-05-31 09:28:32,2085.7,1913270
2021-05-31 09:28:33,2087.5,1917522
2021-05-31 09:28:34,2087.45,1918538
2021-05-31 09:28:35,2087.0,1920163
2021-05-31 09:28:36,2087.0,1921126
2021-05-31 09:28:37,2087.85,1921836
2021-05-31 09:28:38,2086.7,1922633
2021-05-31 09:28:39,2086.75,1924064
2021-05-31 09:28:41,2086.8,1925889
2021-05-31 09:28:42,2088.05,1927081
2021-05-31 09:28:43,2087.3,1928821
2021-05-31 09:28:43,2087.35,1928939
2021-05-31 09:28:44,2088.5,1930849
2021-05-31 09:28:45,2087.95,1931898
2021-05-31 09:28:46,2087.6,1932682
2021-05-31 09:28:47,2087.45,1932843
2021-05-31 09:28:48,2087.05,1933953
2021-05-31 09:28:50,2087.0,1934984
2021-05-31 09:28:51,2087.0,1935775
2021-05-31 09:28:51,2088.0,1935815
2021-05-31 09:28:52,2087.0,1936024
2021-05-31 09:28:53,2087.05,1936808
2021-05-31 09:28:54,2086.65,1937019
2021-05-31 09:28:55,2086.45,1937461
2021-05-31 09:28:56,2087.15,1937852
2021-05-31 09:28:57,2086.45,1939273
2021-05-31 09:28:58,2086.4,1940272
2021-05-31 09:28:59,2086.05,1943307
2021-05-31 09:29:00,2086.05,1943858
2021-05-31 09:29:01,2086.9,1945527
2021-05-31 09:29:03,2087.2,1946226
2021-05-31 09:29:04,2086.95,1947050
2021-05-31 09:29:04,2087.0,1946936
2021-05-31 09:29:05,2086.0,1947173
2021-05-31 09:29:06,2086.65,1947425
2021-05-31 09:29:07,2087.05,1947452
2021-05-31 09:29:08,2086.45,1949362
2021-05-31 09:29:09,2087.0,1949708
2021-05-31 09:29:10,2087.25,1950005
2021-05-31 09:29:11,2086.9,1951492
2021-05-31 09:29:13,2086.35,1953790
2021-05-31 09:29:14,2087.0,1955228
2021-05-31 09:29:15,2087.35,1955848
2021-05-31 09:29:15,2087.35,1956069
2021-05-31 09:29:16,2087.0,1956702
2021-05-31 09:29:17,2087.45,1957582
2021-05-31 09:29:18,2087.0,1957740
2021-05-31 09:29:19,2087.0,1958229
2021-05-31 09:29:20,2087.5,1958666
2021-05-31 09:29:21,2087.5,1958816
2021-05-31 09:29:22,2087.55,1959065
2021-05-31 09:29:23,2087.55,1959604
2021-05-31 09:29:24,2087.55,1960002
2021-05-31 09:29:25,2087.6,1960377
2021-05-31 09:29:26,2087.55,1962339
2021-05-31 09:29:27,2088.5,1964959
2021-05-31 09:29:28,2087.55,1965082
2021-05-31 09:29:29,2088.0,1965219
2021-05-31 09:29:31,2088.0,1965444
2021-05-31 09:29:31,2088.0,1965429
2021-05-31 09:29:32,2087.65,1965951
2021-05-31 09:29:33,2088.0,1967032
2021-05-31 09:29:34,2088.1,1967176
2021-05-31 09:29:36,2088.15,1968145
2021-05-31 09:29:38,2088.7,1968361
2021-05-31 09:29:39,2088.65,1968449
2021-05-31 09:29:39,2088.3,1968699
2021-05-31 09:29:40,2088.7,1969095
2021-05-31 09:29:41,2088.5,1969383
2021-05-31 09:29:42,2088.5,1969481
2021-05-31 09:29:43,2088.1,1969729
2021-05-31 09:29:44,2088.5,1969907
2021-05-31 09:29:45,2088.75,1970590
2021-05-31 09:29:47,2088.9,1971631
2021-05-31 09:29:49,2089.35,1974735
2021-05-31 09:29:49,2088.7,1974600
2021-05-31 09:29:50,2088.75,1975015
2021-05-31 09:29:51,2089.45,1975315
2021-05-31 09:29:52,2089.05,1975714
2021-05-31 09:29:53,2089.05,1975874
2021-05-31 09:29:54,2089.5,1976542
2021-05-31 09:29:56,2089.5,1977295
2021-05-31 09:29:57,2089.0,1977913
2021-05-31 09:29:58,2089.0,1978013
2021-05-31 09:29:59,2089.8,1978176
2021-05-31 09:30:00,2089.1,1978560
2021-05-31 09:30:00,2089.1,1978463
2021-05-31 09:30:01,2088.95,1980418
2021-05-31 09:30:02,2089.0,1980869
2021-05-31 09:30:03,2088.6,1984863
2021-05-31 09:30:04,2088.1,1985128
2021-05-31 09:30:05,2087.55,1987281
2021-05-31 09:30:06,2088.45,1987812
2021-05-31 09:30:07,2087.25,1989182
2021-05-31 09:30:08,2088.9,1989779
2021-05-31 09:30:09,2087.7,1990242
2021-05-31 09:30:10,2088.7,1991107
2021-05-31 09:30:11,2087.9,1991216
2021-05-31 09:30:12,2088.75,1991407
2021-05-31 09:30:14,2088.6,1991660
2021-05-31 09:30:15,2089.0,1992640
2021-05-31 09:30:16,2088.0,1993202
2021-05-31 09:30:17,2088.7,1993371
2021-05-31 09:30:18,2088.05,1993576
2021-05-31 09:30:19,2088.0,1994160
2021-05-31 09:30:20,2088.7,1994899
2021-05-31 09:30:20,2088.7,1994899
2021-05-31 09:30:21,2088.15,1995008
2021-05-31 09:30:22,2088.75,1995133
2021-05-31 09:30:23,2089.0,1995517
2021-05-31 09:30:24,2089.0,1997050
2021-05-31 09:30:25,2089.0,1997362
2021-05-31 09:30:26,2089.95,2001372
2021-05-31 09:30:28,2089.45,2002156
2021-05-31 09:30:29,2089.4,2002701
2021-05-31 09:30:30,2087.0,2006479
2021-05-31 09:30:30,2088.4,2004288
2021-05-31 09:30:31,2087.75,2007059
2021-05-31 09:30:32,2087.45,2008114
2021-05-31 09:30:33,2087.2,2008394
2021-05-31 09:30:34,2087.95,2009075
2021-05-31 09:30:35,2087.15,2009956
2021-05-31 09:30:36,2087.4,2010392
2021-05-31 09:30:37,2087.7,2012016
2021-05-31 09:30:38,2087.15,2012724
2021-05-31 09:30:39,2087.9,2012809
2021-05-31 09:30:40,2088.35,2013896
2021-05-31 09:30:41,2088.0,2014778
2021-05-31 09:30:42,2087.3,2015272
2021-05-31 09:30:43,2088.0,2016077
2021-05-31 09:30:44,2087.25,2016537
2021-05-31 09:30:45,2087.75,2016615
2021-05-31 09:30:46,2088.7,2017422
2021-05-31 09:30:47,2087.7,2019877
2021-05-31 09:30:48,2087.8,2020368
2021-05-31 09:30:50,2087.65,2020900
2021-05-31 09:30:51,2088.1,2021076
2021-05-31 09:30:52,2088.75,2021466
2021-05-31 09:30:53,2088.0,2021732
2021-05-31 09:30:54,2088.5,2022063
2021-05-31 09:30:55,2088.0,2022411
2021-05-31 09:30:56,2088.0,2022528
2021-05-31 09:30:57,2089.0,2023025
2021-05-31 09:30:58,2088.25,2023381
2021-05-31 09:30:59,2088.25,2023471
2021-05-31 09:31:00,2088.45,2024682
2021-05-31 09:31:01,2088.1,2025311
2021-05-31 09:31:02,2088.0,2026033
2021-05-31 09:31:03,2088.0,2026210
2021-05-31 09:31:04,2088.05,2026366
2021-05-31 09:31:05,2088.85,2027122
2021-05-31 09:31:06,2088.0,2027212
2021-05-31 09:31:07,2088.9,2027615
2021-05-31 09:31:08,2088.8,2027741
2021-05-31 09:31:09,2088.9,2027868
2021-05-31 09:31:10,2088.8,2027912
2021-05-31 09:31:11,2088.9,2028434
2021-05-31 09:31:12,2088.7,2028804
2021-05-31 09:31:13,2088.65,2028897
2021-05-31 09:31:14,2088.9,2029680
2021-05-31 09:31:15,2088.65,2029756
2021-05-31 09:31:16,2088.9,2029773
2021-05-31 09:31:17,2088.8,2029798
2021-05-31 09:31:18,2088.65,2029912
2021-05-31 09:31:19,2088.7,2029962
2021-05-31 09:31:20,2088.7,2030096
2021-05-31 09:31:22,2088.8,2030329
2021-05-31 09:31:23,2088.75,2030541
2021-05-31 09:31:24,2088.65,2030585
2021-05-31 09:31:24,2088.75,2030590
2021-05-31 09:31:25,2088.65,2031056
2021-05-31 09:31:26,2088.65,2031266
2021-05-31 09:31:27,2088.5,2031834
2021-05-31 09:31:28,2088.75,2032888
2021-05-31 09:31:29,2087.8,2034454
2021-05-31 09:31:30,2087.75,2034500
2021-05-31 09:31:31,2087.75,2035544
2021-05-31 09:31:32,2088.35,2036067
2021-05-31 09:31:33,2087.4,2036862
2021-05-31 09:31:34,2088.55,2037878
2021-05-31 09:31:35,2088.65,2038359
2021-05-31 09:31:36,2088.8,2038885
2021-05-31 09:31:37,2088.0,2039038
2021-05-31 09:31:38,2088.8,2039537
2021-05-31 09:31:39,2088.25,2039571
2021-05-31 09:31:40,2089.8,2041883
2021-05-31 09:31:41,2089.25,2042527
2021-05-31 09:31:42,2090.95,2051348
2021-05-31 09:31:43,2090.55,2051521
2021-05-31 09:31:44,2090.6,2051764
2021-05-31 09:31:45,2091.5,2051995
2021-05-31 09:31:46,2091.9,2052757
2021-05-31 09:31:47,2091.85,2053024
2021-05-31 09:31:48,2090.85,2053199
2021-05-31 09:31:49,2092.05,2055487
2021-05-31 09:31:50,2092.55,2057373
2021-05-31 09:31:51,2093.25,2061189
2021-05-31 09:31:52,2093.35,2061870
2021-05-31 09:31:53,2094.0,2064017
2021-05-31 09:31:54,2094.45,2064610
2021-05-31 09:31:55,2094.0,2065661
2021-05-31 09:31:56,2094.0,2066846
2021-05-31 09:31:57,2094.25,2067306
2021-05-31 09:31:58,2093.25,2067336
2021-05-31 09:31:59,2093.3,2067924
2021-05-31 09:32:00,2093.85,2069542
2021-05-31 09:32:01,2094.0,2070020
2021-05-31 09:32:02,2094.05,2070611
2021-05-31 09:32:04,2093.9,2071180
2021-05-31 09:32:04,2094.0,2073030
2021-05-31 09:32:05,2093.65,2074419
2021-05-31 09:32:06,2094.0,2076017
2021-05-31 09:32:07,2093.2,2076556
2021-05-31 09:32:08,2093.25,2077300
2021-05-31 09:32:09,2093.25,2077683
2021-05-31 09:32:10,2094.0,2078435
2021-05-31 09:32:11,2093.8,2078805
2021-05-31 09:32:12,2093.8,2080911
2021-05-31 09:32:14,2093.8,2081060
2021-05-31 09:32:15,2093.8,2081189
2021-05-31 09:32:15,2093.9,2082073
2021-05-31 09:32:17,2094.8,2082497
2021-05-31 09:32:18,2094.35,2084093
2021-05-31 09:32:19,2094.35,2084861
2021-05-31 09:32:20,2094.65,2088531
2021-05-31 09:32:21,2095.15,2090274
2021-05-31 09:32:22,2095.55,2090429
2021-05-31 09:32:23,2096.95,2092075
2021-05-31 09:32:24,2095.3,2093056
2021-05-31 09:32:25,2095.95,2094123
2021-05-31 09:32:26,2096.45,2094961
2021-05-31 09:32:27,2095.7,2096990
2021-05-31 09:32:28,2097.0,2098563
2021-05-31 09:32:29,2096.5,2099682
2021-05-31 09:32:30,2096.95,2100655
2021-05-31 09:32:31,2096.95,2102029
2021-05-31 09:32:32,2096.05,2103159
2021-05-31 09:32:33,2097.0,2107534
2021-05-31 09:32:34,2097.0,2107888
2021-05-31 09:32:35,2097.55,2109043
2021-05-31 09:32:36,2097.75,2110121
2021-05-31 09:32:37,2097.2,2111597
2021-05-31 09:32:38,2097.95,2113859
2021-05-31 09:32:40,2097.05,2114361
2021-05-31 09:32:41,2097.3,2115019
2021-05-31 09:32:42,2097.3,2115994
2021-05-31 09:32:43,2097.2,2117414
2021-05-31 09:32:44,2097.2,2118925
2021-05-31 09:32:45,2097.2,2119837
2021-05-31 09:32:46,2097.85,2120483
2021-05-31 09:32:47,2097.95,2122009
2021-05-31 09:32:48,2098.1,2123410
2021-05-31 09:32:49,2099.0,2123804
2021-05-31 09:32:50,2099.0,2124112
2021-05-31 09:32:50,2098.9,2124142
2021-05-31 09:32:51,2098.5,2126724
2021-05-31 09:32:52,2099.6,2128202
2021-05-31 09:32:53,2098.95,2132445
2021-05-31 09:32:54,2100.0,2133146
2021-05-31 09:32:55,2100.0,2134657
2021-05-31 09:32:56,2100.0,2143310
2021-05-31 09:32:57,2099.35,2143725
2021-05-31 09:32:58,2100.0,2145913
2021-05-31 09:32:59,2099.1,2148903
2021-05-31 09:33:00,2099.95,2151255
2021-05-31 09:33:01,2099.7,2153306
2021-05-31 09:33:02,2098.6,2155209
2021-05-31 09:33:03,2099.0,2157131
2021-05-31 09:33:04,2099.25,2158091
2021-05-31 09:33:05,2098.2,2158805
2021-05-31 09:33:07,2099.9,2160628
2021-05-31 09:33:08,2100.0,2161294
2021-05-31 09:33:09,2099.95,2163123
2021-05-31 09:33:10,2099.95,2163550
2021-05-31 09:33:11,2100.0,2165913
2021-05-31 09:33:12,2100.0,2166350
2021-05-31 09:33:13,2099.9,2166890
2021-05-31 09:33:13,2098.65,2168470
2021-05-31 09:33:14,2099.0,2169027
2021-05-31 09:33:15,2100.0,2169721
2021-05-31 09:33:16,2099.0,2172200
2021-05-31 09:33:17,2099.3,2172961
2021-05-31 09:33:18,2099.0,2173618
2021-05-31 09:33:19,2099.55,2174071
2021-05-31 09:33:20,2099.55,2174447
2021-05-31 09:33:21,2099.0,2174934
2021-05-31 09:33:22,2098.95,2175719
2021-05-31 09:33:23,2099.0,2177487
2021-05-31 09:33:24,2099.0,2178097
2021-05-31 09:33:25,2098.5,2178635
2021-05-31 09:33:26,2099.5,2179087
2021-05-31 09:33:27,2099.45,2179253
2021-05-31 09:33:28,2099.0,2179588
2021-05-31 09:33:29,2099.45,2180102
2021-05-31 09:33:30,2099.0,2180288
2021-05-31 09:33:31,2099.85,2181134
2021-05-31 09:33:32,2099.5,2181630
2021-05-31 09:33:33,2100.0,2193562
2021-05-31 09:33:34,2099.9,2194653
2021-05-31 09:33:35,2099.5,2194812
2021-05-31 09:33:36,2100.0,2195613
2021-05-31 09:33:37,2100.0,2198388
2021-05-31 09:33:38,2100.0,2199692
2021-05-31 09:33:39,2099.55,2200433
2021-05-31 09:33:40,2099.3,2201448
2021-05-31 09:33:41,2099.5,2201970
2021-05-31 09:33:42,2099.55,2203240
2021-05-31 09:33:44,2098.75,2205282
2021-05-31 09:33:45,2098.1,2205563
2021-05-31 09:33:45,2098.2,2206878
2021-05-31 09:33:47,2098.5,2207504
2021-05-31 09:33:47,2099.0,2208117
2021-05-31 09:33:48,2099.0,2208534
2021-05-31 09:33:49,2098.2,2208713
2021-05-31 09:33:50,2098.95,2209493
2021-05-31 09:33:51,2099.0,2209743
2021-05-31 09:33:52,2098.8,2209911
2021-05-31 09:33:53,2098.95,2210396
2021-05-31 09:33:54,2099.0,2210620
2021-05-31 09:33:55,2098.8,2211324
2021-05-31 09:33:56,2098.6,2211877
2021-05-31 09:33:57,2098.15,2212045
2021-05-31 09:33:58,2098.8,2212354
2021-05-31 09:33:59,2098.25,2212746
2021-05-31 09:34:02,2098.25,2214528
2021-05-31 09:34:04,2098.75,2214647
2021-05-31 09:34:04,2098.05,2215178
2021-05-31 09:34:07,2098.15,2216921
2021-05-31 09:34:08,2098.0,2216986
2021-05-31 09:34:09,2098.45,2217768
2021-05-31 09:34:10,2098.45,2218713
2021-05-31 09:34:11,2098.45,2218898
2021-05-31 09:34:12,2098.2,2219706
2021-05-31 09:34:12,2098.2,2219716
2021-05-31 09:34:13,2098.2,2220069
2021-05-31 09:34:14,2098.45,2220126
2021-05-31 09:34:15,2098.95,2220430
2021-05-31 09:34:16,2098.35,2220592
2021-05-31 09:34:17,2098.95,2220809
2021-05-31 09:34:18,2099.0,2221243
2021-05-31 09:34:19,2098.95,2221431
2021-05-31 09:34:20,2098.95,2221810
2021-05-31 09:34:21,2098.1,2222230
2021-05-31 09:34:22,2098.95,2222462
2021-05-31 09:34:24,2099.3,2225148
2021-05-31 09:34:24,2098.95,2225481
2021-05-31 09:34:25,2099.3,2225922
2021-05-31 09:34:27,2099.3,2226054
2021-05-31 09:34:28,2099.3,2226314
2021-05-31 09:34:30,2099.45,2227175
2021-05-31 09:34:31,2099.5,2228686
2021-05-31 09:34:32,2100.0,2252650
2021-05-31 09:34:33,2100.35,2255250
2021-05-31 09:34:34,2100.0,2260204
2021-05-31 09:34:35,2099.95,2265107
2021-05-31 09:34:36,2101.05,2266053
2021-05-31 09:34:37,2100.0,2268114
2021-05-31 09:34:37,2100.0,2268114
2021-05-31 09:34:38,2100.0,2274738
2021-05-31 09:34:39,2100.0,2276189
2021-05-31 09:34:40,2100.0,2278114
2021-05-31 09:34:41,2100.0,2279370
2021-05-31 09:34:43,2099.5,2280143
2021-05-31 09:34:44,2099.5,2280962
2021-05-31 09:34:45,2100.0,2282382
2021-05-31 09:34:46,2100.0,2284415
2021-05-31 09:34:47,2100.0,2285264
2021-05-31 09:34:48,2099.4,2286397
2021-05-31 09:34:49,2100.0,2287347
2021-05-31 09:34:50,2100.0,2288196
2021-05-31 09:34:51,2099.55,2289156
2021-05-31 09:34:51,2100.0,2292845
2021-05-31 09:34:52,2100.0,2294068
2021-05-31 09:34:53,2100.0,2294342
2021-05-31 09:34:54,2100.0,2296252
2021-05-31 09:34:55,2099.4,2296873
2021-05-31 09:34:56,2099.3,2297305
2021-05-31 09:34:57,2100.0,2297736
2021-05-31 09:34:59,2100.0,2298885
2021-05-31 09:35:00,2100.85,2299664
2021-05-31 09:35:01,2100.95,2300159
2021-05-31 09:35:02,2101.9,2302731
2021-05-31 09:35:03,2103.0,2309370
2021-05-31 09:35:04,2103.65,2310828
2021-05-31 09:35:05,2103.75,2312517
2021-05-31 09:35:06,2103.45,2313831
2021-05-31 09:35:07,2103.7,2314575
2021-05-31 09:35:08,2103.9,2316061
2021-05-31 09:35:09,2103.9,2317076
2021-05-31 09:35:10,2104.25,2320538
2021-05-31 09:35:10,2104.3,2320874
2021-05-31 09:35:11,2104.0,2321652
2021-05-31 09:35:12,2104.85,2322554
2021-05-31 09:35:14,2104.3,2325438
2021-05-31 09:35:14,2104.4,2329241
2021-05-31 09:35:16,2104.75,2333171
2021-05-31 09:35:17,2104.6,2334825
2021-05-31 09:35:18,2104.95,2336507
2021-05-31 09:35:19,2105.0,2338867
2021-05-31 09:35:20,2104.65,2340257
2021-05-31 09:35:21,2105.55,2341740
2021-05-31 09:35:22,2104.9,2345085
2021-05-31 09:35:23,2105.6,2347481
2021-05-31 09:35:24,2104.9,2348733
2021-05-31 09:35:25,2105.0,2352641
2021-05-31 09:35:27,2105.65,2354671
2021-05-31 09:35:26,2105.5,2353284
2021-05-31 09:35:28,2105.05,2356967
2021-05-31 09:35:29,2105.65,2364798
2021-05-31 09:35:30,2105.9,2367700
2021-05-31 09:35:31,2106.35,2368984
2021-05-31 09:35:32,2106.15,2369996
2021-05-31 09:35:33,2107.0,2372140
2021-05-31 09:35:34,2107.0,2377152
2021-05-31 09:35:35,2107.5,2379698
2021-05-31 09:35:36,2107.8,2380744
2021-05-31 09:35:37,2107.8,2381790
2021-05-31 09:35:37,2107.0,2382047
2021-05-31 09:35:38,2106.6,2383246
2021-05-31 09:35:39,2107.05,2394722
2021-05-31 09:35:40,2108.2,2397375
2021-05-31 09:35:41,2108.0,2398421
2021-05-31 09:35:42,2106.3,2401623
2021-05-31 09:35:43,2107.0,2403919
2021-05-31 09:35:44,2106.6,2409014
2021-05-31 09:35:45,2107.7,2410816
2021-05-31 09:35:46,2107.7,2413192
2021-05-31 09:35:47,2107.9,2413721
2021-05-31 09:35:48,2107.05,2414902
2021-05-31 09:35:50,2107.7,2416973
2021-05-31 09:35:51,2107.7,2419341
2021-05-31 09:35:52,2107.15,2422586
2021-05-31 09:35:53,2107.9,2424323
2021-05-31 09:35:54,2108.25,2426280
2021-05-31 09:35:57,2109.4,2436300
2021-05-31 09:35:58,2109.25,2448719
2021-05-31 09:35:59,2108.9,2455914
2021-05-31 09:36:00,2109.3,2460969
2021-05-31 09:36:01,2110.6,2464627
2021-05-31 09:36:02,2111.35,2471765
2021-05-31 09:36:02,2110.45,2470464
2021-05-31 09:36:04,2111.35,2474344
2021-05-31 09:36:05,2110.3,2485625
2021-05-31 09:36:06,2111.35,2487753
2021-05-31 09:36:07,2112.0,2491267
2021-05-31 09:36:08,2110.0,2496404
2021-05-31 09:36:09,2110.2,2499366
2021-05-31 09:36:10,2111.45,2501833
2021-05-31 09:36:11,2111.4,2503754
2021-05-31 09:36:12,2110.8,2506416
2021-05-31 09:36:13,2111.0,2507707
2021-05-31 09:36:14,2112.0,2509884
2021-05-31 09:36:15,2111.0,2513692
2021-05-31 09:36:16,2111.0,2516359
2021-05-31 09:36:17,2111.95,2519434
2021-05-31 09:36:18,2111.0,2521777
2021-05-31 09:36:19,2111.8,2526837
2021-05-31 09:36:20,2112.0,2528807
2021-05-31 09:36:21,2111.45,2535099
2021-05-31 09:36:22,2112.9,2537898
2021-05-31 09:36:23,2113.25,2542523
2021-05-31 09:36:24,2113.3,2547626
2021-05-31 09:36:25,2114.55,2553270
2021-05-31 09:36:26,2114.6,2556678
2021-05-31 09:36:27,2115.0,2566199
2021-05-31 09:36:28,2115.0,2577090
2021-05-31 09:36:30,2115.3,2584415
2021-05-31 09:36:29,2115.3,2583778
2021-05-31 09:36:31,2115.05,2589209
2021-05-31 09:36:32,2115.25,2594664
2021-05-31 09:36:33,2115.65,2596877
2021-05-31 09:36:34,2115.0,2604644
2021-05-31 09:36:35,2115.0,2613385
2021-05-31 09:36:36,2113.5,2617812
2021-05-31 09:36:37,2114.4,2622914
2021-05-31 09:36:38,2114.8,2626990
2021-05-31 09:36:39,2113.85,2631049
2021-05-31 09:36:40,2113.6,2633203
2021-05-31 09:36:41,2114.05,2635023
2021-05-31 09:36:42,2112.35,2639217
2021-05-31 09:36:43,2113.55,2639545
2021-05-31 09:36:44,2113.6,2641396
2021-05-31 09:36:45,2112.7,2643686
2021-05-31 09:36:46,2113.05,2647387
2021-05-31 09:36:47,2113.85,2651823
2021-05-31 09:36:48,2113.25,2654701
2021-05-31 09:36:49,2113.6,2658007
2021-05-31 09:36:50,2113.05,2661448
2021-05-31 09:36:51,2114.35,2663309
2021-05-31 09:36:52,2113.6,2665120
2021-05-31 09:36:53,2113.05,2666533
2021-05-31 09:36:54,2113.9,2668282
2021-05-31 09:36:55,2113.0,2669224
2021-05-31 09:36:56,2113.25,2672155
2021-05-31 09:37:00,2113.0,2680270
2021-05-31 09:37:01,2114.0,2681601
2021-05-31 09:37:02,2113.0,2682788
2021-05-31 09:37:04,2113.0,2685304
2021-05-31 09:37:05,2113.4,2685635
2021-05-31 09:37:06,2113.1,2688536
2021-05-31 09:37:07,2114.0,2689582
2021-05-31 09:37:08,2114.0,2691631
2021-05-31 09:37:09,2114.4,2695151
2021-05-31 09:37:10,2114.4,2696768
2021-05-31 09:37:11,2113.85,2698525
2021-05-31 09:37:12,2113.65,2700888
2021-05-31 09:37:13,2114.25,2701587
2021-05-31 09:37:14,2114.0,2704378
2021-05-31 09:37:15,2114.0,2704413
2021-05-31 09:37:16,2114.7,2711860
2021-05-31 09:37:17,2114.25,2713528
2021-05-31 09:37:18,2115.1,2728943
2021-05-31 09:37:19,2115.6,2734540
2021-05-31 09:37:20,2116.35,2736761
2021-05-31 09:37:21,2116.8,2738995
2021-05-31 09:37:22,2117.0,2743394
2021-05-31 09:37:23,2116.9,2747207
2021-05-31 09:37:24,2115.4,2751747
2021-05-31 09:37:25,2116.55,2755441
2021-05-31 09:37:26,2116.05,2757102
2021-05-31 09:37:27,2116.7,2758567
2021-05-31 09:37:28,2116.8,2760940
2021-05-31 09:37:29,2116.0,2762741
2021-05-31 09:37:30,2116.0,2763087
2021-05-31 09:37:31,2116.5,2764524
2021-05-31 09:37:32,2116.95,2765592
2021-05-31 09:37:33,2117.5,2769897
2021-05-31 09:37:34,2117.0,2773870
2021-05-31 09:37:35,2117.0,2775696
2021-05-31 09:37:36,2117.15,2778555
2021-05-31 09:37:37,2117.5,2780823
2021-05-31 09:37:38,2117.2,2782329
2021-05-31 09:37:39,2118.0,2783398
2021-05-31 09:37:40,2118.0,2785235
2021-05-31 09:37:41,2117.0,2790957
2021-05-31 09:37:42,2118.0,2792788
2021-05-31 09:37:43,2118.7,2801336
2021-05-31 09:37:44,2117.55,2802071
2021-05-31 09:37:45,2118.0,2803390
2021-05-31 09:37:46,2119.15,2810990
2021-05-31 09:37:47,2119.0,2814913
2021-05-31 09:37:48,2119.5,2816968
2021-05-31 09:37:49,2119.5,2819185
2021-05-31 09:37:50,2119.65,2820756
2021-05-31 09:37:52,2119.0,2825464
2021-05-31 09:37:51,2119.5,2822843
2021-05-31 09:37:53,2119.0,2828357
2021-05-31 09:37:54,2119.2,2832342
2021-05-31 09:37:56,2119.0,2837740
2021-05-31 09:37:58,2119.95,2847172
2021-05-31 09:37:59,2119.0,2848104
2021-05-31 09:38:00,2119.05,2851208
2021-05-31 09:38:02,2119.05,2855500
2021-05-31 09:38:01,2119.85,2854335
2021-05-31 09:38:03,2119.95,2857365
2021-05-31 09:38:04,2119.0,2858493
2021-05-31 09:38:05,2119.0,2859510
2021-05-31 09:38:06,2119.3,2862936
2021-05-31 09:38:07,2119.2,2865066
2021-05-31 09:38:08,2119.95,2867743
2021-05-31 09:38:09,2119.8,2872377
2021-05-31 09:38:10,2119.25,2874121
2021-05-31 09:38:11,2120.0,2877190
2021-05-31 09:38:12,2120.0,2877864
2021-05-31 09:38:13,2120.0,2880151
2021-05-31 09:38:14,2121.0,2899751
2021-05-31 09:38:15,2121.4,2903875
2021-05-31 09:38:16,2122.0,2906648
2021-05-31 09:38:17,2121.3,2910120
2021-05-31 09:38:18,2122.75,2915678
2021-05-31 09:38:19,2122.8,2920196
2021-05-31 09:38:20,2123.0,2923465
2021-05-31 09:38:21,2121.95,2928919
2021-05-31 09:38:22,2122.4,2933346
2021-05-31 09:38:23,2122.75,2941456
2021-05-31 09:38:24,2123.0,2945140
2021-05-31 09:38:25,2121.2,2958315
2021-05-31 09:38:26,2122.0,2962048
2021-05-31 09:38:27,2122.85,2967463
2021-05-31 09:38:28,2121.95,2970840
2021-05-31 09:38:29,2122.05,2974636
2021-05-31 09:38:30,2121.95,2983512
2021-05-31 09:38:31,2122.05,2986944
2021-05-31 09:38:32,2122.8,2989526
2021-05-31 09:38:33,2122.0,2992591
2021-05-31 09:38:34,2122.4,2996104
2021-05-31 09:38:35,2122.7,3000774
2021-05-31 09:38:36,2122.9,3002597
2021-05-31 09:38:37,2122.05,3003744
2021-05-31 09:38:38,2122.0,3008570
2021-05-31 09:38:39,2122.7,3010403
2021-05-31 09:38:40,2122.75,3014813
2021-05-31 09:38:41,2122.75,3019565
2021-05-31 09:38:42,2122.4,3021258
2021-05-31 09:38:43,2122.95,3023445
2021-05-31 09:38:44,2123.65,3025754
2021-05-31 09:38:45,2123.45,3028079
2021-05-31 09:38:47,2123.6,3031972
2021-05-31 09:38:48,2123.3,3034977
2021-05-31 09:38:49,2123.05,3037180
2021-05-31 09:38:50,2123.9,3047869
2021-05-31 09:38:51,2124.9,3050928
2021-05-31 09:38:52,2124.95,3056633
2021-05-31 09:38:54,2124.25,3074460
2021-05-31 09:38:54,2125.0,3079286
2021-05-31 09:38:56,2125.0,3082125
2021-05-31 09:38:57,2124.45,3085691
2021-05-31 09:38:58,2123.25,3118816
2021-05-31 09:38:58,2122.0,3119498
2021-05-31 09:38:59,2123.35,3123483
2021-05-31 09:39:00,2122.75,3127170
2021-05-31 09:39:01,2122.7,3129679
2021-05-31 09:39:02,2122.45,3139384
2021-05-31 09:39:03,2123.2,3140888
2021-05-31 09:39:05,2122.0,3146757
2021-05-31 09:39:06,2122.45,3151589
2021-05-31 09:39:07,2122.0,3153979
2021-05-31 09:39:08,2122.65,3157004
2021-05-31 09:39:09,2122.0,3159619
2021-05-31 09:39:10,2121.25,3161927
2021-05-31 09:39:11,2122.0,3163851
2021-05-31 09:39:12,2122.0,3165307
2021-05-31 09:39:13,2122.05,3170366
2021-05-31 09:39:14,2121.35,3171944
2021-05-31 09:39:15,2121.0,3180367
2021-05-31 09:39:16,2122.0,3182448
2021-05-31 09:39:17,2122.0,3185285
2021-05-31 09:39:18,2121.8,3186622
2021-05-31 09:39:19,2122.0,3187801
2021-05-31 09:39:20,2122.0,3188981
2021-05-31 09:39:21,2122.0,3192129
2021-05-31 09:39:22,2121.35,3194172
2021-05-31 09:39:23,2120.55,3221002
2021-05-31 09:39:24,2119.7,3223673
2021-05-31 09:39:25,2120.0,3226507
2021-05-31 09:39:27,2121.0,3231433
2021-05-31 09:39:28,2120.35,3240357
2021-05-31 09:39:29,2120.5,3242300
2021-05-31 09:39:31,2120.75,3246736
2021-05-31 09:39:33,2120.75,3250798
2021-05-31 09:39:34,2121.0,3254164
2021-05-31 09:39:35,2121.7,3257688
2021-05-31 09:39:36,2122.85,3270694
2021-05-31 09:39:37,2122.85,3275350
2021-05-31 09:39:38,2124.6,3278797
2021-05-31 09:39:39,2124.0,3292789
2021-05-31 09:39:40,2124.65,3295406
2021-05-31 09:39:41,2124.1,3297661
2021-05-31 09:39:42,2123.95,3298835
2021-05-31 09:39:43,2123.85,3300903
2021-05-31 09:39:44,2124.1,3303142
2021-05-31 09:39:45,2123.3,3305372
2021-05-31 09:39:46,2123.2,3307382
2021-05-31 09:39:47,2124.75,3314821
2021-05-31 09:39:48,2124.95,3316455
2021-05-31 09:39:49,2125.15,3337127
2021-05-31 09:39:50,2125.25,3339439
2021-05-31 09:39:51,2125.85,3342074
2021-05-31 09:39:52,2125.3,3348435
2021-05-31 09:39:53,2126.65,3352696
2021-05-31 09:39:54,2125.5,3355427
2021-05-31 09:39:56,2126.55,3359100
2021-05-31 09:39:56,2126.6,3361221
2021-05-31 09:39:58,2126.55,3365254
2021-05-31 09:39:59,2126.05,3367444
2021-05-31 09:40:00,2126.35,3370626
2021-05-31 09:40:00,2127.4,3371353
2021-05-31 09:40:01,2127.4,3373447
2021-05-31 09:40:02,2126.55,3379755
2021-05-31 09:40:03,2127.25,3382865
2021-05-31 09:40:04,2126.9,3386990
2021-05-31 09:40:05,2127.0,3391689
2021-05-31 09:40:06,2125.95,3393729
2021-05-31 09:40:07,2126.85,3399226
2021-05-31 09:40:08,2126.25,3403776
2021-05-31 09:40:09,2126.5,3406367
2021-05-31 09:40:10,2125.6,3415572
2021-05-31 09:40:11,2125.9,3420700
2021-05-31 09:40:12,2125.3,3423600
2021-05-31 09:40:13,2126.4,3423726
2021-05-31 09:40:14,2125.6,3426734
2021-05-31 09:40:15,2125.75,3431073
2021-05-31 09:40:16,2124.9,3433857
2021-05-31 09:40:17,2124.35,3437547
2021-05-31 09:40:18,2124.55,3439287
2021-05-31 09:40:19,2123.35,3442410
2021-05-31 09:40:20,2123.7,3444902
2021-05-31 09:40:21,2123.35,3446325
2021-05-31 09:40:22,2122.05,3448862
2021-05-31 09:40:24,2122.2,3451757
2021-05-31 09:40:25,2121.9,3453109
2021-05-31 09:40:26,2123.1,3455016
2021-05-31 09:40:27,2123.25,3458783
2021-05-31 09:40:28,2123.15,3461301
2021-05-31 09:40:29,2123.7,3463179
2021-05-31 09:40:30,2124.0,3464102
2021-05-31 09:40:30,2123.7,3464345
2021-05-31 09:40:31,2123.75,3465532
2021-05-31 09:40:32,2123.05,3469259
2021-05-31 09:40:33,2123.35,3470781
2021-05-31 09:40:34,2123.0,3474614
2021-05-31 09:40:35,2123.0,3477231
2021-05-31 09:40:36,2123.1,3479263
2021-05-31 09:40:37,2122.7,3483360
2021-05-31 09:40:38,2123.0,3484679
2021-05-31 09:40:39,2122.4,3486201
2021-05-31 09:40:40,2122.15,3489295
2021-05-31 09:40:42,2122.2,3491397
2021-05-31 09:40:43,2123.35,3492977
2021-05-31 09:40:44,2122.0,3496127
2021-05-31 09:40:45,2121.3,3506299
2021-05-31 09:40:46,2121.0,3509138
2021-05-31 09:40:47,2121.5,3511867
2021-05-31 09:40:48,2120.7,3514524
2021-05-31 09:40:48,2121.25,3514911
2021-05-31 09:40:49,2121.0,3515549
2021-05-31 09:40:50,2121.2,3517397
2021-05-31 09:40:51,2121.9,3519473
2021-05-31 09:40:52,2121.5,3522670
2021-05-31 09:40:53,2121.9,3523983
2021-05-31 09:40:54,2121.35,3525275
2021-05-31 09:40:55,2121.65,3526658
2021-05-31 09:40:56,2121.7,3528088
2021-05-31 09:40:57,2120.9,3529931
2021-05-31 09:40:58,2121.6,3531061
2021-05-31 09:41:00,2121.95,3532323
2021-05-31 09:41:01,2122.9,3537443
2021-05-31 09:41:02,2122.25,3537882
2021-05-31 09:41:03,2123.0,3540265
2021-05-31 09:41:04,2123.35,3541704
2021-05-31 09:41:04,2122.5,3542000
2021-05-31 09:41:05,2123.7,3544345
2021-05-31 09:41:06,2123.5,3547096
2021-05-31 09:41:07,2123.6,3550547
2021-05-31 09:41:08,2124.4,3551321
2021-05-31 09:41:11,2124.0,3554370
2021-05-31 09:41:11,2124.3,3554361
2021-05-31 09:41:12,2124.35,3555407
2021-05-31 09:41:13,2123.95,3556554
2021-05-31 09:41:14,2124.4,3557549
2021-05-31 09:41:15,2124.8,3558996
2021-05-31 09:41:17,2124.0,3560793
2021-05-31 09:41:18,2124.9,3561825
2021-05-31 09:41:18,2124.2,3561908
2021-05-31 09:41:19,2124.8,3562919
2021-05-31 09:41:20,2125.0,3568822
2021-05-31 09:41:21,2124.4,3570892
2021-05-31 09:41:22,2124.8,3571195
2021-05-31 09:41:24,2124.8,3573060
2021-05-31 09:41:26,2124.9,3574717
2021-05-31 09:41:27,2125.0,3575468
2021-05-31 09:41:27,2124.8,3575640
2021-05-31 09:41:28,2124.65,3582442
2021-05-31 09:41:29,2124.9,3583519
2021-05-31 09:41:30,2125.35,3585070
2021-05-31 09:41:32,2125.25,3586255
2021-05-31 09:41:33,2125.15,3588104
2021-05-31 09:41:34,2125.35,3589818
2021-05-31 09:41:34,2125.3,3590040
2021-05-31 09:41:35,2125.55,3591422
2021-05-31 09:41:36,2126.05,3593446
2021-05-31 09:41:37,2124.85,3600444
2021-05-31 09:41:38,2125.95,3601247
2021-05-31 09:41:39,2125.65,3604211
2021-05-31 09:41:41,2125.95,3606526
2021-05-31 09:41:42,2125.0,3608411
2021-05-31 09:41:43,2124.75,3609675
2021-05-31 09:41:45,2124.0,3614972
2021-05-31 09:41:45,2124.0,3614809
2021-05-31 09:41:46,2124.3,3620611
2021-05-31 09:41:47,2123.1,3622190
2021-05-31 09:41:48,2122.6,3626970
2021-05-31 09:41:49,2122.5,3628272
2021-05-31 09:41:51,2123.4,3632206
2021-05-31 09:41:51,2123.1,3630948
2021-05-31 09:41:52,2123.4,3632859
2021-05-31 09:41:54,2123.35,3634712
2021-05-31 09:41:55,2123.1,3635587
2021-05-31 09:41:56,2122.75,3637509
2021-05-31 09:41:56,2122.7,3637575
2021-05-31 09:41:57,2123.0,3639993
2021-05-31 09:41:58,2123.4,3640896
2021-05-31 09:41:59,2122.7,3643303
2021-05-31 09:42:00,2122.9,3644054
2021-05-31 09:42:02,2122.8,3646878
2021-05-31 09:42:03,2122.8,3647371
2021-05-31 09:42:04,2122.05,3648745
2021-05-31 09:42:05,2123.1,3649671
2021-05-31 09:42:05,2122.6,3649712
2021-05-31 09:42:06,2123.8,3654317
2021-05-31 09:42:07,2123.5,3656036
2021-05-31 09:42:08,2123.55,3656944
2021-05-31 09:42:09,2123.5,3658325
2021-05-31 09:42:10,2124.45,3659170
2021-05-31 09:42:11,2124.45,3659775
2021-05-31 09:42:12,2123.85,3660344
2021-05-31 09:42:13,2125.9,3669867
2021-05-31 09:42:15,2126.8,3680189
2021-05-31 09:42:15,2126.15,3681702
2021-05-31 09:42:17,2127.5,3686782
2021-05-31 09:42:18,2127.45,3690358
2021-05-31 09:42:19,2126.6,3691787
2021-05-31 09:42:20,2127.45,3693116
2021-05-31 09:42:21,2127.4,3696041
2021-05-31 09:42:22,2127.9,3699668
2021-05-31 09:42:23,2127.95,3702319
2021-05-31 09:42:24,2127.2,3703501
2021-05-31 09:42:25,2127.95,3707690
2021-05-31 09:42:26,2127.1,3709315
2021-05-31 09:42:28,2127.0,3716816
2021-05-31 09:42:29,2127.9,3718647
2021-05-31 09:42:29,2126.9,3719005
2021-05-31 09:42:30,2127.2,3720618
2021-05-31 09:42:33,2127.3,3725055
2021-05-31 09:42:34,2128.35,3725987
2021-05-31 09:42:35,2127.5,3727597
2021-05-31 09:42:36,2127.2,3728799
2021-05-31 09:42:36,2128.0,3728888
2021-05-31 09:42:37,2127.95,3730810
2021-05-31 09:42:38,2128.4,3731859
2021-05-31 09:42:39,2127.8,3732184
2021-05-31 09:42:41,2128.4,3734355
2021-05-31 09:42:42,2128.0,3735393
2021-05-31 09:42:43,2128.0,3737025
2021-05-31 09:42:44,2128.0,3738531
2021-05-31 09:42:44,2128.7,3738884
2021-05-31 09:42:45,2128.4,3741051
2021-05-31 09:42:47,2128.0,3743683
2021-05-31 09:42:48,2128.0,3745254
2021-05-31 09:42:49,2129.3,3751810
2021-05-31 09:42:50,2129.9,3757849
2021-05-31 09:42:50,2128.65,3758073
2021-05-31 09:42:51,2128.8,3759844
2021-05-31 09:42:53,2128.6,3768370
2021-05-31 09:42:54,2128.75,3771445
2021-05-31 09:42:55,2129.7,3772770
2021-05-31 09:42:56,2128.7,3775276
2021-05-31 09:42:56,2128.6,3775614
2021-05-31 09:42:57,2128.35,3776969
2021-05-31 09:42:58,2128.0,3783027
2021-05-31 09:43:00,2128.8,3784847
2021-05-31 09:43:01,2128.7,3786138
2021-05-31 09:43:02,2128.0,3787144
2021-05-31 09:43:03,2128.65,3787539
2021-05-31 09:43:04,2128.2,3788085
2021-05-31 09:43:05,2128.7,3788962
2021-05-31 09:43:06,2128.0,3793810
2021-05-31 09:43:07,2127.25,3796320
2021-05-31 09:43:08,2127.9,3799127
2021-05-31 09:43:09,2127.0,3800967
2021-05-31 09:43:09,2127.0,3802920
2021-05-31 09:43:10,2126.1,3806572
2021-05-31 09:43:11,2125.95,3812735
2021-05-31 09:43:13,2125.8,3813879
2021-05-31 09:43:14,2127.0,3815593
2021-05-31 09:43:15,2127.65,3818519
2021-05-31 09:43:16,2126.6,3819501
2021-05-31 09:43:17,2127.0,3820581
2021-05-31 09:43:18,2126.95,3821109
2021-05-31 09:43:19,2127.0,3821785
2021-05-31 09:43:20,2127.0,3823371
2021-05-31 09:43:20,2126.95,3823421
2021-05-31 09:43:21,2126.9,3824896
2021-05-31 09:43:22,2125.6,3825865
2021-05-31 09:43:23,2125.6,3826539
2021-05-31 09:43:25,2126.35,3827424
2021-05-31 09:43:26,2125.9,3828182
2021-05-31 09:43:27,2125.25,3830278
2021-05-31 09:43:28,2124.05,3847020
2021-05-31 09:43:29,2124.0,3847950
2021-05-31 09:43:30,2124.85,3848555
2021-05-31 09:43:31,2124.4,3850511
2021-05-31 09:43:32,2123.05,3853714
2021-05-31 09:43:33,2123.9,3854434
2021-05-31 09:43:34,2123.0,3855029
2021-05-31 09:43:35,2122.6,3857617
2021-05-31 09:43:36,2122.45,3862936
2021-05-31 09:43:36,2122.5,3862751
2021-05-31 09:43:37,2122.45,3863734
2021-05-31 09:43:38,2122.7,3865802
2021-05-31 09:43:40,2121.75,3867353
2021-05-31 09:43:41,2122.65,3867953
2021-05-31 09:43:42,2122.15,3869152
2021-05-31 09:43:43,2122.15,3870162
2021-05-31 09:43:44,2122.8,3871163
2021-05-31 09:43:45,2123.0,3872095
2021-05-31 09:43:46,2123.0,3872839
2021-05-31 09:43:47,2123.35,3873055
2021-05-31 09:43:48,2123.0,3873237
2021-05-31 09:43:49,2123.65,3873927
2021-05-31 09:43:50,2123.65,3875627
2021-05-31 09:43:51,2123.75,3876174
2021-05-31 09:43:52,2123.85,3877535
2021-05-31 09:43:53,2123.25,3878149
2021-05-31 09:43:53,2123.8,3878197
2021-05-31 09:43:54,2123.85,3879759
2021-05-31 09:43:55,2123.95,3880524
2021-05-31 09:43:56,2123.7,3884284
2021-05-31 09:43:58,2123.55,3885095
2021-05-31 09:43:59,2123.85,3886028
2021-05-31 09:44:00,2123.6,3886422
2021-05-31 09:44:01,2123.9,3887489
2021-05-31 09:44:02,2123.6,3888958
2021-05-31 09:44:03,2123.0,3890457
2021-05-31 09:44:05,2123.6,3891570
2021-05-31 09:44:06,2122.6,3892075
2021-05-31 09:44:07,2122.85,3893167
2021-05-31 09:44:08,2122.8,3894005
2021-05-31 09:44:08,2122.0,3894301
2021-05-31 09:44:09,2122.0,3901184
2021-05-31 09:44:10,2122.0,3901968
2021-05-31 09:44:11,2121.65,3902524
2021-05-31 09:44:12,2121.65,3903315
2021-05-31 09:44:13,2121.8,3904926
2021-05-31 09:44:15,2122.55,3905666
2021-05-31 09:44:16,2122.05,3906727
2021-05-31 09:44:17,2122.1,3907729
2021-05-31 09:44:18,2122.25,3907987
2021-05-31 09:44:19,2122.25,3908245
2021-05-31 09:44:19,2122.25,3908252
2021-05-31 09:44:20,2122.1,3909596
2021-05-31 09:44:21,2122.5,3910469
2021-05-31 09:44:23,2122.85,3911686
2021-05-31 09:44:24,2124.7,3918543
2021-05-31 09:44:25,2124.5,3922350
2021-05-31 09:44:26,2125.0,3923142
2021-05-31 09:44:27,2124.45,3924215
2021-05-31 09:44:27,2123.5,3924273
2021-05-31 09:44:28,2123.65,3925757
2021-05-31 09:44:29,2124.8,3928880
2021-05-31 09:44:31,2125.0,3930728
2021-05-31 09:44:32,2125.0,3931276
2021-05-31 09:44:33,2125.0,3935515
2021-05-31 09:44:34,2124.45,3936078
2021-05-31 09:44:35,2124.55,3937988
2021-05-31 09:44:36,2125.4,3938643
2021-05-31 09:44:38,2125.7,3940177
2021-05-31 09:44:39,2125.35,3941550
2021-05-31 09:44:40,2125.5,3941829
2021-05-31 09:44:40,2125.95,3941948
2021-05-31 09:44:42,2125.95,3943911
2021-05-31 09:44:43,2126.0,3945093
2021-05-31 09:44:44,2126.0,3945289
2021-05-31 09:44:45,2126.0,3948143
2021-05-31 09:44:46,2126.1,3948820
2021-05-31 09:44:47,2126.1,3950359
2021-05-31 09:44:48,2127.0,3952524
2021-05-31 09:44:49,2126.45,3953136
2021-05-31 09:44:49,2126.0,3953354
2021-05-31 09:44:50,2126.75,3954420
2021-05-31 09:44:52,2126.1,3956177
2021-05-31 09:44:53,2126.25,3957485
2021-05-31 09:44:54,2126.9,3958028
2021-05-31 09:44:55,2127.0,3958589
2021-05-31 09:44:55,2126.45,3958625
2021-05-31 09:44:56,2127.0,3958745
2021-05-31 09:44:57,2126.9,3959178
2021-05-31 09:44:58,2126.95,3959994
2021-05-31 09:45:00,2126.9,3960723
2021-05-31 09:45:01,2127.0,3962190
2021-05-31 09:45:02,2126.8,3964324
2021-05-31 09:45:03,2126.95,3965251
2021-05-31 09:45:04,2126.95,3966254
2021-05-31 09:45:07,2126.95,3968701
2021-05-31 09:45:08,2126.75,3969766
2021-05-31 09:45:09,2126.0,3977279
2021-05-31 09:45:10,2125.9,3978439
2021-05-31 09:45:11,2125.15,3979889
2021-05-31 09:45:12,2125.1,3981157
2021-05-31 09:45:13,2125.9,3984143
2021-05-31 09:45:13,2125.85,3984265
2021-05-31 09:45:15,2125.75,3985580
2021-05-31 09:45:16,2125.85,3987314
2021-05-31 09:45:17,2124.6,3991147
2021-05-31 09:45:18,2124.45,3991788
2021-05-31 09:45:18,2125.5,3992103
2021-05-31 09:45:20,2125.05,3993468
2021-05-31 09:45:21,2124.7,3995701
2021-05-31 09:45:22,2124.05,3996175
2021-05-31 09:45:23,2124.7,3998414
2021-05-31 09:45:24,2124.0,3999257
2021-05-31 09:45:25,2124.3,4000066
2021-05-31 09:45:26,2124.05,4002041
2021-05-31 09:45:27,2124.75,4002675
2021-05-31 09:45:27,2125.0,4002716
2021-05-31 09:45:29,2125.2,4004894
2021-05-31 09:45:30,2125.5,4006102
2021-05-31 09:45:31,2125.5,4007008
2021-05-31 09:45:32,2125.5,4007306
2021-05-31 09:45:33,2125.95,4009211
2021-05-31 09:45:34,2125.45,4009894
2021-05-31 09:45:34,2125.5,4009908
2021-05-31 09:45:35,2125.5,4010054
2021-05-31 09:45:37,2125.5,4010488
2021-05-31 09:45:38,2125.85,4010882
2021-05-31 09:45:39,2125.5,4011028
2021-05-31 09:45:40,2125.15,4011878
2021-05-31 09:45:41,2125.2,4012413
2021-05-31 09:45:42,2125.15,4012494
2021-05-31 09:45:42,2125.8,4012505
2021-05-31 09:45:46,2125.9,4014174
2021-05-31 09:45:46,2126.0,4017544
2021-05-31 09:45:48,2126.65,4018110
2021-05-31 09:45:49,2126.9,4019961
2021-05-31 09:45:50,2125.9,4020483
2021-05-31 09:45:51,2126.8,4021225
2021-05-31 09:45:52,2126.8,4024228
2021-05-31 09:45:53,2126.8,4024693
2021-05-31 09:45:54,2126.15,4025532
2021-05-31 09:45:55,2126.85,4025898
2021-05-31 09:45:56,2126.8,4026187
2021-05-31 09:45:57,2126.95,4026785
2021-05-31 09:45:58,2126.8,4029161
2021-05-31 09:45:59,2126.8,4031105
2021-05-31 09:46:00,2127.0,4031396
2021-05-31 09:46:00,2127.0,4031413
2021-05-31 09:46:01,2126.75,4032756
2021-05-31 09:46:02,2126.0,4033714
2021-05-31 09:46:03,2126.0,4034831
2021-05-31 09:46:04,2125.8,4035728
2021-05-31 09:46:05,2126.5,4036800
2021-05-31 09:46:06,2126.6,4038293
2021-05-31 09:46:07,2126.4,4038970
2021-05-31 09:46:08,2126.95,4041450
2021-05-31 09:46:09,2126.95,4042351
2021-05-31 09:46:10,2126.0,4043549
2021-05-31 09:46:11,2126.95,4044278
2021-05-31 09:46:12,2126.1,4046177
2021-05-31 09:46:13,2125.8,4047998
2021-05-31 09:46:14,2125.85,4048099
2021-05-31 09:46:15,2125.85,4048205
2021-05-31 09:46:16,2126.5,4048428
2021-05-31 09:46:17,2126.6,4049579
2021-05-31 09:46:19,2126.05,4050763
2021-05-31 09:46:20,2126.0,4051224
2021-05-31 09:46:21,2125.8,4051442
2021-05-31 09:46:22,2126.8,4052402
2021-05-31 09:46:23,2126.8,4053058
2021-05-31 09:46:24,2126.9,4053443
2021-05-31 09:46:25,2126.1,4053602
2021-05-31 09:46:26,2126.45,4056732
2021-05-31 09:46:26,2126.6,4057091
2021-05-31 09:46:27,2126.65,4057517
2021-05-31 09:46:28,2126.75,4057794
2021-05-31 09:46:31,2126.6,4058212
2021-05-31 09:46:32,2126.15,4058825
2021-05-31 09:46:33,2126.5,4059311
2021-05-31 09:46:34,2126.6,4059959
2021-05-31 09:46:35,2126.1,4060186
2021-05-31 09:46:36,2126.6,4061545
2021-05-31 09:46:36,2126.6,4061545
2021-05-31 09:46:37,2126.7,4062044
2021-05-31 09:46:38,2126.65,4064671
2021-05-31 09:46:39,2126.0,4065482
2021-05-31 09:46:41,2126.45,4067770
2021-05-31 09:46:41,2126.0,4068333
2021-05-31 09:46:42,2125.9,4069505
2021-05-31 09:46:44,2125.95,4071389
2021-05-31 09:46:45,2126.0,4072873
2021-05-31 09:46:46,2126.0,4073438
2021-05-31 09:46:47,2125.8,4073940
2021-05-31 09:46:48,2126.0,4074610
2021-05-31 09:46:49,2126.0,4075109
2021-05-31 09:46:51,2124.35,4088845
2021-05-31 09:46:52,2125.7,4092253
2021-05-31 09:46:53,2124.85,4092552
2021-05-31 09:46:54,2124.45,4096569
2021-05-31 09:46:55,2123.2,4103315
2021-05-31 09:46:56,2123.55,4107129
2021-05-31 09:46:57,2123.65,4108649
2021-05-31 09:46:58,2124.2,4109415
2021-05-31 09:46:59,2125.0,4110333
2021-05-31 09:47:00,2125.1,4112634
2021-05-31 09:47:01,2125.5,4113077
2021-05-31 09:47:02,2125.85,4113487
2021-05-31 09:47:03,2125.4,4114823
2021-05-31 09:47:04,2124.0,4115345
2021-05-31 09:47:05,2124.1,4115728
2021-05-31 09:47:06,2124.1,4116027
2021-05-31 09:47:07,2124.05,4117155
2021-05-31 09:47:08,2124.95,4118200
2021-05-31 09:47:09,2124.9,4119781
2021-05-31 09:47:10,2124.0,4120472
2021-05-31 09:47:11,2124.85,4121104
2021-05-31 09:47:12,2124.0,4121879
2021-05-31 09:47:13,2123.35,4124105
2021-05-31 09:47:14,2124.75,4124478
2021-05-31 09:47:15,2124.0,4124894
2021-05-31 09:47:16,2124.2,4125378
2021-05-31 09:47:17,2124.9,4126360
2021-05-31 09:47:18,2124.3,4129146
2021-05-31 09:47:19,2124.2,4129725
2021-05-31 09:47:20,2124.95,4132853
2021-05-31 09:47:21,2124.0,4133400
2021-05-31 09:47:22,2124.0,4133876
2021-05-31 09:47:24,2124.0,4135688
2021-05-31 09:47:23,2124.2,4134860
2021-05-31 09:47:25,2124.15,4135892
2021-05-31 09:47:26,2124.3,4136164
2021-05-31 09:47:27,2124.2,4137332
2021-05-31 09:47:28,2123.9,4137866
2021-05-31 09:47:29,2124.25,4138504
2021-05-31 09:47:31,2124.3,4138781
2021-05-31 09:47:32,2123.45,4140251
2021-05-31 09:47:33,2123.4,4141179
2021-05-31 09:47:34,2124.15,4142465
2021-05-31 09:47:35,2123.4,4142806
2021-05-31 09:47:36,2123.4,4143209
2021-05-31 09:47:37,2123.05,4143946
2021-05-31 09:47:38,2123.75,4144592
2021-05-31 09:47:39,2123.05,4145518
2021-05-31 09:47:40,2123.9,4145941
2021-05-31 09:47:41,2123.85,4147430
2021-05-31 09:47:42,2123.85,4147714
2021-05-31 09:47:43,2123.85,4147984
2021-05-31 09:47:44,2123.35,4151064
2021-05-31 09:47:45,2124.2,4151668
2021-05-31 09:47:46,2123.9,4152038
2021-05-31 09:47:47,2123.75,4152247
2021-05-31 09:47:48,2124.5,4154560
2021-05-31 09:47:49,2124.0,4154792
2021-05-31 09:47:50,2124.2,4157217
2021-05-31 09:47:51,2125.25,4162006
2021-05-31 09:47:52,2125.0,4162106
2021-05-31 09:47:53,2124.55,4162561
2021-05-31 09:47:54,2125.8,4162957
2021-05-31 09:47:55,2125.0,4163734
2021-05-31 09:47:56,2125.0,4164088
2021-05-31 09:47:57,2125.0,4164179
2021-05-31 09:47:58,2125.0,4165144
2021-05-31 09:47:59,2125.0,4165790
2021-05-31 09:48:00,2125.85,4167466
2021-05-31 09:48:01,2125.05,4168594
2021-05-31 09:48:02,2126.0,4172333
2021-05-31 09:48:03,2126.0,4172488
2021-05-31 09:48:04,2126.6,4182720
2021-05-31 09:48:05,2126.8,4183161
2021-05-31 09:48:06,2126.65,4196370
2021-05-31 09:48:07,2127.3,4199773
2021-05-31 09:48:08,2127.5,4200712
2021-05-31 09:48:09,2127.65,4207985
2021-05-31 09:48:10,2128.4,4208376
2021-05-31 09:48:11,2128.5,4208962
2021-05-31 09:48:12,2129.0,4211164
2021-05-31 09:48:13,2129.7,4219843
2021-05-31 09:48:16,2129.2,4241580
2021-05-31 09:48:17,2129.85,4249468
2021-05-31 09:48:18,2129.85,4251250
2021-05-31 09:48:19,2129.8,4253365
2021-05-31 09:48:20,2129.4,4254150
2021-05-31 09:48:21,2129.05,4255724
2021-05-31 09:48:22,2128.85,4260436
2021-05-31 09:48:23,2129.85,4262048
2021-05-31 09:48:24,2129.7,4263980
2021-05-31 09:48:25,2129.85,4266418
2021-05-31 09:48:26,2131.0,4285129
2021-05-31 09:48:27,2131.15,4289159
2021-05-31 09:48:28,2131.65,4292324
2021-05-31 09:48:29,2131.6,4294983
2021-05-31 09:48:30,2130.65,4300107
2021-05-31 09:48:31,2131.0,4301092
2021-05-31 09:48:32,2131.55,4304810
2021-05-31 09:48:33,2131.45,4309722
2021-05-31 09:48:34,2131.45,4309892
2021-05-31 09:48:35,2131.5,4312879
2021-05-31 09:48:36,2130.3,4314671
2021-05-31 09:48:37,2130.65,4317011
2021-05-31 09:48:38,2130.5,4318816
2021-05-31 09:48:39,2130.35,4323890
2021-05-31 09:48:40,2130.2,4325927
2021-05-31 09:48:41,2129.1,4331788
2021-05-31 09:48:42,2129.0,4333801
2021-05-31 09:48:43,2129.0,4336101
2021-05-31 09:48:44,2129.9,4339016
2021-05-31 09:48:45,2129.9,4340157
2021-05-31 09:48:46,2130.0,4341477
2021-05-31 09:48:47,2130.6,4344556
2021-05-31 09:48:48,2130.6,4345764
2021-05-31 09:48:49,2130.5,4346597
2021-05-31 09:48:50,2130.6,4348495
2021-05-31 09:48:51,2130.25,4349252
2021-05-31 09:48:52,2129.65,4350327
2021-05-31 09:48:53,2129.7,4350822
2021-05-31 09:48:54,2129.7,4352763
2021-05-31 09:48:55,2130.0,4353604
2021-05-31 09:48:56,2130.0,4354872
2021-05-31 09:48:57,2130.0,4356902
2021-05-31 09:48:58,2130.0,4359277
2021-05-31 09:48:59,2130.0,4360535
2021-05-31 09:49:01,2130.8,4361975
2021-05-31 09:49:02,2130.05,4363641
2021-05-31 09:49:02,2130.5,4363806
2021-05-31 09:49:03,2130.65,4365795
2021-05-31 09:49:04,2130.0,4366472
2021-05-31 09:49:05,2130.15,4367360
2021-05-31 09:49:06,2130.5,4367891
2021-05-31 09:49:08,2130.7,4371090
2021-05-31 09:49:09,2131.0,4373707
2021-05-31 09:49:09,2131.0,4372281
2021-05-31 09:49:10,2130.75,4375248
2021-05-31 09:49:11,2130.4,4376137
2021-05-31 09:49:12,2131.0,4378027
2021-05-31 09:49:14,2131.1,4382562
2021-05-31 09:49:15,2131.0,4388606
2021-05-31 09:49:17,2131.15,4391520
2021-05-31 09:49:17,2131.95,4389724
2021-05-31 09:49:18,2132.0,4392506
2021-05-31 09:49:19,2131.8,4393975
2021-05-31 09:49:20,2131.1,4394390
2021-05-31 09:49:21,2132.0,4395856
2021-05-31 09:49:22,2131.0,4402609
2021-05-31 09:49:23,2131.6,4403801
2021-05-31 09:49:24,2130.8,4405462
2021-05-31 09:49:25,2131.65,4406306
2021-05-31 09:49:26,2131.0,4407188
2021-05-31 09:49:27,2131.35,4408728
2021-05-31 09:49:28,2131.4,4409417
2021-05-31 09:49:30,2131.45,4411304
2021-05-31 09:49:30,2131.45,4411423
2021-05-31 09:49:31,2131.45,4412306
2021-05-31 09:49:32,2131.0,4413557
2021-05-31 09:49:33,2131.65,4414901
2021-05-31 09:49:34,2131.95,4417867
2021-05-31 09:49:35,2131.9,4418352
2021-05-31 09:49:36,2131.45,4419800
2021-05-31 09:49:37,2131.3,4420378
2021-05-31 09:49:38,2132.0,4421651
2021-05-31 09:49:40,2132.0,4422498
2021-05-31 09:49:40,2131.9,4422843
2021-05-31 09:49:41,2131.9,4424761
2021-05-31 09:49:42,2131.5,4425782
2021-05-31 09:49:43,2132.0,4427033
2021-05-31 09:49:44,2132.0,4429786
2021-05-31 09:49:45,2131.7,4430678
2021-05-31 09:49:46,2132.0,4432119
2021-05-31 09:49:47,2132.0,4433446
2021-05-31 09:49:48,2132.05,4435691
2021-05-31 09:49:50,2132.0,4437784
2021-05-31 09:49:51,2132.0,4442775
2021-05-31 09:49:52,2132.0,4445556
2021-05-31 09:49:53,2132.05,4446132
2021-05-31 09:49:53,2132.7,4447035
2021-05-31 09:49:54,2132.0,4448040
2021-05-31 09:49:55,2132.7,4451941
2021-05-31 09:49:56,2132.5,4455589
2021-05-31 09:49:57,2132.25,4457324
2021-05-31 09:49:59,2132.7,4458140
2021-05-31 09:50:00,2132.35,4460005
2021-05-31 09:50:00,2133.4,4459785
2021-05-31 09:50:01,2133.0,4461514
2021-05-31 09:50:02,2133.6,4464460
2021-05-31 09:50:03,2132.8,4469671
2021-05-31 09:50:04,2132.65,4472923
2021-05-31 09:50:05,2133.0,4477013
2021-05-31 09:50:06,2133.0,4477880
2021-05-31 09:50:07,2133.0,4480024
2021-05-31 09:50:08,2133.4,4487514
2021-05-31 09:50:09,2133.55,4488750
2021-05-31 09:50:10,2133.75,4499318
2021-05-31 09:50:11,2133.0,4500811
2021-05-31 09:50:13,2133.3,4504975
2021-05-31 09:50:13,2133.3,4504362
2021-05-31 09:50:14,2131.0,4529553
2021-05-31 09:50:15,2132.35,4536654
2021-05-31 09:50:16,2131.9,4539184
2021-05-31 09:50:17,2131.95,4543193
2021-05-31 09:50:18,2131.55,4546110
2021-05-31 09:50:20,2132.25,4546972
2021-05-31 09:50:20,2132.55,4547212
2021-05-31 09:50:21,2132.25,4547883
2021-05-31 09:50:22,2132.85,4549142
2021-05-31 09:50:23,2133.0,4550484
2021-05-31 09:50:24,2132.3,4551442
2021-05-31 09:50:25,2133.35,4553428
2021-05-31 09:50:26,2133.25,4554251
2021-05-31 09:50:28,2133.4,4555138
2021-05-31 09:50:28,2132.4,4555678
2021-05-31 09:50:29,2132.45,4556208
2021-05-31 09:50:30,2133.0,4557901
2021-05-31 09:50:31,2133.5,4558779
2021-05-31 09:50:32,2132.9,4561388
2021-05-31 09:50:33,2133.35,4562701
2021-05-31 09:50:34,2133.0,4563868
2021-05-31 09:50:35,2132.25,4565123
2021-05-31 09:50:36,2132.45,4569698
2021-05-31 09:50:37,2132.4,4571397
2021-05-31 09:50:38,2133.3,4572621
2021-05-31 09:50:39,2133.0,4573298
2021-05-31 09:50:40,2133.0,4577407
2021-05-31 09:50:41,2132.7,4577895
2021-05-31 09:50:42,2133.0,4579422
2021-05-31 09:50:43,2133.25,4580264
2021-05-31 09:50:44,2133.5,4581458
2021-05-31 09:50:45,2133.1,4582750
2021-05-31 09:50:46,2133.1,4583517
2021-05-31 09:50:47,2133.1,4584717
2021-05-31 09:50:48,2133.65,4585505
2021-05-31 09:50:49,2133.5,4586008
2021-05-31 09:50:50,2133.7,4586896
2021-05-31 09:50:51,2133.2,4587346
2021-05-31 09:50:52,2133.2,4588968
2021-05-31 09:50:53,2133.65,4590639
2021-05-31 09:50:54,2133.2,4591759
2021-05-31 09:50:55,2133.85,4595925
2021-05-31 09:50:56,2133.55,4596463
2021-05-31 09:50:57,2133.55,4597912
2021-05-31 09:50:58,2133.5,4598853
2021-05-31 09:51:00,2133.9,4600230
2021-05-31 09:51:01,2133.9,4602446
2021-05-31 09:51:02,2133.85,4604003
2021-05-31 09:51:02,2134.0,4604983
2021-05-31 09:51:04,2134.55,4613669
2021-05-31 09:51:05,2133.7,4619812
2021-05-31 09:51:06,2133.75,4621905
2021-05-31 09:51:07,2134.6,4623622
2021-05-31 09:51:09,2133.8,4626403
2021-05-31 09:51:10,2134.0,4628827
2021-05-31 09:51:11,2134.0,4630301
2021-05-31 09:51:12,2133.25,4633015
2021-05-31 09:51:13,2133.75,4633923
2021-05-31 09:51:14,2133.8,4635673
2021-05-31 09:51:15,2133.7,4639688
2021-05-31 09:51:16,2133.65,4641714
2021-05-31 09:51:17,2133.35,4652385
2021-05-31 09:51:18,2133.0,4655358
2021-05-31 09:51:19,2133.15,4657050
2021-05-31 09:51:20,2132.85,4658955
2021-05-31 09:51:21,2133.0,4660732
2021-05-31 09:51:22,2132.9,4662598
2021-05-31 09:51:24,2132.2,4663905
2021-05-31 09:51:24,2132.95,4664514
2021-05-31 09:51:25,2132.1,4665270
2021-05-31 09:51:26,2132.5,4667621
2021-05-31 09:51:27,2132.9,4670067
2021-05-31 09:51:28,2132.2,4672094
2021-05-31 09:51:29,2132.5,4672743
2021-05-31 09:51:30,2132.1,4674076
2021-05-31 09:51:31,2132.0,4676030
2021-05-31 09:51:32,2132.05,4676460
2021-05-31 09:51:34,2132.1,4677666
2021-05-31 09:51:34,2132.05,4678249
2021-05-31 09:51:35,2132.5,4679983
2021-05-31 09:51:38,2132.0,4682532
2021-05-31 09:51:39,2132.1,4683774
2021-05-31 09:51:40,2132.8,4685319
2021-05-31 09:51:41,2132.85,4688812
2021-05-31 09:51:42,2132.8,4689729
2021-05-31 09:51:43,2133.0,4690943
2021-05-31 09:51:44,2133.4,4691375
2021-05-31 09:51:45,2133.05,4692513
2021-05-31 09:51:46,2133.65,4693824
2021-05-31 09:51:47,2133.5,4696097
2021-05-31 09:51:49,2133.8,4696971
2021-05-31 09:51:50,2133.5,4697548
2021-05-31 09:51:51,2133.9,4698685
2021-05-31 09:51:51,2133.9,4698687
2021-05-31 09:51:52,2133.85,4701189
2021-05-31 09:51:53,2133.0,4702150
2021-05-31 09:51:54,2133.7,4702676
2021-05-31 09:51:55,2133.2,4705017
2021-05-31 09:51:56,2131.95,4713856
2021-05-31 09:51:57,2132.0,4715483
2021-05-31 09:51:59,2132.0,4716216
2021-05-31 09:52:00,2131.75,4720463
2021-05-31 09:52:01,2132.0,4721234
2021-05-31 09:52:02,2132.0,4722728
2021-05-31 09:52:02,2132.0,4722435
2021-05-31 09:52:03,2132.75,4723233
2021-05-31 09:52:04,2132.0,4724033
2021-05-31 09:52:05,2131.65,4726298
2021-05-31 09:52:06,2132.5,4728104
2021-05-31 09:52:07,2132.0,4728845
2021-05-31 09:52:11,2132.7,4737454
2021-05-31 09:52:13,2132.4,4740101
2021-05-31 09:52:14,2132.8,4743758
2021-05-31 09:52:15,2133.25,4745579
2021-05-31 09:52:16,2132.95,4746860
2021-05-31 09:52:17,2133.95,4748186
2021-05-31 09:52:19,2134.0,4750760
2021-05-31 09:52:20,2133.35,4754936
2021-05-31 09:52:21,2133.4,4755752
2021-05-31 09:52:24,2133.0,4761007
2021-05-31 09:52:25,2133.9,4761775
2021-05-31 09:52:26,2133.9,4762733
2021-05-31 09:52:28,2133.0,4770396
2021-05-31 09:52:28,2132.75,4771325
2021-05-31 09:52:30,2133.05,4772757
2021-05-31 09:52:31,2133.0,4773475
2021-05-31 09:52:32,2133.0,4779117
2021-05-31 09:52:32,2133.55,4779009
2021-05-31 09:52:33,2133.0,4780014
2021-05-31 09:52:34,2133.1,4780822
2021-05-31 09:52:35,2133.85,4781462
2021-05-31 09:52:36,2133.85,4782318
2021-05-31 09:52:37,2133.9,4783169
2021-05-31 09:52:38,2133.1,4784901
2021-05-31 09:52:39,2132.95,4787326
2021-05-31 09:52:40,2133.0,4787761
2021-05-31 09:52:41,2132.75,4790083
2021-05-31 09:52:42,2133.1,4794538
2021-05-31 09:52:43,2133.1,4796191
2021-05-31 09:52:45,2132.0,4800106
2021-05-31 09:52:46,2132.1,4801705
2021-05-31 09:52:48,2132.65,4802802
2021-05-31 09:52:49,2132.6,4804342
2021-05-31 09:52:50,2132.9,4805128
2021-05-31 09:52:51,2132.9,4806117
2021-05-31 09:52:52,2132.95,4806680
2021-05-31 09:52:53,2132.9,4807673
2021-05-31 09:52:54,2133.0,4808201
2021-05-31 09:52:55,2132.05,4808729
2021-05-31 09:52:56,2132.6,4809284
2021-05-31 09:52:57,2132.25,4810147
2021-05-31 09:52:58,2132.25,4810299
2021-05-31 09:52:59,2132.55,4810532
2021-05-31 09:53:00,2133.0,4817582
2021-05-31 09:53:01,2133.0,4818428
2021-05-31 09:53:02,2132.85,4819200
2021-05-31 09:53:03,2132.95,4821121
2021-05-31 09:53:04,2132.15,4822237
2021-05-31 09:53:05,2132.2,4824156
2021-05-31 09:53:06,2132.6,4824907
2021-05-31 09:53:07,2133.15,4825190
2021-05-31 09:53:09,2133.0,4826749
2021-05-31 09:53:10,2133.0,4829369
2021-05-31 09:53:11,2133.0,4830061
2021-05-31 09:53:12,2133.0,4831136
2021-05-31 09:53:13,2132.5,4831804
2021-05-31 09:53:14,2132.6,4833110
2021-05-31 09:53:15,2132.0,4833606
2021-05-31 09:53:16,2132.3,4834127
2021-05-31 09:53:16,2132.3,4834706
2021-05-31 09:53:18,2132.3,4836707
2021-05-31 09:53:19,2131.8,4840876
2021-05-31 09:53:20,2131.4,4852802
2021-05-31 09:53:21,2131.55,4854559
2021-05-31 09:53:22,2129.0,4879907
2021-05-31 09:53:23,2129.65,4880778
2021-05-31 09:53:24,2130.0,4882169
2021-05-31 09:53:25,2129.0,4885228
2021-05-31 09:53:26,2130.0,4885542
2021-05-31 09:53:27,2129.0,4887924
2021-05-31 09:53:28,2130.0,4889046
2021-05-31 09:53:29,2129.5,4889823
2021-05-31 09:53:30,2129.65,4890456
2021-05-31 09:53:31,2130.8,4891843
2021-05-31 09:53:32,2129.8,4892522
2021-05-31 09:53:33,2130.6,4893441
2021-05-31 09:53:34,2129.6,4893917
2021-05-31 09:53:35,2130.0,4894783
2021-05-31 09:53:37,2129.7,4895793
2021-05-31 09:53:38,2129.75,4896060
2021-05-31 09:53:39,2130.0,4896521
2021-05-31 09:53:40,2130.25,4901461
2021-05-31 09:53:41,2129.9,4903450
2021-05-31 09:53:42,2129.75,4904251
2021-05-31 09:53:43,2130.45,4905297
2021-05-31 09:53:44,2129.05,4906913
2021-05-31 09:53:44,2129.05,4906913
2021-05-31 09:53:45,2130.0,4907870
2021-05-31 09:53:46,2129.7,4908775
2021-05-31 09:53:47,2130.0,4910349
2021-05-31 09:53:49,2129.55,4910963
2021-05-31 09:53:50,2129.05,4911965
2021-05-31 09:53:51,2129.0,4912539
2021-05-31 09:53:52,2129.0,4913613
2021-05-31 09:53:53,2129.0,4914228
2021-05-31 09:53:54,2128.95,4919431
2021-05-31 09:53:55,2129.0,4923192
2021-05-31 09:53:56,2129.0,4924105
2021-05-31 09:53:57,2128.75,4925244
2021-05-31 09:53:58,2130.0,4927132
2021-05-31 09:53:59,2129.55,4928390
2021-05-31 09:54:00,2129.45,4930673
2021-05-31 09:54:00,2129.95,4930681
2021-05-31 09:54:01,2129.95,4931302
2021-05-31 09:54:02,2129.95,4931693
2021-05-31 09:54:04,2129.9,4933343
2021-05-31 09:54:05,2129.95,4933895
2021-05-31 09:54:06,2130.0,4934796
2021-05-31 09:54:07,2130.0,4935271
2021-05-31 09:54:08,2130.0,4936245
2021-05-31 09:54:09,2130.0,4939650
2021-05-31 09:54:10,2130.15,4942444
2021-05-31 09:54:11,2130.15,4944276
2021-05-31 09:54:12,2130.3,4946818
2021-05-31 09:54:13,2131.25,4947289
2021-05-31 09:54:14,2131.1,4948922
2021-05-31 09:54:15,2131.45,4949706
2021-05-31 09:54:16,2132.05,4950348
2021-05-31 09:54:17,2132.75,4951494
2021-05-31 09:54:18,2132.75,4951718
2021-05-31 09:54:20,2132.1,4954289
2021-05-31 09:54:21,2131.0,4954748
2021-05-31 09:54:22,2131.9,4955960
2021-05-31 09:54:23,2132.35,4956425
2021-05-31 09:54:24,2132.0,4957113
2021-05-31 09:54:25,2131.45,4957809
2021-05-31 09:54:26,2132.05,4959866
2021-05-31 09:54:27,2132.35,4960685
2021-05-31 09:54:28,2132.0,4960976
2021-05-31 09:54:29,2132.05,4961192
2021-05-31 09:54:29,2132.75,4961302
2021-05-31 09:54:30,2132.45,4961775
2021-05-31 09:54:32,2132.05,4965155
2021-05-31 09:54:33,2132.5,4965529
2021-05-31 09:54:34,2132.05,4966298
2021-05-31 09:54:35,2132.95,4966837
2021-05-31 09:54:36,2133.0,4967686
2021-05-31 09:54:37,2132.9,4968351
2021-05-31 09:54:39,2132.6,4970530
2021-05-31 09:54:40,2132.6,4972054
2021-05-31 09:54:41,2132.65,4972599
2021-05-31 09:54:42,2132.75,4973157
2021-05-31 09:54:43,2132.95,4974127
2021-05-31 09:54:44,2132.95,4974701
2021-05-31 09:54:45,2132.95,4974784
2021-05-31 09:54:46,2132.85,4977159
2021-05-31 09:54:46,2133.0,4982770
2021-05-31 09:54:47,2133.0,4983345
2021-05-31 09:54:48,2134.0,4988686
2021-05-31 09:54:49,2133.7,4989775
2021-05-31 09:54:50,2133.7,4990513
2021-05-31 09:54:51,2133.7,4991600
2021-05-31 09:54:52,2133.7,4992011
2021-05-31 09:54:53,2134.0,4992772
2021-05-31 09:54:54,2133.95,4994313
2021-05-31 09:54:55,2133.7,4995296
2021-05-31 09:54:56,2134.0,4996378
2021-05-31 09:54:57,2134.0,4996848
2021-05-31 09:54:58,2134.0,4998778
2021-05-31 09:54:59,2133.7,4999926
2021-05-31 09:55:00,2133.7,5000011
2021-05-31 09:55:02,2133.5,5000549
2021-05-31 09:55:03,2134.0,5001610
2021-05-31 09:55:04,2133.55,5002199
2021-05-31 09:55:05,2134.0,5002993
2021-05-31 09:55:06,2133.9,5003308
2021-05-31 09:55:07,2133.7,5004554
2021-05-31 09:55:07,2133.7,5004657
2021-05-31 09:55:08,2133.15,5007248
2021-05-31 09:55:09,2133.3,5009990
2021-05-31 09:55:10,2133.1,5011089
2021-05-31 09:55:11,2133.2,5012627
2021-05-31 09:55:12,2133.7,5013254
2021-05-31 09:55:13,2133.2,5013775
2021-05-31 09:55:15,2133.55,5014296
2021-05-31 09:55:15,2133.7,5014748
2021-05-31 09:55:16,2133.3,5016811
2021-05-31 09:55:17,2133.1,5018155
2021-05-31 09:55:18,2132.7,5019924
2021-05-31 09:55:20,2132.55,5020495
2021-05-31 09:55:21,2132.8,5022160
2021-05-31 09:55:21,2132.5,5022478
2021-05-31 09:55:22,2131.6,5025330
2021-05-31 09:55:24,2131.75,5025997
2021-05-31 09:55:25,2131.8,5027008
2021-05-31 09:55:26,2131.8,5027507
2021-05-31 09:55:27,2131.8,5028294
2021-05-31 09:55:28,2131.6,5029384
2021-05-31 09:55:30,2130.75,5033459
2021-05-31 09:55:29,2131.45,5032844
2021-05-31 09:55:31,2130.55,5034609
2021-05-31 09:55:32,2131.25,5035136
2021-05-31 09:55:32,2131.0,5035395
2021-05-31 09:55:33,2131.7,5037112
2021-05-31 09:55:34,2131.8,5039148
2021-05-31 09:55:36,2130.15,5045289
2021-05-31 09:55:37,2130.4,5046573
2021-05-31 09:55:37,2129.5,5050252
2021-05-31 09:55:39,2130.0,5051273
2021-05-31 09:55:40,2130.25,5053920
2021-05-31 09:55:41,2130.05,5055050
2021-05-31 09:55:42,2131.0,5055921
2021-05-31 09:55:42,2131.0,5055920
2021-05-31 09:55:44,2130.05,5061204
2021-05-31 09:55:44,2130.2,5061304
2021-05-31 09:55:45,2130.4,5061885
2021-05-31 09:55:47,2130.0,5062367
2021-05-31 09:55:48,2130.35,5063270
2021-05-31 09:55:49,2130.05,5064392
2021-05-31 09:55:50,2130.0,5064637
2021-05-31 09:55:51,2130.1,5065498
2021-05-31 09:55:52,2130.1,5066165
2021-05-31 09:55:52,2130.1,5066174
2021-05-31 09:55:55,2130.1,5066992
2021-05-31 09:55:56,2130.5,5067280
2021-05-31 09:55:57,2130.2,5068304
2021-05-31 09:55:58,2129.35,5069276
2021-05-31 09:55:59,2130.1,5070212
2021-05-31 09:55:59,2129.7,5070234
2021-05-31 09:56:00,2129.05,5072870
2021-05-31 09:56:01,2129.1,5075069
2021-05-31 09:56:03,2129.05,5075391
2021-05-31 09:56:04,2129.0,5079721
2021-05-31 09:56:05,2129.45,5082627
2021-05-31 09:56:06,2128.9,5083418
2021-05-31 09:56:07,2128.5,5085870
2021-05-31 09:56:07,2128.5,5085870
2021-05-31 09:56:08,2128.05,5087580
2021-05-31 09:56:09,2128.45,5088221
2021-05-31 09:56:11,2128.0,5090290
2021-05-31 09:56:12,2128.15,5090589
2021-05-31 09:56:13,2128.0,5093792
2021-05-31 09:56:14,2128.15,5094960
2021-05-31 09:56:15,2128.5,5097459
2021-05-31 09:56:16,2128.15,5098518
2021-05-31 09:56:17,2128.1,5098792
2021-05-31 09:56:18,2128.1,5099330
2021-05-31 09:56:19,2128.85,5100205
2021-05-31 09:56:20,2129.0,5105196
2021-05-31 09:56:21,2128.85,5105762
2021-05-31 09:56:22,2128.85,5106192
2021-05-31 09:56:23,2128.45,5106749
2021-05-31 09:56:24,2128.7,5107663
2021-05-31 09:56:25,2129.35,5108313
2021-05-31 09:56:26,2129.3,5108773
2021-05-31 09:56:27,2128.4,5110995
2021-05-31 09:56:28,2129.0,5111675
2021-05-31 09:56:29,2129.3,5112860
2021-05-31 09:56:31,2128.7,5113289
2021-05-31 09:56:32,2129.35,5114126
2021-05-31 09:56:33,2128.55,5114852
2021-05-31 09:56:34,2128.5,5115564
2021-05-31 09:56:35,2128.5,5116432
2021-05-31 09:56:35,2128.7,5116510
2021-05-31 09:56:36,2129.3,5119107
2021-05-31 09:56:38,2129.0,5120547
2021-05-31 09:56:39,2129.95,5124885
2021-05-31 09:56:39,2129.0,5125468
2021-05-31 09:56:40,2129.6,5125605
2021-05-31 09:56:42,2129.6,5125745
2021-05-31 09:56:43,2129.6,5128034
2021-05-31 09:56:44,2130.05,5128942
2021-05-31 09:56:45,2129.35,5129464
2021-05-31 09:56:46,2129.35,5129741
2021-05-31 09:56:47,2129.4,5130428
2021-05-31 09:56:48,2129.7,5130993
2021-05-31 09:56:48,2129.45,5130894
2021-05-31 09:56:49,2129.7,5131145
2021-05-31 09:56:51,2129.4,5131587
2021-05-31 09:56:52,2129.45,5131817
2021-05-31 09:56:53,2129.45,5132051
2021-05-31 09:56:54,2129.6,5132397
2021-05-31 09:56:55,2129.45,5132700
2021-05-31 09:56:56,2129.75,5133351
2021-05-31 09:56:57,2129.4,5137233
2021-05-31 09:56:58,2129.1,5138069
2021-05-31 09:56:58,2129.1,5138069
2021-05-31 09:57:01,2128.7,5140085
2021-05-31 09:57:02,2128.55,5142619
2021-05-31 09:57:03,2128.55,5142888
2021-05-31 09:57:04,2129.25,5143560
2021-05-31 09:57:05,2128.55,5144048
2021-05-31 09:57:06,2128.5,5145890
2021-05-31 09:57:07,2129.25,5146579
2021-05-31 09:57:07,2129.0,5146613
2021-05-31 09:57:09,2128.8,5147737
2021-05-31 09:57:10,2128.4,5150034
2021-05-31 09:57:10,2128.8,5150148
2021-05-31 09:57:12,2128.6,5150746
2021-05-31 09:57:13,2129.0,5152093
2021-05-31 09:57:13,2129.0,5152106
2021-05-31 09:57:14,2128.6,5152644
2021-05-31 09:57:15,2129.4,5153556
2021-05-31 09:57:16,2129.0,5154024
2021-05-31 09:57:17,2129.35,5154741
2021-05-31 09:57:19,2129.45,5155225
2021-05-31 09:57:20,2129.35,5155510
2021-05-31 09:57:21,2129.5,5155879
2021-05-31 09:57:22,2129.5,5156181
2021-05-31 09:57:23,2129.5,5156213
2021-05-31 09:57:24,2129.45,5156711
2021-05-31 09:57:25,2129.35,5156732
2021-05-31 09:57:26,2129.45,5156842
2021-05-31 09:57:27,2129.7,5162006
2021-05-31 09:57:28,2129.5,5162156
2021-05-31 09:57:29,2129.05,5162315
2021-05-31 09:57:30,2129.05,5162672
2021-05-31 09:57:31,2129.4,5163384
2021-05-31 09:57:32,2129.4,5163594
2021-05-31 09:57:33,2130.0,5164764
2021-05-31 09:57:34,2129.9,5169621
2021-05-31 09:57:35,2129.1,5170651
2021-05-31 09:57:36,2129.1,5170651
2021-05-31 09:57:37,2129.4,5171329
2021-05-31 09:57:38,2129.4,5171338
2021-05-31 09:57:39,2129.4,5171723
2021-05-31 09:57:40,2129.4,5171884
2021-05-31 09:57:41,2129.1,5173744
2021-05-31 09:57:42,2129.35,5174117
2021-05-31 09:57:43,2129.35,5174534
2021-05-31 09:57:44,2128.8,5175792
2021-05-31 09:57:45,2128.55,5176283
2021-05-31 09:57:46,2128.8,5177800
2021-05-31 09:57:47,2128.8,5178771
2021-05-31 09:57:48,2129.0,5179085
2021-05-31 09:57:49,2129.0,5179649
2021-05-31 09:57:51,2129.0,5180165
2021-05-31 09:57:50,2128.75,5180135
2021-05-31 09:57:52,2129.0,5180645
2021-05-31 09:57:53,2128.6,5181271
2021-05-31 09:57:55,2128.5,5183758
2021-05-31 09:57:56,2128.0,5185546
2021-05-31 09:57:57,2128.0,5185869
2021-05-31 09:57:58,2128.4,5186720
2021-05-31 09:57:59,2128.5,5189195
2021-05-31 09:58:00,2128.0,5191962
2021-05-31 09:58:01,2128.3,5199854
2021-05-31 09:58:02,2128.65,5201535
2021-05-31 09:58:03,2126.5,5208734
2021-05-31 09:58:04,2126.4,5210793
2021-05-31 09:58:05,2126.6,5213750
2021-05-31 09:58:06,2127.15,5215395
2021-05-31 09:58:07,2127.05,5216153
2021-05-31 09:58:09,2126.3,5217449
2021-05-31 09:58:10,2127.0,5219298
2021-05-31 09:58:12,2126.15,5220240
2021-05-31 09:58:11,2126.2,5220082
2021-05-31 09:58:13,2126.95,5221552
2021-05-31 09:58:14,2126.15,5222540
2021-05-31 09:58:15,2126.25,5223569
2021-05-31 09:58:16,2126.15,5224020
2021-05-31 09:58:17,2125.6,5233179
2021-05-31 09:58:18,2125.6,5234125
2021-05-31 09:58:19,2125.0,5248433
2021-05-31 09:58:20,2124.8,5255609
2021-05-31 09:58:22,2125.95,5257965
2021-05-31 09:58:21,2125.9,5257841
2021-05-31 09:58:23,2125.05,5260959
2021-05-31 09:58:24,2125.8,5263808
2021-05-31 09:58:25,2126.15,5267955
2021-05-31 09:58:26,2126.15,5269424
2021-05-31 09:58:27,2125.3,5269946
2021-05-31 09:58:28,2125.8,5271325
2021-05-31 09:58:29,2126.55,5271849
2021-05-31 09:58:31,2126.65,5272428
2021-05-31 09:58:30,2126.0,5272418
2021-05-31 09:58:32,2126.2,5274255
2021-05-31 09:58:33,2126.05,5274832
2021-05-31 09:58:35,2126.85,5276377
2021-05-31 09:58:34,2126.85,5276153
2021-05-31 09:58:36,2127.05,5278346
2021-05-31 09:58:37,2126.55,5280090
2021-05-31 09:58:38,2126.65,5280456
2021-05-31 09:58:39,2126.75,5281116
2021-05-31 09:58:40,2126.65,5281725
2021-05-31 09:58:41,2127.0,5283403
2021-05-31 09:58:42,2126.45,5283621
2021-05-31 09:58:43,2127.45,5284084
2021-05-31 09:58:44,2127.0,5284111
2021-05-31 09:58:45,2127.2,5284495
2021-05-31 09:58:46,2126.8,5284685
2021-05-31 09:58:47,2126.8,5285154
2021-05-31 09:58:48,2127.0,5285352
2021-05-31 09:58:49,2127.0,5286507
2021-05-31 09:58:50,2127.45,5287108
2021-05-31 09:58:51,2127.7,5287598
2021-05-31 09:58:53,2127.35,5288317
2021-05-31 09:58:54,2128.0,5288519
2021-05-31 09:58:55,2128.65,5292074
2021-05-31 09:58:56,2128.6,5292592
2021-05-31 09:58:57,2127.7,5292927
2021-05-31 09:58:58,2127.5,5293632
2021-05-31 09:59:00,2128.0,5293961
2021-05-31 09:58:59,2128.0,5293950
2021-05-31 09:59:01,2128.5,5294083
2021-05-31 09:59:02,2128.6,5294352
2021-05-31 09:59:03,2128.0,5294774
2021-05-31 09:59:04,2128.0,5296170
2021-05-31 09:59:05,2128.6,5296353
2021-05-31 09:59:06,2129.0,5296675
2021-05-31 09:59:07,2128.05,5297021
2021-05-31 09:59:08,2128.85,5298825
2021-05-31 09:59:09,2128.1,5304068
2021-05-31 09:59:10,2128.1,5304068
2021-05-31 09:59:11,2128.95,5305001
2021-05-31 09:59:12,2129.0,5305634
2021-05-31 09:59:13,2128.95,5306084
2021-05-31 09:59:14,2128.2,5306292
2021-05-31 09:59:15,2128.2,5306517
2021-05-31 09:59:16,2128.95,5307174
2021-05-31 09:59:17,2128.1,5307579
2021-05-31 09:59:18,2128.7,5310071
2021-05-31 09:59:19,2128.2,5310728
2021-05-31 09:59:20,2128.2,5310728
2021-05-31 09:59:21,2128.2,5311627
2021-05-31 09:59:22,2128.5,5311823
2021-05-31 09:59:23,2127.9,5314883
2021-05-31 09:59:24,2127.95,5315915
2021-05-31 09:59:25,2128.0,5316257
2021-05-31 09:59:26,2127.9,5316617
2021-05-31 09:59:27,2127.9,5316624
2021-05-31 09:59:28,2127.55,5316829
2021-05-31 09:59:29,2127.5,5317332
2021-05-31 09:59:30,2127.5,5318729
2021-05-31 09:59:31,2127.5,5319078
2021-05-31 09:59:32,2127.05,5319468
2021-05-31 09:59:33,2127.05,5319862
2021-05-31 09:59:34,2127.8,5320053
2021-05-31 09:59:35,2127.85,5320622
2021-05-31 09:59:36,2127.75,5321268
2021-05-31 09:59:38,2127.5,5321447
2021-05-31 09:59:39,2127.8,5321569
2021-05-31 09:59:39,2127.5,5321612
2021-05-31 09:59:40,2127.25,5321883
2021-05-31 09:59:41,2127.5,5322174
2021-05-31 09:59:42,2127.85,5322569
2021-05-31 09:59:43,2127.5,5322980
2021-05-31 09:59:45,2127.8,5323383
2021-05-31 09:59:46,2127.0,5325202
2021-05-31 09:59:46,2127.0,5325203
2021-05-31 09:59:47,2126.8,5326445
2021-05-31 09:59:48,2127.25,5326589
2021-05-31 09:59:49,2126.8,5326986
2021-05-31 09:59:50,2127.2,5327233
2021-05-31 09:59:51,2127.15,5327267
2021-05-31 09:59:52,2126.5,5327524
2021-05-31 09:59:53,2126.2,5328109
2021-05-31 09:59:55,2126.35,5329797
2021-05-31 09:59:55,2126.35,5330104
2021-05-31 09:59:56,2125.65,5332341
2021-05-31 09:59:58,2126.35,5333397
2021-05-31 09:59:59,2126.35,5333493
2021-05-31 10:00:01,2125.7,5334677
2021-05-31 10:00:03,2126.25,5341174
2021-05-31 10:00:03,2125.25,5341340
2021-05-31 10:00:05,2126.5,5342774
2021-05-31 10:00:05,2126.45,5343170
2021-05-31 10:00:06,2126.7,5344097
2021-05-31 10:00:07,2126.2,5345821
2021-05-31 10:00:08,2127.0,5347931
2021-05-31 10:00:09,2127.2,5348246
2021-05-31 10:00:11,2127.25,5348806
2021-05-31 10:00:11,2127.25,5348806
2021-05-31 10:00:12,2127.3,5354207
2021-05-31 10:00:13,2128.0,5354950
2021-05-31 10:00:14,2127.95,5355376
2021-05-31 10:00:16,2128.0,5355568
2021-05-31 10:00:16,2127.65,5355686
2021-05-31 10:00:17,2128.2,5356060
2021-05-31 10:00:18,2128.35,5356334
2021-05-31 10:00:19,2128.0,5356729
2021-05-31 10:00:20,2128.0,5357235
2021-05-31 10:00:21,2128.0,5357289
2021-05-31 10:00:22,2128.5,5357481
2021-05-31 10:00:23,2128.5,5357845
2021-05-31 10:00:25,2127.65,5357989
2021-05-31 10:00:26,2127.7,5357996
2021-05-31 10:00:27,2128.0,5359185
2021-05-31 10:00:27,2128.0,5359225
2021-05-31 10:00:28,2128.0,5360489
2021-05-31 10:00:29,2128.65,5360581
2021-05-31 10:00:30,2128.65,5360897
2021-05-31 10:00:31,2128.65,5361270
2021-05-31 10:00:32,2128.65,5361678
2021-05-31 10:00:33,2128.9,5362489
2021-05-31 10:00:34,2128.45,5362853
2021-05-31 10:00:35,2128.7,5362922
2021-05-31 10:00:37,2128.9,5363781
2021-05-31 10:00:38,2128.7,5364404
2021-05-31 10:00:38,2128.5,5364634
2021-05-31 10:00:40,2128.95,5366116
2021-05-31 10:00:41,2129.4,5371230
2021-05-31 10:00:43,2129.1,5371433
2021-05-31 10:00:43,2129.4,5371498
2021-05-31 10:00:44,2129.2,5371926
2021-05-31 10:00:45,2129.3,5372150
2021-05-31 10:00:46,2129.5,5372669
2021-05-31 10:00:47,2129.8,5373059
2021-05-31 10:00:48,2129.75,5373153
2021-05-31 10:00:50,2130.0,5374428
2021-05-31 10:00:50,2130.0,5374507
2021-05-31 10:00:51,2129.4,5375305
2021-05-31 10:00:52,2130.0,5379967
2021-05-31 10:00:53,2130.0,5380719
2021-05-31 10:00:54,2130.0,5381167
2021-05-31 10:00:55,2130.0,5381240
2021-05-31 10:00:57,2130.0,5382248
2021-05-31 10:00:57,2130.0,5382584
2021-05-31 10:00:58,2129.4,5383368
2021-05-31 10:00:59,2130.0,5383494
2021-05-31 10:01:00,2129.4,5383939
2021-05-31 10:01:01,2130.0,5384385
2021-05-31 10:01:02,2130.0,5384918
2021-05-31 10:01:04,2130.0,5386310
2021-05-31 10:01:04,2130.7,5386521
2021-05-31 10:01:05,2130.5,5386716
2021-05-31 10:01:06,2130.35,5387430
2021-05-31 10:01:07,2131.9,5389384
2021-05-31 10:01:08,2130.95,5389988
2021-05-31 10:01:10,2130.35,5392057
2021-05-31 10:01:10,2130.7,5392184
2021-05-31 10:01:11,2131.75,5392628
2021-05-31 10:01:12,2131.75,5393050
2021-05-31 10:01:13,2130.55,5394090
2021-05-31 10:01:15,2130.9,5402146
2021-05-31 10:01:15,2130.9,5401929
2021-05-31 10:01:16,2131.0,5402698
2021-05-31 10:01:17,2131.7,5403427
2021-05-31 10:01:18,2131.9,5403922
2021-05-31 10:01:20,2131.95,5406376
2021-05-31 10:01:21,2131.3,5407353
2021-05-31 10:01:23,2132.0,5408666
2021-05-31 10:01:23,2132.0,5408713
2021-05-31 10:01:24,2130.5,5410959
2021-05-31 10:01:25,2131.3,5411934
2021-05-31 10:01:26,2131.05,5412793
2021-05-31 10:01:27,2131.15,5413288
2021-05-31 10:01:28,2131.0,5413964
2021-05-31 10:01:29,2130.7,5414423
2021-05-31 10:01:30,2130.5,5414683
2021-05-31 10:01:31,2131.25,5415450
2021-05-31 10:01:33,2131.55,5415785
2021-05-31 10:01:33,2131.55,5415786
2021-05-31 10:01:34,2131.15,5416147
2021-05-31 10:01:35,2131.9,5416791
2021-05-31 10:01:37,2131.3,5417942
2021-05-31 10:01:38,2131.6,5418264
2021-05-31 10:01:38,2131.6,5418260
2021-05-31 10:01:39,2131.45,5419638
2021-05-31 10:01:40,2131.0,5420254
2021-05-31 10:01:42,2131.15,5423688
2021-05-31 10:01:43,2131.0,5423971
2021-05-31 10:01:44,2131.1,5424564
2021-05-31 10:01:44,2130.5,5424519
2021-05-31 10:01:45,2131.0,5427047
2021-05-31 10:01:46,2130.0,5428924
2021-05-31 10:01:49,2129.95,5429990
2021-05-31 10:01:50,2129.95,5430597
2021-05-31 10:01:50,2130.0,5430717
2021-05-31 10:01:51,2129.25,5433086
2021-05-31 10:01:52,2129.3,5433278
2021-05-31 10:01:53,2129.4,5433610
2021-05-31 10:01:55,2129.7,5434173
2021-05-31 10:01:56,2129.7,5434504
2021-05-31 10:01:57,2129.9,5434957
2021-05-31 10:01:57,2129.9,5434957
2021-05-31 10:01:58,2129.1,5435354
2021-05-31 10:01:59,2129.85,5435802
2021-05-31 10:02:00,2129.5,5435849
2021-05-31 10:02:01,2129.9,5436170
2021-05-31 10:02:03,2129.15,5437035
2021-05-31 10:02:04,2128.85,5443089
2021-05-31 10:02:04,2128.75,5442749
2021-05-31 10:02:05,2128.9,5443478
2021-05-31 10:02:06,2128.0,5443858
2021-05-31 10:02:07,2127.8,5444908
2021-05-31 10:02:09,2128.0,5446930
2021-05-31 10:02:10,2128.9,5447125
2021-05-31 10:02:11,2128.0,5447471
2021-05-31 10:02:12,2128.0,5447927
2021-05-31 10:02:13,2128.0,5448060
2021-05-31 10:02:14,2127.9,5448506
2021-05-31 10:02:14,2127.9,5448506
2021-05-31 10:02:15,2128.85,5448835
2021-05-31 10:02:16,2128.0,5449387
2021-05-31 10:02:17,2128.0,5449750
2021-05-31 10:02:18,2128.4,5450030
2021-05-31 10:02:19,2128.0,5450399
2021-05-31 10:02:21,2127.8,5451526
2021-05-31 10:02:22,2127.8,5452058
2021-05-31 10:02:23,2128.1,5452250
2021-05-31 10:02:24,2127.1,5452761
2021-05-31 10:02:25,2127.1,5452898
2021-05-31 10:02:26,2127.8,5453222
2021-05-31 10:02:27,2127.8,5453873
2021-05-31 10:02:28,2127.8,5454350
2021-05-31 10:02:29,2127.8,5454373
2021-05-31 10:02:29,2127.8,5454373
2021-05-31 10:02:30,2127.8,5455006
2021-05-31 10:02:31,2127.7,5455455
2021-05-31 10:02:32,2127.75,5456239
2021-05-31 10:02:33,2127.3,5456546
2021-05-31 10:02:34,2127.0,5458014
2021-05-31 10:02:35,2127.8,5458459
2021-05-31 10:02:36,2127.5,5458922
2021-05-31 10:02:37,2127.8,5458967
2021-05-31 10:02:38,2127.5,5459517
2021-05-31 10:02:40,2127.5,5459754
2021-05-31 10:02:41,2127.85,5459972
2021-05-31 10:02:42,2127.85,5460200
2021-05-31 10:02:42,2127.8,5460331
2021-05-31 10:02:43,2127.25,5460461
2021-05-31 10:02:44,2127.5,5460772
2021-05-31 10:02:45,2127.8,5461016
2021-05-31 10:02:46,2127.25,5461449
2021-05-31 10:02:48,2127.5,5461852
2021-05-31 10:02:49,2127.25,5462101
2021-05-31 10:02:50,2127.9,5462273
2021-05-31 10:02:51,2127.3,5462836
2021-05-31 10:02:52,2127.25,5462936
2021-05-31 10:02:53,2127.0,5464594
2021-05-31 10:02:53,2127.5,5464595
2021-05-31 10:02:54,2127.5,5464880
2021-05-31 10:02:55,2127.5,5465057
2021-05-31 10:02:56,2127.4,5465267
2021-05-31 10:02:57,2127.0,5465400
2021-05-31 10:02:58,2127.35,5466494
2021-05-31 10:02:59,2127.15,5466560
2021-05-31 10:03:00,2127.3,5466905
2021-05-31 10:03:02,2127.35,5467501
2021-05-31 10:03:03,2127.05,5467839
2021-05-31 10:03:04,2127.15,5467999
2021-05-31 10:03:04,2127.05,5468104
2021-05-31 10:03:05,2127.6,5468294
2021-05-31 10:03:06,2127.6,5468898
2021-05-31 10:03:07,2127.5,5469033
2021-05-31 10:03:08,2127.6,5469557
2021-05-31 10:03:09,2127.05,5469661
2021-05-31 10:03:11,2127.6,5470675
2021-05-31 10:03:12,2127.05,5471077
2021-05-31 10:03:13,2127.0,5471662
2021-05-31 10:03:14,2127.25,5471716
2021-05-31 10:03:15,2127.1,5471790
2021-05-31 10:03:16,2127.1,5471895
2021-05-31 10:03:16,2127.4,5471900
2021-05-31 10:03:17,2127.1,5473096
2021-05-31 10:03:18,2127.1,5473156
2021-05-31 10:03:19,2127.7,5473262
2021-05-31 10:03:20,2127.7,5473287
2021-05-31 10:03:21,2127.6,5473558
2021-05-31 10:03:23,2127.65,5473809
2021-05-31 10:03:24,2127.55,5475034
2021-05-31 10:03:25,2127.55,5475436
2021-05-31 10:03:26,2127.4,5475550
2021-05-31 10:03:27,2127.9,5476069
2021-05-31 10:03:27,2127.55,5476266
2021-05-31 10:03:28,2128.0,5476367
2021-05-31 10:03:29,2127.8,5477873
2021-05-31 10:03:30,2128.5,5479804
2021-05-31 10:03:31,2129.0,5481393
2021-05-31 10:03:32,2128.75,5481514
2021-05-31 10:03:33,2129.3,5482123
2021-05-31 10:03:35,2128.75,5482250
2021-05-31 10:03:36,2129.0,5482334
2021-05-31 10:03:37,2129.25,5482612
2021-05-31 10:03:37,2129.2,5482650
2021-05-31 10:03:38,2128.85,5483040
2021-05-31 10:03:39,2128.85,5483349
2021-05-31 10:03:40,2128.95,5483631
2021-05-31 10:03:41,2129.25,5485125
2021-05-31 10:03:42,2129.25,5485454
2021-05-31 10:03:44,2128.85,5487031
