timestamp,ltp,volume
2021-05-31 09:15:05,658.7,10544
2021-05-31 09:15:06,659.0,11102
2021-05-31 09:15:07,658.35,11729
2021-05-31 09:15:08,658.9,13806
2021-05-31 09:15:09,658.85,13970
2021-05-31 09:15:10,658.6,14603
2021-05-31 09:15:11,658.75,15924
2021-05-31 09:15:12,658.9,17220
2021-05-31 09:15:13,658.7,18038
2021-05-31 09:15:14,658.2,18424
2021-05-31 09:15:15,658.35,19992
2021-05-31 09:15:16,658.35,21068
2021-05-31 09:15:17,658.7,21733
2021-05-31 09:15:18,658.7,24426
2021-05-31 09:15:19,658.65,24559
2021-05-31 09:15:20,657.9,25806
2021-05-31 09:15:21,657.9,26568
2021-05-31 09:15:22,657.85,27364
2021-05-31 09:15:23,657.85,27618
2021-05-31 09:15:24,657.8,27712
2021-05-31 09:15:25,657.3,28375
2021-05-31 09:15:26,657.2,29995
2021-05-31 09:15:27,657.25,30320
2021-05-31 09:15:28,656.6,31880
2021-05-31 09:15:29,657.0,32206
2021-05-31 09:15:30,657.2,32587
2021-05-31 09:15:31,657.4,33692
2021-05-31 09:15:32,657.6,33945
2021-05-31 09:15:33,657.25,34367
2021-05-31 09:15:34,657.3,34831
2021-05-31 09:15:35,657.3,34861
2021-05-31 09:15:37,657.0,36443
2021-05-31 09:15:36,657.7,35845
2021-05-31 09:15:38,657.05,37219
2021-05-31 09:15:39,656.95,37316
2021-05-31 09:15:40,657.75,37660
2021-05-31 09:15:41,657.8,38683
2021-05-31 09:15:42,657.25,39665
2021-05-31 09:15:43,657.25,39844
2021-05-31 09:15:44,657.65,40318
2021-05-31 09:15:45,657.2,40328
2021-05-31 09:15:46,657.3,41019
2021-05-31 09:15:47,657.35,41064
2021-05-31 09:15:48,657.0,41820
2021-05-31 09:15:49,657.65,42847
2021-05-31 09:15:50,657.7,43150
2021-05-31 09:15:51,657.45,44204
2021-05-31 09:15:52,657.3,44356
2021-05-31 09:15:53,657.5,44629
2021-05-31 09:15:54,657.05,44800
2021-05-31 09:15:55,657.1,44866
2021-05-31 09:15:56,657.05,45268
2021-05-31 09:15:57,657.05,45354
2021-05-31 09:15:58,657.25,45903
2021-05-31 09:15:59,657.05,46034
2021-05-31 09:16:00,656.5,48691
2021-05-31 09:16:01,656.35,48856
2021-05-31 09:16:02,656.4,49011
2021-05-31 09:16:03,656.85,49132
2021-05-31 09:16:04,656.4,49188
2021-05-31 09:16:05,656.45,49424
2021-05-31 09:16:06,656.15,49624
2021-05-31 09:16:07,656.1,50438
2021-05-31 09:16:08,656.0,50911
2021-05-31 09:16:09,656.15,53466
2021-05-31 09:16:10,656.2,53626
2021-05-31 09:16:11,655.55,54405
2021-05-31 09:16:12,656.0,54648
2021-05-31 09:16:14,655.8,54908
2021-05-31 09:16:13,655.8,54903
2021-05-31 09:16:15,655.8,54972
2021-05-31 09:16:16,655.6,55078
2021-05-31 09:16:17,655.9,55363
2021-05-31 09:16:18,655.85,55386
2021-05-31 09:16:19,655.85,55446
2021-05-31 09:16:20,655.7,55456
2021-05-31 09:16:21,655.95,55949
2021-05-31 09:16:22,656.0,56069
2021-05-31 09:16:23,655.9,56114
2021-05-31 09:16:24,656.0,56352
2021-05-31 09:16:25,655.95,56487
2021-05-31 09:16:26,655.95,56687
2021-05-31 09:16:27,655.95,56869
2021-05-31 09:16:28,655.8,56886
2021-05-31 09:16:29,656.3,57415
2021-05-31 09:16:30,655.6,57748
2021-05-31 09:16:31,655.75,58245
2021-05-31 09:16:32,655.7,58464
2021-05-31 09:16:33,655.5,59072
2021-05-31 09:16:34,655.75,59496
2021-05-31 09:16:35,655.8,59546
2021-05-31 09:16:36,656.2,59699
2021-05-31 09:16:37,656.0,60253
2021-05-31 09:16:38,655.8,60423
2021-05-31 09:16:39,655.8,60549
2021-05-31 09:16:40,655.85,60646
2021-05-31 09:16:41,656.0,60816
2021-05-31 09:16:42,655.8,60958
2021-05-31 09:16:43,655.7,61708
2021-05-31 09:16:44,655.75,61709
2021-05-31 09:16:45,656.0,62444
2021-05-31 09:16:46,656.0,63009
2021-05-31 09:16:47,656.0,63049
2021-05-31 09:16:48,656.0,63169
2021-05-31 09:16:49,656.0,63272
2021-05-31 09:16:51,656.2,70435
2021-05-31 09:16:50,656.35,69222
2021-05-31 09:16:52,655.95,70523
2021-05-31 09:16:53,655.95,70643
2021-05-31 09:16:54,655.9,70805
2021-05-31 09:16:55,655.9,71070
2021-05-31 09:16:56,655.9,71716
2021-05-31 09:16:57,656.25,72092
2021-05-31 09:16:58,656.25,72139
2021-05-31 09:16:59,656.25,72139
2021-05-31 09:17:00,655.9,72266
2021-05-31 09:17:01,656.0,72285
2021-05-31 09:17:02,656.2,72692
2021-05-31 09:17:03,656.4,73695
2021-05-31 09:17:04,656.35,73795
2021-05-31 09:17:05,656.05,73796
2021-05-31 09:17:07,656.35,73806
2021-05-31 09:17:08,656.0,74348
2021-05-31 09:17:09,656.2,75916
2021-05-31 09:17:10,655.85,75984
2021-05-31 09:17:11,655.95,76169
2021-05-31 09:17:12,656.5,76562
2021-05-31 09:17:13,656.3,76711
2021-05-31 09:17:14,656.3,76862
2021-05-31 09:17:15,656.3,76928
2021-05-31 09:17:17,656.2,77779
2021-05-31 09:17:17,656.2,77829
2021-05-31 09:17:18,656.25,78339
2021-05-31 09:17:19,656.6,78508
2021-05-31 09:17:20,656.1,78685
2021-05-31 09:17:21,656.3,78717
2021-05-31 09:17:22,656.55,79438
2021-05-31 09:17:23,656.35,79554
2021-05-31 09:17:24,656.0,80465
2021-05-31 09:17:26,656.2,81922
2021-05-31 09:17:27,655.95,81944
2021-05-31 09:17:27,656.3,81984
2021-05-31 09:17:28,656.0,82547
2021-05-31 09:17:29,656.0,82547
2021-05-31 09:17:30,656.0,82909
2021-05-31 09:17:31,656.0,82944
2021-05-31 09:17:32,656.3,82956
2021-05-31 09:17:33,656.3,82956
2021-05-31 09:17:34,656.3,83066
2021-05-31 09:17:35,656.05,83578
2021-05-31 09:17:36,656.0,83841
2021-05-31 09:17:37,656.05,83912
2021-05-31 09:17:38,655.95,84368
2021-05-31 09:17:39,655.95,84482
2021-05-31 09:17:41,655.8,86263
2021-05-31 09:17:40,655.8,86249
2021-05-31 09:17:42,655.8,86676
2021-05-31 09:17:43,655.45,86839
2021-05-31 09:17:44,655.6,87054
2021-05-31 09:17:45,655.3,87590
2021-05-31 09:17:46,655.55,87729
2021-05-31 09:17:47,655.65,88109
2021-05-31 09:17:48,655.6,88337
2021-05-31 09:17:49,655.3,88339
2021-05-31 09:17:51,655.7,89573
2021-05-31 09:17:50,655.35,89566
2021-05-31 09:17:52,655.35,89648
2021-05-31 09:17:53,655.4,89913
2021-05-31 09:17:54,655.35,89933
2021-05-31 09:17:56,655.45,90345
2021-05-31 09:17:56,655.45,90345
2021-05-31 09:17:57,655.65,90439
2021-05-31 09:17:58,655.45,90464
2021-05-31 09:18:00,655.2,91663
2021-05-31 09:18:01,655.35,91811
2021-05-31 09:18:02,655.65,91953
2021-05-31 09:18:02,655.45,91958
2021-05-31 09:18:03,655.1,91999
2021-05-31 09:18:04,655.4,92023
2021-05-31 09:18:05,655.1,92048
2021-05-31 09:18:06,655.1,92048
2021-05-31 09:18:07,655.35,92321
2021-05-31 09:18:08,655.35,92354
2021-05-31 09:18:10,655.45,92549
2021-05-31 09:18:10,655.6,92619
2021-05-31 09:18:11,655.65,92816
2021-05-31 09:18:12,655.55,93074
2021-05-31 09:18:13,655.15,93164
2021-05-31 09:18:14,655.7,93174
2021-05-31 09:18:15,655.65,93292
2021-05-31 09:18:16,655.65,93292
2021-05-31 09:18:17,655.55,93398
2021-05-31 09:18:18,655.45,93553
2021-05-31 09:18:20,655.6,93677
2021-05-31 09:18:21,655.55,93893
2021-05-31 09:18:22,655.6,93991
2021-05-31 09:18:24,655.55,94394
2021-05-31 09:18:25,655.2,94570
2021-05-31 09:18:26,655.55,94822
2021-05-31 09:18:27,655.7,94922
2021-05-31 09:18:28,655.65,94987
2021-05-31 09:18:28,655.65,94987
2021-05-31 09:18:29,655.65,94988
2021-05-31 09:18:30,655.65,95981
2021-05-31 09:18:32,655.65,95981
2021-05-31 09:18:33,655.65,97013
2021-05-31 09:18:34,656.0,97070
2021-05-31 09:18:34,656.0,97070
2021-05-31 09:18:35,656.0,97220
2021-05-31 09:18:36,656.0,97321
2021-05-31 09:18:37,655.9,97473
2021-05-31 09:18:38,655.75,99087
2021-05-31 09:18:39,656.3,99097
2021-05-31 09:18:40,656.0,99157
2021-05-31 09:18:41,656.3,99647
2021-05-31 09:18:42,656.0,99690
2021-05-31 09:18:43,655.85,99710
2021-05-31 09:18:44,656.0,99799
2021-05-31 09:18:45,655.85,100029
2021-05-31 09:18:46,656.0,100323
2021-05-31 09:18:47,656.0,100427
2021-05-31 09:18:48,656.0,100532
2021-05-31 09:18:49,655.8,100757
2021-05-31 09:18:50,656.0,100846
2021-05-31 09:18:51,656.2,100902
2021-05-31 09:18:52,655.85,100963
2021-05-31 09:18:53,656.15,101039
2021-05-31 09:18:54,656.0,101949
2021-05-31 09:18:55,656.25,102037
2021-05-31 09:18:56,656.0,102090
2021-05-31 09:18:58,656.0,102186
2021-05-31 09:18:58,656.0,102186
2021-05-31 09:18:59,656.0,102293
2021-05-31 09:19:00,656.0,102367
2021-05-31 09:19:01,656.0,102392
2021-05-31 09:19:02,656.05,102953
2021-05-31 09:19:03,656.0,103618
2021-05-31 09:19:04,656.2,103738
2021-05-31 09:19:05,656.2,103744
2021-05-31 09:19:06,656.0,104852
2021-05-31 09:19:08,655.8,105013
2021-05-31 09:19:08,655.8,104913
2021-05-31 09:19:09,655.8,105158
2021-05-31 09:19:10,656.05,105667
2021-05-31 09:19:11,656.05,105714
2021-05-31 09:19:12,655.65,105816
2021-05-31 09:19:13,655.7,105838
2021-05-31 09:19:14,655.5,106134
2021-05-31 09:19:15,656.0,106239
2021-05-31 09:19:16,655.75,106691
2021-05-31 09:19:17,656.0,106692
2021-05-31 09:19:18,656.0,106731
2021-05-31 09:19:19,656.0,106857
2021-05-31 09:19:20,655.95,106884
2021-05-31 09:19:21,655.95,106884
2021-05-31 09:19:22,655.5,106901
2021-05-31 09:19:23,655.7,106996
2021-05-31 09:19:24,655.5,107136
2021-05-31 09:19:25,655.7,107371
2021-05-31 09:19:26,655.5,107673
2021-05-31 09:19:27,656.0,108113
2021-05-31 09:19:28,655.5,109113
2021-05-31 09:19:29,656.0,109128
2021-05-31 09:19:30,656.0,109188
2021-05-31 09:19:31,655.8,109349
2021-05-31 09:19:32,655.8,109452
2021-05-31 09:19:33,655.8,109452
2021-05-31 09:19:34,655.75,109453
2021-05-31 09:19:35,655.7,109470
2021-05-31 09:19:36,655.7,109471
2021-05-31 09:19:37,655.8,110507
2021-05-31 09:19:38,655.8,110650
2021-05-31 09:19:39,655.8,111153
2021-05-31 09:19:40,655.8,111258
2021-05-31 09:19:41,655.7,111551
2021-05-31 09:19:42,655.75,111556
2021-05-31 09:19:43,655.5,111594
2021-05-31 09:19:44,655.75,111681
2021-05-31 09:19:46,655.55,111746
2021-05-31 09:19:46,655.8,112089
2021-05-31 09:19:47,655.8,112099
2021-05-31 09:19:48,655.75,112399
2021-05-31 09:19:50,655.8,112584
2021-05-31 09:19:51,655.7,112619
2021-05-31 09:19:52,655.7,112619
2021-05-31 09:19:52,655.8,112708
2021-05-31 09:19:53,655.8,112805
2021-05-31 09:19:55,655.75,112864
2021-05-31 09:19:56,655.75,112894
2021-05-31 09:19:56,655.75,112903
2021-05-31 09:19:58,655.7,112940
2021-05-31 09:19:58,655.7,112940
2021-05-31 09:19:59,655.7,113143
2021-05-31 09:20:01,655.0,115457
2021-05-31 09:20:02,655.2,115779
2021-05-31 09:20:03,655.1,115885
2021-05-31 09:20:04,655.2,116257
2021-05-31 09:20:04,655.3,116362
2021-05-31 09:20:05,655.0,116372
2021-05-31 09:20:06,655.3,116533
2021-05-31 09:20:07,655.0,116712
2021-05-31 09:20:08,655.3,117428
2021-05-31 09:20:10,655.5,118209
2021-05-31 09:20:11,655.5,118284
2021-05-31 09:20:11,655.7,118729
2021-05-31 09:20:12,655.55,118750
2021-05-31 09:20:13,655.15,118994
2021-05-31 09:20:15,655.75,119489
2021-05-31 09:20:16,655.75,119519
2021-05-31 09:20:17,656.1,120780
2021-05-31 09:20:18,656.0,120900
2021-05-31 09:20:19,656.25,121236
2021-05-31 09:20:20,656.2,121431
2021-05-31 09:20:21,655.8,121646
2021-05-31 09:20:23,655.8,122339
2021-05-31 09:20:24,656.15,122530
2021-05-31 09:20:25,656.15,122530
2021-05-31 09:20:26,656.5,124126
2021-05-31 09:20:27,656.55,126524
2021-05-31 09:20:30,656.05,127265
2021-05-31 09:20:31,655.85,127548
2021-05-31 09:20:31,655.8,127779
2021-05-31 09:20:33,656.25,128730
2021-05-31 09:20:34,656.0,128919
2021-05-31 09:20:34,656.0,128919
2021-05-31 09:20:35,656.0,128919
2021-05-31 09:20:36,656.0,129399
2021-05-31 09:20:37,655.95,129519
2021-05-31 09:20:38,655.95,129519
2021-05-31 09:20:39,655.95,129519
2021-05-31 09:20:40,656.0,129529
2021-05-31 09:20:41,655.5,129534
2021-05-31 09:20:42,655.7,130039
2021-05-31 09:20:43,656.25,130119
2021-05-31 09:20:44,655.65,130136
2021-05-31 09:20:45,655.65,130136
2021-05-31 09:20:46,656.0,130617
2021-05-31 09:20:47,656.0,130980
2021-05-31 09:20:48,656.05,131025
2021-05-31 09:20:49,656.05,131035
2021-05-31 09:20:50,656.05,131063
2021-05-31 09:20:51,656.05,131083
2021-05-31 09:20:52,656.0,131108
2021-05-31 09:20:53,655.95,131230
2021-05-31 09:20:54,656.0,131281
2021-05-31 09:20:55,656.0,131281
2021-05-31 09:20:56,655.75,131356
2021-05-31 09:20:57,655.75,131486
2021-05-31 09:20:58,655.5,131759
2021-05-31 09:20:59,655.85,131973
2021-05-31 09:21:00,655.8,132003
2021-05-31 09:21:01,655.6,132104
2021-05-31 09:21:02,655.3,132547
2021-05-31 09:21:03,655.3,132558
2021-05-31 09:21:04,655.3,132795
2021-05-31 09:21:05,655.4,132809
2021-05-31 09:21:06,655.4,132834
2021-05-31 09:21:07,655.65,133082
2021-05-31 09:21:08,655.7,133096
2021-05-31 09:21:09,655.25,133133
2021-05-31 09:21:10,655.25,133178
2021-05-31 09:21:11,655.4,133198
2021-05-31 09:21:12,655.1,133327
2021-05-31 09:21:13,655.3,133457
2021-05-31 09:21:14,655.25,133745
2021-05-31 09:21:15,655.2,133796
2021-05-31 09:21:16,655.1,133842
2021-05-31 09:21:17,655.4,134021
2021-05-31 09:21:18,655.4,134051
2021-05-31 09:21:19,655.1,134113
2021-05-31 09:21:20,655.0,137332
2021-05-31 09:21:22,655.15,137859
2021-05-31 09:21:23,655.15,137862
2021-05-31 09:21:24,655.0,137912
2021-05-31 09:21:25,655.05,137931
2021-05-31 09:21:26,655.0,138928
2021-05-31 09:21:27,655.1,139254
2021-05-31 09:21:28,655.2,139400
2021-05-31 09:21:29,655.55,139500
2021-05-31 09:21:30,655.15,139692
2021-05-31 09:21:31,655.55,139801
2021-05-31 09:21:32,655.55,139918
2021-05-31 09:21:33,655.5,139978
2021-05-31 09:21:34,655.35,140349
2021-05-31 09:21:34,655.3,140374
2021-05-31 09:21:35,655.85,140429
2021-05-31 09:21:36,655.5,140529
2021-05-31 09:21:37,655.85,140567
2021-05-31 09:21:38,655.8,140820
2021-05-31 09:21:40,655.85,140958
2021-05-31 09:21:40,655.45,141099
2021-05-31 09:21:41,655.85,141113
2021-05-31 09:21:42,655.9,141222
2021-05-31 09:21:43,655.5,141304
2021-05-31 09:21:44,655.45,141379
2021-05-31 09:21:45,655.35,141500
2021-05-31 09:21:46,655.4,141650
2021-05-31 09:21:47,655.75,142064
2021-05-31 09:21:48,655.45,142186
2021-05-31 09:21:49,655.8,142204
2021-05-31 09:21:50,655.85,142209
2021-05-31 09:21:51,655.4,142692
2021-05-31 09:21:52,655.4,142692
2021-05-31 09:21:53,655.75,142702
2021-05-31 09:21:55,655.6,142808
2021-05-31 09:21:56,655.6,142808
2021-05-31 09:21:57,655.75,142810
2021-05-31 09:21:58,655.8,142925
2021-05-31 09:21:59,655.8,142970
2021-05-31 09:22:00,656.35,143442
2021-05-31 09:22:01,656.35,143442
2021-05-31 09:22:02,656.0,143786
2021-05-31 09:22:03,656.65,144777
2021-05-31 09:22:04,656.65,144777
2021-05-31 09:22:05,656.65,144777
2021-05-31 09:22:06,656.6,146043
2021-05-31 09:22:07,656.65,146243
2021-05-31 09:22:08,656.6,146917
2021-05-31 09:22:09,657.2,147864
2021-05-31 09:22:10,656.95,147961
2021-05-31 09:22:11,656.7,148056
2021-05-31 09:22:12,657.0,148200
2021-05-31 09:22:13,656.55,148826
2021-05-31 09:22:14,656.25,148837
2021-05-31 09:22:15,656.5,148888
2021-05-31 09:22:15,656.45,148993
2021-05-31 09:22:17,656.35,149129
2021-05-31 09:22:17,656.4,149150
2021-05-31 09:22:18,656.4,149151
2021-05-31 09:22:19,657.0,149479
2021-05-31 09:22:21,656.95,149604
2021-05-31 09:22:22,656.55,149705
2021-05-31 09:22:23,656.6,149972
2021-05-31 09:22:24,656.75,150012
2021-05-31 09:22:25,656.9,150438
2021-05-31 09:22:26,656.95,150449
2021-05-31 09:22:27,657.45,150959
2021-05-31 09:22:28,657.4,151517
2021-05-31 09:22:29,657.4,151797
2021-05-31 09:22:30,657.4,152027
2021-05-31 09:22:31,657.55,152286
2021-05-31 09:22:32,657.25,152504
2021-05-31 09:22:33,657.4,153130
2021-05-31 09:22:34,657.7,153632
2021-05-31 09:22:35,657.9,153820
2021-05-31 09:22:36,657.6,153822
2021-05-31 09:22:37,657.6,153822
2021-05-31 09:22:38,657.6,153920
2021-05-31 09:22:39,657.55,154241
2021-05-31 09:22:40,657.55,154327
2021-05-31 09:22:41,657.4,154538
2021-05-31 09:22:42,657.3,154689
2021-05-31 09:22:43,657.55,154794
2021-05-31 09:22:44,657.15,155046
2021-05-31 09:22:45,657.65,155246
2021-05-31 09:22:46,657.7,155795
2021-05-31 09:22:47,657.3,155974
2021-05-31 09:22:48,657.4,156570
2021-05-31 09:22:49,657.6,156795
2021-05-31 09:22:50,657.6,157314
2021-05-31 09:22:51,658.0,157765
2021-05-31 09:22:52,658.0,157780
2021-05-31 09:22:53,658.0,157801
2021-05-31 09:22:54,658.0,157995
2021-05-31 09:22:55,658.0,158178
2021-05-31 09:22:55,657.7,158406
2021-05-31 09:22:56,658.0,158495
2021-05-31 09:22:57,657.95,158700
2021-05-31 09:22:58,657.65,159360
2021-05-31 09:23:00,658.0,159669
2021-05-31 09:23:01,657.55,159795
2021-05-31 09:23:02,657.7,159814
2021-05-31 09:23:03,657.7,159826
2021-05-31 09:23:03,657.55,160899
2021-05-31 09:23:04,657.5,161673
2021-05-31 09:23:06,657.5,161719
2021-05-31 09:23:06,657.5,161719
2021-05-31 09:23:08,657.6,161804
2021-05-31 09:23:08,657.6,161804
2021-05-31 09:23:09,657.6,161822
2021-05-31 09:23:10,657.6,161882
2021-05-31 09:23:11,657.6,162094
2021-05-31 09:23:13,657.7,162272
2021-05-31 09:23:14,657.7,162288
2021-05-31 09:23:15,657.8,163028
2021-05-31 09:23:16,657.5,163079
2021-05-31 09:23:17,657.85,163414
2021-05-31 09:23:18,657.85,163414
2021-05-31 09:23:19,657.7,163437
2021-05-31 09:23:20,657.85,163947
2021-05-31 09:23:21,657.85,164047
2021-05-31 09:23:22,657.55,164058
2021-05-31 09:23:23,657.8,164182
2021-05-31 09:23:24,657.8,164185
2021-05-31 09:23:25,657.4,164738
2021-05-31 09:23:25,657.6,164957
2021-05-31 09:23:26,657.5,165165
2021-05-31 09:23:27,657.3,165171
2021-05-31 09:23:29,657.3,165241
2021-05-31 09:23:30,657.3,165450
2021-05-31 09:23:31,657.7,165760
2021-05-31 09:23:32,657.35,165991
2021-05-31 09:23:33,657.7,166085
2021-05-31 09:23:34,657.7,166227
2021-05-31 09:23:35,657.8,166527
2021-05-31 09:23:36,657.55,169872
2021-05-31 09:23:37,657.95,170046
2021-05-31 09:23:38,658.0,170267
2021-05-31 09:23:39,658.0,170267
2021-05-31 09:23:40,657.95,170273
2021-05-31 09:23:40,657.85,171152
2021-05-31 09:23:41,657.85,171363
2021-05-31 09:23:42,657.85,171442
2021-05-31 09:23:43,657.85,171474
2021-05-31 09:23:44,658.0,171687
2021-05-31 09:23:45,657.6,171848
2021-05-31 09:23:46,657.9,172008
2021-05-31 09:23:47,658.0,172115
2021-05-31 09:23:48,657.95,172179
2021-05-31 09:23:49,657.95,172196
2021-05-31 09:23:50,657.95,172196
2021-05-31 09:23:52,658.0,172273
2021-05-31 09:23:52,657.95,172211
2021-05-31 09:23:53,658.0,172387
2021-05-31 09:23:54,658.0,172554
2021-05-31 09:23:55,657.7,172689
2021-05-31 09:23:56,658.0,173601
2021-05-31 09:23:57,658.5,174577
2021-05-31 09:23:58,658.35,174625
2021-05-31 09:23:59,657.8,174764
2021-05-31 09:24:00,657.95,174866
2021-05-31 09:24:02,657.75,174917
2021-05-31 09:24:04,657.6,177336
2021-05-31 09:24:03,657.65,176183
2021-05-31 09:24:05,657.65,177777
2021-05-31 09:24:06,657.45,180764
2021-05-31 09:24:07,657.05,180765
2021-05-31 09:24:08,657.25,182144
2021-05-31 09:24:09,657.35,182194
2021-05-31 09:24:10,657.35,182445
2021-05-31 09:24:11,657.2,182535
2021-05-31 09:24:12,657.05,182775
2021-05-31 09:24:13,657.2,182885
2021-05-31 09:24:14,657.0,182925
2021-05-31 09:24:15,657.1,183426
2021-05-31 09:24:16,657.4,183783
2021-05-31 09:24:17,657.0,183943
2021-05-31 09:24:18,657.0,184248
2021-05-31 09:24:19,657.0,184248
2021-05-31 09:24:20,657.35,184423
2021-05-31 09:24:21,657.2,184433
2021-05-31 09:24:22,657.15,184544
2021-05-31 09:24:23,657.1,184594
2021-05-31 09:24:24,657.4,185839
2021-05-31 09:24:25,657.15,186067
2021-05-31 09:24:26,657.1,186301
2021-05-31 09:24:27,657.3,186414
2021-05-31 09:24:28,657.3,186414
2021-05-31 09:24:29,657.2,186424
2021-05-31 09:24:30,657.1,186427
2021-05-31 09:24:31,657.05,186683
2021-05-31 09:24:32,657.3,186784
2021-05-31 09:24:33,657.05,187871
2021-05-31 09:24:34,657.05,187871
2021-05-31 09:24:35,657.25,187981
2021-05-31 09:24:36,657.3,188083
2021-05-31 09:24:37,657.6,188410
2021-05-31 09:24:38,657.3,188507
2021-05-31 09:24:39,657.3,188557
2021-05-31 09:24:40,657.25,188657
2021-05-31 09:24:41,657.2,188782
2021-05-31 09:24:42,657.2,188784
2021-05-31 09:24:43,657.2,188784
2021-05-31 09:24:44,657.2,188826
2021-05-31 09:24:45,657.2,189455
2021-05-31 09:24:46,657.7,190109
2021-05-31 09:24:47,657.3,190257
2021-05-31 09:24:48,657.7,190408
2021-05-31 09:24:49,657.7,190508
2021-05-31 09:24:50,657.6,190513
2021-05-31 09:24:51,657.6,190513
2021-05-31 09:24:52,657.2,190534
2021-05-31 09:24:53,657.65,191389
2021-05-31 09:24:54,657.4,191439
2021-05-31 09:24:58,657.65,193584
2021-05-31 09:25:00,657.6,193589
2021-05-31 09:25:01,657.2,193643
2021-05-31 09:25:02,657.4,193926
2021-05-31 09:25:03,657.5,193927
2021-05-31 09:25:04,657.45,193931
2021-05-31 09:25:05,657.4,193976
2021-05-31 09:25:06,657.15,194262
2021-05-31 09:25:07,657.1,194497
2021-05-31 09:25:08,657.0,194919
2021-05-31 09:25:09,657.25,194939
2021-05-31 09:25:10,656.75,197087
2021-05-31 09:25:11,656.75,197087
2021-05-31 09:25:12,656.75,197088
2021-05-31 09:25:13,656.85,197105
2021-05-31 09:25:14,656.85,197105
2021-05-31 09:25:15,656.85,197105
2021-05-31 09:25:16,656.85,197106
2021-05-31 09:25:17,656.8,197156
2021-05-31 09:25:18,656.8,197157
2021-05-31 09:25:19,656.75,197191
2021-05-31 09:25:20,656.75,197210
2021-05-31 09:25:21,656.05,198032
2021-05-31 09:25:22,656.45,198033
2021-05-31 09:25:23,656.35,198569
2021-05-31 09:25:23,656.45,199069
2021-05-31 09:25:24,656.45,199069
2021-05-31 09:25:26,656.0,199229
2021-05-31 09:25:27,656.3,200479
2021-05-31 09:25:28,655.8,200819
2021-05-31 09:25:29,655.8,200819
2021-05-31 09:25:30,656.2,200842
2021-05-31 09:25:31,656.1,201194
2021-05-31 09:25:32,656.1,201194
2021-05-31 09:25:33,656.1,201194
2021-05-31 09:25:34,655.95,201759
2021-05-31 09:25:35,655.95,202321
2021-05-31 09:25:36,656.0,202424
2021-05-31 09:25:37,656.0,202474
2021-05-31 09:25:38,655.95,202544
2021-05-31 09:25:39,655.5,202851
2021-05-31 09:25:40,655.7,202853
2021-05-31 09:25:41,655.55,202862
2021-05-31 09:25:42,655.55,202902
2021-05-31 09:25:43,655.6,203253
2021-05-31 09:25:44,655.7,203353
2021-05-31 09:25:45,655.7,203363
2021-05-31 09:25:46,655.85,203583
2021-05-31 09:25:48,655.55,204793
2021-05-31 09:25:49,655.85,204943
2021-05-31 09:25:50,655.85,204983
2021-05-31 09:25:51,655.8,204992
2021-05-31 09:25:52,655.55,205446
2021-05-31 09:25:53,655.85,205468
2021-05-31 09:25:54,655.85,206920
2021-05-31 09:25:55,655.85,206950
2021-05-31 09:25:56,655.55,207004
2021-05-31 09:25:57,655.7,207008
2021-05-31 09:25:58,655.7,207054
2021-05-31 09:25:59,655.7,207322
2021-05-31 09:26:00,655.85,207712
2021-05-31 09:26:01,655.6,207713
2021-05-31 09:26:02,655.75,207762
2021-05-31 09:26:03,655.75,207937
2021-05-31 09:26:04,655.6,207977
2021-05-31 09:26:05,655.9,208079
2021-05-31 09:26:06,655.8,208519
2021-05-31 09:26:07,655.8,208641
2021-05-31 09:26:08,655.65,208741
2021-05-31 09:26:09,655.7,208751
2021-05-31 09:26:10,655.8,208887
2021-05-31 09:26:11,655.8,208907
2021-05-31 09:26:12,655.75,208908
2021-05-31 09:26:13,655.8,209008
2021-05-31 09:26:14,655.75,209106
2021-05-31 09:26:15,655.8,209223
2021-05-31 09:26:16,655.8,210421
2021-05-31 09:26:17,655.8,210429
2021-05-31 09:26:18,655.8,210726
2021-05-31 09:26:19,655.8,210920
2021-05-31 09:26:20,655.7,210959
2021-05-31 09:26:21,655.75,211777
2021-05-31 09:26:22,655.7,211778
2021-05-31 09:26:23,655.6,211946
2021-05-31 09:26:24,655.6,211957
2021-05-31 09:26:25,655.8,212182
2021-05-31 09:26:26,655.8,212182
2021-05-31 09:26:28,656.0,213945
2021-05-31 09:26:27,656.1,212849
2021-05-31 09:26:29,656.0,215161
2021-05-31 09:26:30,656.15,215888
2021-05-31 09:26:31,656.5,216044
2021-05-31 09:26:32,656.2,216121
2021-05-31 09:26:33,656.65,216862
2021-05-31 09:26:34,656.25,216864
2021-05-31 09:26:35,656.25,216864
2021-05-31 09:26:36,656.25,217075
2021-05-31 09:26:37,656.15,217086
2021-05-31 09:26:38,656.4,217088
2021-05-31 09:26:39,656.3,218455
2021-05-31 09:26:40,656.3,218455
2021-05-31 09:26:41,655.85,218960
2021-05-31 09:26:42,656.2,218968
2021-05-31 09:26:43,656.2,218985
2021-05-31 09:26:44,656.7,221915
2021-05-31 09:26:45,656.7,221915
2021-05-31 09:26:46,655.9,222314
2021-05-31 09:26:47,656.7,223674
2021-05-31 09:26:48,656.35,223784
2021-05-31 09:26:49,656.3,224034
2021-05-31 09:26:50,656.3,224034
2021-05-31 09:26:51,656.2,224035
2021-05-31 09:26:52,656.9,228620
2021-05-31 09:26:53,656.4,229435
2021-05-31 09:26:54,656.4,229465
2021-05-31 09:26:55,656.4,229465
2021-05-31 09:26:56,656.7,229965
2021-05-31 09:26:57,656.7,230059
2021-05-31 09:26:58,656.3,230536
2021-05-31 09:26:59,656.4,232053
2021-05-31 09:27:00,657.0,232603
2021-05-31 09:27:01,656.5,232675
2021-05-31 09:27:02,656.45,232677
2021-05-31 09:27:03,657.0,236945
2021-05-31 09:27:04,656.85,238039
2021-05-31 09:27:05,656.85,238042
2021-05-31 09:27:06,656.85,238042
2021-05-31 09:27:07,657.05,239960
2021-05-31 09:27:08,657.0,240061
2021-05-31 09:27:09,657.0,241463
2021-05-31 09:27:10,657.0,241966
2021-05-31 09:27:11,657.05,242227
2021-05-31 09:27:12,656.7,242603
2021-05-31 09:27:13,657.0,242972
2021-05-31 09:27:14,657.0,243322
2021-05-31 09:27:15,657.0,243708
2021-05-31 09:27:16,657.0,243723
2021-05-31 09:27:18,657.0,243729
2021-05-31 09:27:17,657.0,243723
2021-05-31 09:27:19,657.0,243749
2021-05-31 09:27:20,657.0,244826
2021-05-31 09:27:21,657.15,244846
2021-05-31 09:27:22,657.0,244852
2021-05-31 09:27:23,657.45,245852
2021-05-31 09:27:24,657.0,245889
2021-05-31 09:27:25,657.3,245909
2021-05-31 09:27:26,657.3,245909
2021-05-31 09:27:27,657.3,245924
2021-05-31 09:27:28,657.3,245924
2021-05-31 09:27:29,657.0,245931
2021-05-31 09:27:30,657.0,246436
2021-05-31 09:27:31,657.25,246438
2021-05-31 09:27:32,657.0,246697
2021-05-31 09:27:33,657.1,246773
2021-05-31 09:27:34,657.0,246948
2021-05-31 09:27:35,657.0,246948
2021-05-31 09:27:36,657.0,247123
2021-05-31 09:27:37,657.0,247138
2021-05-31 09:27:38,657.1,247998
2021-05-31 09:27:39,657.0,247999
2021-05-31 09:27:40,657.0,247999
2021-05-31 09:27:41,657.0,248000
2021-05-31 09:27:42,657.0,248403
2021-05-31 09:27:43,657.0,248559
2021-05-31 09:27:44,657.0,248559
2021-05-31 09:27:45,657.05,249829
2021-05-31 09:27:46,657.0,250029
2021-05-31 09:27:47,656.85,250039
2021-05-31 09:27:48,657.0,251327
2021-05-31 09:27:49,657.0,252140
2021-05-31 09:27:50,657.2,252512
2021-05-31 09:27:51,657.0,252513
2021-05-31 09:27:53,657.0,252718
2021-05-31 09:27:53,657.0,252718
2021-05-31 09:27:54,657.1,252807
2021-05-31 09:27:55,657.05,252809
2021-05-31 09:27:56,657.0,252834
2021-05-31 09:27:57,657.0,252834
2021-05-31 09:27:58,657.0,253073
2021-05-31 09:27:59,657.0,253073
2021-05-31 09:28:00,657.1,253074
2021-05-31 09:28:01,657.0,253182
2021-05-31 09:28:02,657.2,253423
2021-05-31 09:28:03,657.2,253436
2021-05-31 09:28:04,657.2,253436
2021-05-31 09:28:05,657.45,253948
2021-05-31 09:28:06,657.1,254008
2021-05-31 09:28:07,657.15,254154
2021-05-31 09:28:08,657.15,254335
2021-05-31 09:28:09,657.4,254603
2021-05-31 09:28:10,657.4,254603
2021-05-31 09:28:11,657.55,254734
2021-05-31 09:28:12,657.5,255273
2021-05-31 09:28:14,657.4,255378
2021-05-31 09:28:14,657.55,255778
2021-05-31 09:28:15,657.45,255824
2021-05-31 09:28:16,657.4,255869
2021-05-31 09:28:17,657.4,255869
2021-05-31 09:28:18,657.4,256130
2021-05-31 09:28:19,657.4,256138
2021-05-31 09:28:20,657.4,256163
2021-05-31 09:28:21,657.5,256948
2021-05-31 09:28:22,657.2,257130
2021-05-31 09:28:23,657.4,257150
2021-05-31 09:28:25,657.5,257697
2021-05-31 09:28:28,657.5,258651
2021-05-31 09:28:29,657.5,258706
2021-05-31 09:28:31,657.5,258796
2021-05-31 09:28:32,657.5,259040
2021-05-31 09:28:33,657.5,261213
2021-05-31 09:28:35,657.85,261682
2021-05-31 09:28:35,657.85,261682
2021-05-31 09:28:37,657.85,261687
2021-05-31 09:28:38,657.85,261687
2021-05-31 09:28:39,657.85,261703
2021-05-31 09:28:40,657.85,261787
2021-05-31 09:28:40,657.85,261790
2021-05-31 09:28:41,657.8,261800
2021-05-31 09:28:42,657.8,261800
2021-05-31 09:28:43,657.5,262771
2021-05-31 09:28:44,657.85,263086
2021-05-31 09:28:45,657.85,263091
2021-05-31 09:28:46,657.5,263111
2021-05-31 09:28:47,657.5,263123
2021-05-31 09:28:48,657.8,263233
2021-05-31 09:28:49,657.8,263973
2021-05-31 09:28:50,657.55,264020
2021-05-31 09:28:51,657.55,264021
2021-05-31 09:28:52,657.95,264933
2021-05-31 09:28:53,657.95,264933
2021-05-31 09:28:54,657.95,264933
2021-05-31 09:28:55,657.5,264943
2021-05-31 09:28:56,657.5,265170
2021-05-31 09:28:57,657.8,265676
2021-05-31 09:28:58,657.8,265676
2021-05-31 09:28:59,657.8,265686
2021-05-31 09:29:00,657.8,265686
2021-05-31 09:29:01,657.75,265701
2021-05-31 09:29:02,657.75,265711
2021-05-31 09:29:03,657.75,266896
2021-05-31 09:29:04,657.6,267000
2021-05-31 09:29:05,657.75,267198
2021-05-31 09:29:07,657.75,267199
2021-05-31 09:29:07,657.75,267199
2021-05-31 09:29:08,657.7,267488
2021-05-31 09:29:09,657.7,267528
2021-05-31 09:29:10,657.7,267681
2021-05-31 09:29:12,657.55,267713
2021-05-31 09:29:12,657.55,267683
2021-05-31 09:29:13,657.55,267718
2021-05-31 09:29:14,657.75,268334
2021-05-31 09:29:16,657.55,272419
2021-05-31 09:29:16,657.55,272419
2021-05-31 09:29:17,657.55,272419
2021-05-31 09:29:18,657.55,272419
2021-05-31 09:29:19,657.55,272553
2021-05-31 09:29:20,657.55,273175
2021-05-31 09:29:21,657.55,273240
2021-05-31 09:29:22,657.55,273240
2021-05-31 09:29:23,657.5,273496
2021-05-31 09:29:24,657.5,273507
2021-05-31 09:29:25,657.05,274389
2021-05-31 09:29:26,657.35,274514
2021-05-31 09:29:27,657.35,274585
2021-05-31 09:29:28,657.0,275546
2021-05-31 09:29:29,657.0,275546
2021-05-31 09:29:30,657.15,275623
2021-05-31 09:29:31,657.0,275732
2021-05-31 09:29:32,657.15,275758
2021-05-31 09:29:33,657.15,276303
2021-05-31 09:29:34,657.15,276425
2021-05-31 09:29:37,657.05,276613
2021-05-31 09:29:38,657.0,276614
2021-05-31 09:29:39,657.0,276614
2021-05-31 09:29:40,657.45,277144
2021-05-31 09:29:41,657.0,277366
2021-05-31 09:29:42,656.7,278645
2021-05-31 09:29:43,656.55,278768
2021-05-31 09:29:44,656.7,278797
2021-05-31 09:29:45,656.9,278847
2021-05-31 09:29:46,656.8,278995
2021-05-31 09:29:47,656.8,279004
2021-05-31 09:29:48,656.8,279054
2021-05-31 09:29:49,657.1,279304
2021-05-31 09:29:51,656.75,279316
2021-05-31 09:29:52,657.0,279451
2021-05-31 09:29:52,656.75,279716
2021-05-31 09:29:53,656.95,279814
2021-05-31 09:29:55,656.95,280111
2021-05-31 09:29:56,657.1,280676
2021-05-31 09:29:56,657.1,280676
2021-05-31 09:29:57,657.1,280676
2021-05-31 09:29:58,656.75,280791
2021-05-31 09:29:59,656.75,280829
2021-05-31 09:30:00,656.9,280844
2021-05-31 09:30:01,656.9,280844
2021-05-31 09:30:02,657.05,281035
2021-05-31 09:30:03,656.8,281150
2021-05-31 09:30:04,657.0,281160
2021-05-31 09:30:05,657.0,281170
2021-05-31 09:30:06,656.9,281176
2021-05-31 09:30:07,656.9,281176
2021-05-31 09:30:08,656.85,281186
2021-05-31 09:30:09,656.85,281188
2021-05-31 09:30:10,656.9,281238
2021-05-31 09:30:11,657.0,281420
2021-05-31 09:30:12,657.45,281780
2021-05-31 09:30:13,657.0,281790
2021-05-31 09:30:14,657.0,281790
2021-05-31 09:30:15,657.35,281873
2021-05-31 09:30:16,657.35,281873
2021-05-31 09:30:17,657.5,282600
2021-05-31 09:30:18,657.5,282600
2021-05-31 09:30:19,657.5,282600
2021-05-31 09:30:20,657.35,282622
2021-05-31 09:30:21,657.5,282966
2021-05-31 09:30:22,657.25,282970
2021-05-31 09:30:23,657.5,283085
2021-05-31 09:30:24,657.5,283085
2021-05-31 09:30:25,657.25,283279
2021-05-31 09:30:26,657.45,283379
2021-05-31 09:30:27,657.3,283459
2021-05-31 09:30:28,657.9,284367
2021-05-31 09:30:29,657.5,285383
2021-05-31 09:30:30,657.95,285416
2021-05-31 09:30:32,657.75,285753
2021-05-31 09:30:33,657.75,285753
2021-05-31 09:30:34,657.65,286074
2021-05-31 09:30:35,657.45,286296
2021-05-31 09:30:35,657.45,286299
2021-05-31 09:30:37,657.7,287299
2021-05-31 09:30:38,657.65,287319
2021-05-31 09:30:39,657.65,287339
2021-05-31 09:30:40,657.45,287588
2021-05-31 09:30:41,657.45,287588
2021-05-31 09:30:43,657.55,287655
2021-05-31 09:30:44,657.55,287791
2021-05-31 09:30:45,657.55,287791
2021-05-31 09:30:46,657.5,287955
2021-05-31 09:30:47,657.45,288147
2021-05-31 09:30:47,657.5,288162
2021-05-31 09:30:48,657.5,288280
2021-05-31 09:30:49,657.7,288309
2021-05-31 09:30:50,657.45,288669
2021-05-31 09:30:51,657.65,288993
2021-05-31 09:30:53,657.75,292615
2021-05-31 09:30:54,657.75,292615
2021-05-31 09:30:55,657.2,292674
2021-05-31 09:30:55,657.4,292675
2021-05-31 09:30:56,657.4,292936
2021-05-31 09:30:57,657.4,293236
2021-05-31 09:30:58,657.55,294656
2021-05-31 09:30:59,657.5,294681
2021-05-31 09:31:00,657.25,294781
2021-05-31 09:31:01,657.35,295392
2021-05-31 09:31:02,657.4,295792
2021-05-31 09:31:03,656.95,296092
2021-05-31 09:31:04,657.5,296147
2021-05-31 09:31:05,657.15,296149
2021-05-31 09:31:06,657.25,296159
2021-05-31 09:31:07,657.25,296159
2021-05-31 09:31:08,657.25,296159
2021-05-31 09:31:09,657.0,296180
2021-05-31 09:31:10,657.0,296180
2021-05-31 09:31:11,656.95,296970
2021-05-31 09:31:12,657.0,296972
2021-05-31 09:31:13,657.0,297173
2021-05-31 09:31:14,656.95,298021
2021-05-31 09:31:15,657.0,298170
2021-05-31 09:31:16,657.0,298220
2021-05-31 09:31:17,657.0,298306
2021-05-31 09:31:18,657.25,298592
2021-05-31 09:31:19,656.9,298699
2021-05-31 09:31:20,656.95,298728
2021-05-31 09:31:21,657.2,298933
2021-05-31 09:31:22,657.2,298933
2021-05-31 09:31:23,656.95,299068
2021-05-31 09:31:24,657.1,299280
2021-05-31 09:31:25,657.1,299285
2021-05-31 09:31:26,656.9,299603
2021-05-31 09:31:27,656.95,299708
2021-05-31 09:31:28,656.9,299774
2021-05-31 09:31:29,656.9,299790
2021-05-31 09:31:30,656.0,301937
2021-05-31 09:31:31,656.0,301937
2021-05-31 09:31:32,655.8,302243
2021-05-31 09:31:34,655.9,302350
2021-05-31 09:31:34,655.85,302375
2021-05-31 09:31:36,656.15,302425
2021-05-31 09:31:37,656.15,302425
2021-05-31 09:31:37,656.0,302426
2021-05-31 09:31:38,655.8,302496
2021-05-31 09:31:39,656.2,302870
2021-05-31 09:31:41,656.0,302971
2021-05-31 09:31:42,656.0,303481
2021-05-31 09:31:42,655.8,303504
2021-05-31 09:31:43,655.85,303599
2021-05-31 09:31:44,655.85,303599
2021-05-31 09:31:45,655.85,303852
2021-05-31 09:31:46,656.15,304914
2021-05-31 09:31:47,655.8,304932
2021-05-31 09:31:48,655.8,305088
2021-05-31 09:31:49,656.2,305098
2021-05-31 09:31:50,656.2,305098
2021-05-31 09:31:51,656.2,305198
2021-05-31 09:31:52,655.7,306502
2021-05-31 09:31:53,656.0,306508
2021-05-31 09:31:54,656.0,306508
2021-05-31 09:31:55,655.75,306517
2021-05-31 09:31:56,655.7,307173
2021-05-31 09:31:57,655.65,307320
2021-05-31 09:31:58,655.8,307821
2021-05-31 09:31:59,656.15,307836
2021-05-31 09:32:00,656.15,307836
2021-05-31 09:32:01,656.15,307836
2021-05-31 09:32:02,656.0,307976
2021-05-31 09:32:03,656.0,308016
2021-05-31 09:32:04,655.85,308056
2021-05-31 09:32:05,655.85,308064
2021-05-31 09:32:06,655.85,308072
2021-05-31 09:32:07,655.85,308450
2021-05-31 09:32:08,656.0,308451
2021-05-31 09:32:09,655.85,308492
2021-05-31 09:32:10,656.2,308997
2021-05-31 09:32:11,656.25,309407
2021-05-31 09:32:12,656.2,309795
2021-05-31 09:32:13,656.0,310106
2021-05-31 09:32:14,655.85,310260
2021-05-31 09:32:15,655.85,311649
2021-05-31 09:32:16,655.85,311649
2021-05-31 09:32:17,655.8,311651
2021-05-31 09:32:18,655.85,312080
2021-05-31 09:32:19,655.85,312080
2021-05-31 09:32:20,655.85,312082
2021-05-31 09:32:21,655.85,312082
2021-05-31 09:32:22,655.65,312252
2021-05-31 09:32:23,655.85,312255
2021-05-31 09:32:24,655.8,312259
2021-05-31 09:32:25,655.65,312413
2021-05-31 09:32:26,656.15,312705
2021-05-31 09:32:27,655.7,313005
2021-05-31 09:32:28,655.7,313005
2021-05-31 09:32:29,655.7,313065
2021-05-31 09:32:30,655.7,313511
2021-05-31 09:32:31,655.7,313511
2021-05-31 09:32:32,655.7,313511
2021-05-31 09:32:33,655.8,313648
2021-05-31 09:32:35,655.85,313766
2021-05-31 09:32:36,655.85,313788
2021-05-31 09:32:37,655.85,313788
2021-05-31 09:32:38,655.85,313815
2021-05-31 09:32:38,655.85,313815
2021-05-31 09:32:39,655.9,313938
2021-05-31 09:32:40,655.9,313939
2021-05-31 09:32:41,655.85,313964
2021-05-31 09:32:42,655.9,313988
2021-05-31 09:32:44,656.0,314606
2021-05-31 09:32:44,656.0,314606
2021-05-31 09:32:45,656.0,314636
2021-05-31 09:32:46,655.85,314761
2021-05-31 09:32:47,655.85,314881
2021-05-31 09:32:49,655.95,315331
2021-05-31 09:32:50,655.95,315335
2021-05-31 09:32:50,655.95,315365
2021-05-31 09:32:52,655.95,315454
2021-05-31 09:32:52,655.95,315454
2021-05-31 09:32:53,656.0,315464
2021-05-31 09:32:54,655.95,315484
2021-05-31 09:32:55,655.95,315484
2021-05-31 09:32:56,655.95,315484
2021-05-31 09:32:57,655.95,315484
2021-05-31 09:32:59,656.0,315509
2021-05-31 09:32:59,655.95,315524
2021-05-31 09:33:01,655.95,316105
2021-05-31 09:33:02,656.15,316110
2021-05-31 09:33:03,655.95,316127
2021-05-31 09:33:03,655.95,316163
2021-05-31 09:33:05,655.95,316178
2021-05-31 09:33:06,655.95,316201
2021-05-31 09:33:07,655.95,316281
2021-05-31 09:33:07,655.95,316281
2021-05-31 09:33:08,655.95,316281
2021-05-31 09:33:09,656.0,316292
2021-05-31 09:33:10,655.95,316494
2021-05-31 09:33:11,656.0,316594
2021-05-31 09:33:12,656.0,316615
2021-05-31 09:33:13,655.95,316790
2021-05-31 09:33:14,656.0,316990
2021-05-31 09:33:15,656.0,317000
2021-05-31 09:33:16,655.85,317265
2021-05-31 09:33:17,655.9,317370
2021-05-31 09:33:18,655.8,317817
2021-05-31 09:33:19,655.95,317917
2021-05-31 09:33:20,655.8,318570
2021-05-31 09:33:21,655.95,318572
2021-05-31 09:33:24,655.95,318657
2021-05-31 09:33:26,655.8,318688
2021-05-31 09:33:28,655.8,318922
2021-05-31 09:33:29,655.8,318972
2021-05-31 09:33:30,655.8,319025
2021-05-31 09:33:31,655.8,319025
2021-05-31 09:33:32,655.8,319175
2021-05-31 09:33:35,655.8,320007
2021-05-31 09:33:36,655.85,320017
2021-05-31 09:33:37,655.8,320158
2021-05-31 09:33:38,655.8,320158
2021-05-31 09:33:39,655.8,320367
2021-05-31 09:33:40,655.8,320476
2021-05-31 09:33:41,655.8,320583
2021-05-31 09:33:41,655.85,320584
2021-05-31 09:33:42,655.85,320887
2021-05-31 09:33:43,655.7,321288
2021-05-31 09:33:44,655.85,321418
2021-05-31 09:33:45,655.85,321418
2021-05-31 09:33:46,655.85,321426
2021-05-31 09:33:47,655.85,321437
2021-05-31 09:33:48,655.8,321533
2021-05-31 09:33:49,655.8,321533
2021-05-31 09:33:50,655.85,321603
2021-05-31 09:33:51,655.85,321603
2021-05-31 09:33:52,655.8,321613
2021-05-31 09:33:53,655.85,321641
2021-05-31 09:33:54,655.85,321677
2021-05-31 09:33:55,655.85,321702
2021-05-31 09:33:58,655.6,323120
2021-05-31 09:33:58,655.6,323120
2021-05-31 09:33:59,655.9,323349
2021-05-31 09:34:00,655.9,323349
2021-05-31 09:34:02,655.85,323409
2021-05-31 09:34:03,655.85,323582
2021-05-31 09:34:04,655.9,323908
2021-05-31 09:34:05,655.9,324449
2021-05-31 09:34:06,655.95,324758
2021-05-31 09:34:07,655.85,324828
2021-05-31 09:34:08,655.85,324829
2021-05-31 09:34:08,655.85,324899
2021-05-31 09:34:09,655.65,324963
2021-05-31 09:34:11,655.6,325034
2021-05-31 09:34:11,655.7,325145
2021-05-31 09:34:12,655.7,325165
2021-05-31 09:34:14,655.65,325175
2021-05-31 09:34:14,655.65,325175
2021-05-31 09:34:17,655.7,325398
2021-05-31 09:34:18,655.7,325398
2021-05-31 09:34:19,655.7,325398
2021-05-31 09:34:19,655.7,325398
2021-05-31 09:34:20,655.6,325943
2021-05-31 09:34:21,655.6,326005
2021-05-31 09:34:22,655.6,326005
2021-05-31 09:34:24,655.6,326096
2021-05-31 09:34:25,655.6,326096
2021-05-31 09:34:26,655.6,326101
2021-05-31 09:34:27,655.6,326223
2021-05-31 09:34:28,655.6,326223
2021-05-31 09:34:30,655.6,326229
2021-05-31 09:34:31,655.6,326229
2021-05-31 09:34:34,655.55,326279
2021-05-31 09:34:36,655.5,326537
2021-05-31 09:34:38,655.55,327241
2021-05-31 09:34:40,655.5,327632
2021-05-31 09:34:41,655.3,327834
2021-05-31 09:34:42,655.5,328101
2021-05-31 09:34:43,655.5,328101
2021-05-31 09:34:43,655.5,328221
2021-05-31 09:34:44,655.5,328332
2021-05-31 09:34:46,655.5,328382
2021-05-31 09:34:47,655.8,328927
2021-05-31 09:34:48,655.7,329173
2021-05-31 09:34:49,655.7,329176
2021-05-31 09:34:50,655.7,329176
2021-05-31 09:34:51,655.5,329221
2021-05-31 09:34:52,655.4,329321
2021-05-31 09:34:53,655.35,329323
2021-05-31 09:34:54,655.35,329343
2021-05-31 09:34:55,655.4,329438
2021-05-31 09:34:56,655.4,329438
2021-05-31 09:34:57,655.4,329438
2021-05-31 09:34:58,655.5,329443
2021-05-31 09:34:59,655.4,329513
2021-05-31 09:35:00,655.4,329574
2021-05-31 09:35:01,655.45,329579
2021-05-31 09:35:02,655.45,329579
2021-05-31 09:35:03,655.4,329599
2021-05-31 09:35:04,655.4,329599
2021-05-31 09:35:04,655.4,329599
2021-05-31 09:35:05,655.4,329899
2021-05-31 09:35:06,655.45,330031
2021-05-31 09:35:07,655.4,330041
2021-05-31 09:35:08,655.4,330041
2021-05-31 09:35:09,655.5,330634
2021-05-31 09:35:10,655.5,330638
2021-05-31 09:35:12,655.55,330686
2021-05-31 09:35:13,655.6,331062
2021-05-31 09:35:13,655.6,331062
2021-05-31 09:35:15,655.8,331176
2021-05-31 09:35:16,655.7,331236
2021-05-31 09:35:17,655.8,331293
2021-05-31 09:35:18,655.8,331293
2021-05-31 09:35:19,655.8,331363
2021-05-31 09:35:20,656.0,331741
2021-05-31 09:35:21,655.8,331841
2021-05-31 09:35:22,655.8,331924
2021-05-31 09:35:23,656.0,331943
2021-05-31 09:35:24,656.0,331973
2021-05-31 09:35:25,656.0,331977
2021-05-31 09:35:26,655.95,332027
2021-05-31 09:35:27,655.95,332027
2021-05-31 09:35:28,655.95,332027
2021-05-31 09:35:29,656.0,332138
2021-05-31 09:35:30,656.0,332231
2021-05-31 09:35:31,656.25,332431
2021-05-31 09:35:32,656.0,332654
2021-05-31 09:35:33,656.0,332654
2021-05-31 09:35:33,656.0,332654
2021-05-31 09:35:34,656.0,332659
2021-05-31 09:35:38,656.05,332726
2021-05-31 09:35:43,656.2,333210
2021-05-31 09:35:49,656.9,334214
2021-05-31 09:35:54,656.55,334697
2021-05-31 09:35:59,656.5,335299
2021-05-31 09:36:04,656.5,335500
2021-05-31 09:36:09,656.45,335789
2021-05-31 09:36:15,656.5,335852
2021-05-31 09:36:26,656.2,336699
2021-05-31 09:36:31,656.25,336913
2021-05-31 09:36:37,656.35,337177
2021-05-31 09:36:42,656.6,337287
2021-05-31 09:36:47,656.45,338027
2021-05-31 09:36:53,656.65,339323
2021-05-31 09:36:58,656.7,341280
2021-05-31 09:37:08,656.5,341932
2021-05-31 09:37:13,656.5,343874
2021-05-31 09:37:18,656.0,346705
2021-05-31 09:37:23,655.7,346915
2021-05-31 09:37:28,656.0,347265
2021-05-31 09:37:34,656.05,347373
2021-05-31 09:37:39,655.95,348519
2021-05-31 09:37:45,656.0,349236
2021-05-31 09:37:50,656.2,349948
2021-05-31 09:37:55,656.2,350134
2021-05-31 09:38:01,656.45,350904
2021-05-31 09:38:06,656.65,351364
2021-05-31 09:38:12,656.45,351651
2021-05-31 09:38:17,656.4,352322
2021-05-31 09:38:23,656.3,352614
2021-05-31 09:38:27,656.3,352640
2021-05-31 09:38:37,656.1,352894
2021-05-31 09:38:42,656.45,353152
2021-05-31 09:38:47,656.35,353193
2021-05-31 09:38:53,656.4,353258
2021-05-31 09:38:58,656.1,353498
2021-05-31 09:39:03,656.2,353909
2021-05-31 09:39:09,656.4,354107
2021-05-31 09:39:14,656.4,354284
2021-05-31 09:39:19,656.2,354351
2021-05-31 09:39:24,656.2,354413
2021-05-31 09:39:29,656.1,354467
2021-05-31 09:39:35,656.4,355218
2021-05-31 09:39:40,656.1,355405
2021-05-31 09:39:45,656.1,355492
2021-05-31 09:39:50,656.35,355517
2021-05-31 09:39:55,656.0,356199
2021-05-31 09:40:00,656.05,356212
2021-05-31 09:40:06,656.0,356227
2021-05-31 09:40:11,656.05,356332
2021-05-31 09:40:16,656.2,356383
2021-05-31 09:40:21,656.2,356654
2021-05-31 09:40:27,656.25,356880
2021-05-31 09:40:32,656.25,357569
2021-05-31 09:40:37,656.25,357740
2021-05-31 09:40:42,656.25,358394
2021-05-31 09:40:47,656.0,358559
2021-05-31 09:40:53,656.0,359907
2021-05-31 09:40:58,655.95,360280
2021-05-31 09:41:03,655.6,360463
2021-05-31 09:41:08,656.1,361233
2021-05-31 09:41:13,655.65,361358
2021-05-31 09:41:18,656.15,363201
2021-05-31 09:41:23,656.3,364455
2021-05-31 09:41:28,655.7,364828
2021-05-31 09:41:33,655.7,365329
2021-05-31 09:41:38,655.55,365524
2021-05-31 09:41:43,655.65,366916
2021-05-31 09:41:48,655.8,366952
2021-05-31 09:41:53,655.8,367720
2021-05-31 09:41:59,655.5,368290
2021-05-31 09:42:04,655.75,369371
2021-05-31 09:42:10,655.75,369388
2021-05-31 09:42:15,655.85,369725
2021-05-31 09:42:20,656.0,370456
2021-05-31 09:42:26,655.85,370674
2021-05-31 09:42:31,655.9,370802
2021-05-31 09:42:37,655.85,370947
2021-05-31 09:42:42,655.85,371308
2021-05-31 09:42:47,655.95,371354
2021-05-31 09:42:52,655.9,371378
2021-05-31 09:42:57,656.1,372333
2021-05-31 09:43:02,656.4,373190
2021-05-31 09:43:07,656.35,373647
2021-05-31 09:43:12,656.2,374048
2021-05-31 09:43:17,656.0,374215
2021-05-31 09:43:22,655.95,374437
2021-05-31 09:43:27,656.5,375766
2021-05-31 09:43:33,656.25,375829
2021-05-31 09:43:38,656.25,375984
2021-05-31 09:43:43,656.1,376140
2021-05-31 09:43:48,656.2,376376
2021-05-31 09:43:53,656.1,376531
2021-05-31 09:43:58,655.9,376952
2021-05-31 09:44:03,656.1,376961
2021-05-31 09:44:08,656.0,377276
2021-05-31 09:44:13,656.0,377448
2021-05-31 09:44:18,656.25,377704
2021-05-31 09:44:23,656.0,377936
2021-05-31 09:44:28,656.4,378436
2021-05-31 09:44:33,656.1,378445
2021-05-31 09:44:38,656.1,378815
2021-05-31 09:44:43,656.45,378878
2021-05-31 09:44:48,656.4,378894
2021-05-31 09:44:53,656.4,379175
2021-05-31 09:44:58,656.45,379191
2021-05-31 09:45:02,656.4,379205
2021-05-31 09:45:13,656.25,380971
2021-05-31 09:45:18,656.2,381572
2021-05-31 09:45:23,656.35,381794
2021-05-31 09:45:28,656.3,381947
2021-05-31 09:45:34,656.1,382150
2021-05-31 09:45:39,656.0,382444
2021-05-31 09:45:44,656.0,383686
2021-05-31 09:45:49,655.8,385406
2021-05-31 09:45:53,656.05,385411
2021-05-31 09:45:58,655.75,385714
2021-05-31 09:46:03,655.5,386075
2021-05-31 09:46:08,655.55,386322
2021-05-31 09:46:14,655.7,388488
2021-05-31 09:46:19,655.5,390739
2021-05-31 09:46:24,655.0,395657
2021-05-31 09:46:29,654.0,406936
2021-05-31 09:46:34,654.15,409212
2021-05-31 09:46:39,653.7,411171
2021-05-31 09:46:45,653.65,412630
2021-05-31 09:46:50,653.65,414315
2021-05-31 09:46:55,653.7,416323
2021-05-31 09:47:00,654.05,417623
2021-05-31 09:47:05,653.9,419316
2021-05-31 09:47:10,653.6,420394
2021-05-31 09:47:14,653.6,421185
2021-05-31 09:47:19,653.5,422672
2021-05-31 09:47:24,653.6,423025
2021-05-31 09:47:30,653.6,423704
2021-05-31 09:47:35,653.65,425196
2021-05-31 09:47:40,653.95,426756
2021-05-31 09:47:45,653.55,426865
2021-05-31 09:47:50,653.75,427227
2021-05-31 09:47:55,653.5,428140
2021-05-31 09:47:59,653.65,428977
2021-05-31 09:48:04,653.6,430227
2021-05-31 09:48:09,653.55,430456
2021-05-31 09:48:14,653.6,430973
2021-05-31 09:48:20,654.25,432259
2021-05-31 09:48:25,654.35,432484
2021-05-31 09:48:30,654.4,434380
2021-05-31 09:48:35,654.3,434977
2021-05-31 09:48:40,655.0,437729
2021-05-31 09:48:45,654.7,438180
2021-05-31 09:48:49,654.75,438246
2021-05-31 09:48:54,654.7,439090
2021-05-31 09:48:59,654.3,439105
2021-05-31 09:49:03,654.1,439226
2021-05-31 09:49:08,653.95,439458
2021-05-31 09:49:12,654.3,439479
2021-05-31 09:49:17,653.95,439878
2021-05-31 09:49:22,654.0,441123
2021-05-31 09:49:27,654.15,441687
2021-05-31 09:49:31,654.3,441788
2021-05-31 09:49:36,654.0,441953
2021-05-31 09:49:41,653.95,442082
2021-05-31 09:49:46,653.95,442230
2021-05-31 09:49:51,653.55,445716
2021-05-31 09:49:56,653.6,447884
2021-05-31 09:50:02,653.45,448617
2021-05-31 09:50:07,653.5,449417
2021-05-31 09:50:11,653.65,449627
2021-05-31 09:50:17,653.85,450263
2021-05-31 09:50:22,653.5,450293
2021-05-31 09:50:26,653.65,450598
2021-05-31 09:50:31,653.5,451211
2021-05-31 09:50:36,653.7,451325
2021-05-31 09:50:37,653.65,451425
2021-05-31 09:50:38,653.65,451445
2021-05-31 09:50:39,653.65,451445
2021-05-31 09:50:40,653.9,451758
2021-05-31 09:50:41,653.9,451758
2021-05-31 09:50:42,653.8,451874
2021-05-31 09:50:43,653.6,451972
2021-05-31 09:50:44,653.55,452633
2021-05-31 09:50:45,653.55,452633
2021-05-31 09:50:46,653.55,452633
2021-05-31 09:50:47,653.55,452633
2021-05-31 09:50:48,653.55,452633
2021-05-31 09:50:49,653.65,452789
2021-05-31 09:50:52,653.9,452819
2021-05-31 09:50:53,653.85,452870
2021-05-31 09:50:54,653.65,453204
2021-05-31 09:50:55,654.05,454597
2021-05-31 09:50:56,654.05,454607
2021-05-31 09:50:57,654.3,454617
2021-05-31 09:50:57,654.3,454617
2021-05-31 09:50:58,654.3,454617
2021-05-31 09:50:59,653.9,455193
2021-05-31 09:51:00,653.9,455193
2021-05-31 09:51:02,654.15,455213
2021-05-31 09:51:03,654.0,455328
2021-05-31 09:51:04,654.0,455338
2021-05-31 09:51:05,653.85,455389
2021-05-31 09:51:06,653.85,455394
2021-05-31 09:51:07,653.85,455394
2021-05-31 09:51:08,653.7,455557
2021-05-31 09:51:09,653.7,455557
2021-05-31 09:51:10,653.85,455675
2021-05-31 09:51:11,653.85,455675
2021-05-31 09:51:11,653.85,455675
2021-05-31 09:51:12,654.0,455685
2021-05-31 09:51:13,654.0,455698
2021-05-31 09:51:14,654.0,455698
2021-05-31 09:51:15,653.95,455711
2021-05-31 09:51:16,653.9,455716
2021-05-31 09:51:17,653.9,455717
2021-05-31 09:51:18,653.9,455728
2021-05-31 09:51:19,653.85,455803
2021-05-31 09:51:20,653.85,456634
2021-05-31 09:51:21,653.85,456634
2021-05-31 09:51:22,654.0,456650
2021-05-31 09:51:23,654.0,456650
2021-05-31 09:51:24,654.0,456650
2021-05-31 09:51:25,654.0,456650
2021-05-31 09:51:26,653.9,456700
2021-05-31 09:51:27,653.95,456715
2021-05-31 09:51:28,653.95,456715
2021-05-31 09:51:29,653.95,456715
2021-05-31 09:51:30,653.9,456718
2021-05-31 09:51:31,653.9,456818
2021-05-31 09:51:32,653.9,456921
2021-05-31 09:51:33,653.9,456923
2021-05-31 09:51:34,654.05,457003
2021-05-31 09:51:35,654.0,457013
2021-05-31 09:51:36,654.0,457013
2021-05-31 09:51:37,654.0,457268
2021-05-31 09:51:38,654.0,457268
2021-05-31 09:51:39,653.9,457629
2021-05-31 09:51:40,653.9,457629
2021-05-31 09:51:41,653.85,457766
2021-05-31 09:51:42,653.85,457866
2021-05-31 09:51:43,653.85,457866
2021-05-31 09:51:44,654.2,458024
2021-05-31 09:51:45,653.45,469745
2021-05-31 09:51:46,653.45,469978
2021-05-31 09:51:48,653.5,470041
2021-05-31 09:51:49,653.5,470052
2021-05-31 09:51:50,653.5,470054
2021-05-31 09:51:51,653.5,470054
2021-05-31 09:51:51,653.5,470054
2021-05-31 09:51:52,653.5,470107
2021-05-31 09:51:54,653.45,470156
2021-05-31 09:51:55,653.45,470171
2021-05-31 09:51:55,653.45,470271
2021-05-31 09:51:57,653.2,472083
2021-05-31 09:51:58,653.05,472681
2021-05-31 09:51:59,653.05,472681
2021-05-31 09:52:00,653.2,472698
2021-05-31 09:52:01,653.05,472793
2021-05-31 09:52:02,653.0,476085
2021-05-31 09:52:02,653.0,476085
2021-05-31 09:52:03,652.8,477927
2021-05-31 09:52:04,652.8,478251
2021-05-31 09:52:05,652.8,478251
2021-05-31 09:52:06,653.2,479056
2021-05-31 09:52:07,652.5,480167
2021-05-31 09:52:08,652.5,480167
2021-05-31 09:52:11,652.35,480745
2021-05-31 09:52:13,652.25,480844
2021-05-31 09:52:14,651.45,491025
2021-05-31 09:52:15,651.7,492259
2021-05-31 09:52:15,651.7,492350
2021-05-31 09:52:16,652.1,493143
2021-05-31 09:52:17,652.05,493353
2021-05-31 09:52:18,652.05,494278
2021-05-31 09:52:19,652.4,494388
2021-05-31 09:52:20,652.4,494388
2021-05-31 09:52:21,652.35,496889
2021-05-31 09:52:23,652.2,497552
2021-05-31 09:52:24,652.15,497677
2021-05-31 09:52:25,652.15,497719
2021-05-31 09:52:26,652.15,497719
2021-05-31 09:52:27,652.6,498329
2021-05-31 09:52:28,652.6,498337
2021-05-31 09:52:30,653.0,500499
2021-05-31 09:52:31,652.7,500884
2021-05-31 09:52:32,652.6,501370
2021-05-31 09:52:33,652.75,501400
2021-05-31 09:52:33,653.0,501500
2021-05-31 09:52:34,653.0,501527
2021-05-31 09:52:35,652.95,501777
2021-05-31 09:52:36,652.7,501968
2021-05-31 09:52:37,652.85,501974
2021-05-31 09:52:38,652.65,502074
2021-05-31 09:52:40,652.65,502074
2021-05-31 09:52:41,652.5,502575
2021-05-31 09:52:42,653.0,502913
2021-05-31 09:52:43,652.85,503013
2021-05-31 09:52:44,652.7,503080
2021-05-31 09:52:44,652.7,503080
2021-05-31 09:52:45,652.5,503390
2021-05-31 09:52:46,652.85,503416
2021-05-31 09:52:47,652.55,503418
2021-05-31 09:52:48,652.8,503518
2021-05-31 09:52:50,652.8,503540
2021-05-31 09:52:51,652.75,503655
2021-05-31 09:52:52,652.35,503706
2021-05-31 09:52:53,652.3,503851
2021-05-31 09:52:54,652.6,503855
2021-05-31 09:52:55,652.35,503867
2021-05-31 09:52:56,652.2,504117
2021-05-31 09:52:57,652.55,504267
2021-05-31 09:52:58,652.55,504267
2021-05-31 09:52:59,652.55,504268
2021-05-31 09:53:00,652.55,504296
2021-05-31 09:53:01,652.55,504297
2021-05-31 09:53:02,652.25,504309
2021-05-31 09:53:03,652.25,504309
2021-05-31 09:53:04,652.25,504309
2021-05-31 09:53:06,652.25,504309
2021-05-31 09:53:06,652.25,504317
2021-05-31 09:53:07,652.35,504377
2021-05-31 09:53:08,652.25,504427
2021-05-31 09:53:09,652.3,504527
2021-05-31 09:53:10,652.25,504686
2021-05-31 09:53:11,652.3,504740
2021-05-31 09:53:12,652.45,505292
2021-05-31 09:53:13,652.4,505342
2021-05-31 09:53:14,652.45,505377
2021-05-31 09:53:16,652.45,505551
2021-05-31 09:53:16,652.45,505551
2021-05-31 09:53:18,652.45,505953
2021-05-31 09:53:19,652.45,505953
2021-05-31 09:53:20,652.25,506028
2021-05-31 09:53:20,652.25,506029
2021-05-31 09:53:21,652.25,506029
2021-05-31 09:53:23,652.25,506339
2021-05-31 09:53:23,652.25,506339
2021-05-31 09:53:24,652.25,506339
2021-05-31 09:53:25,652.25,506339
2021-05-31 09:53:27,652.45,506666
2021-05-31 09:53:27,652.45,506666
2021-05-31 09:53:28,652.25,506679
2021-05-31 09:53:30,652.45,506686
2021-05-31 09:53:30,652.35,506786
2021-05-31 09:53:32,652.35,506786
2021-05-31 09:53:33,652.35,506786
2021-05-31 09:53:34,652.25,506886
2021-05-31 09:53:35,652.6,507630
2021-05-31 09:53:36,652.65,507734
2021-05-31 09:53:37,652.45,507915
2021-05-31 09:53:38,652.45,508045
2021-05-31 09:53:39,652.45,508045
2021-05-31 09:53:39,652.45,508045
2021-05-31 09:53:40,652.55,508153
2021-05-31 09:53:42,652.55,508153
2021-05-31 09:53:42,652.55,508153
2021-05-31 09:53:44,652.5,508158
2021-05-31 09:53:45,652.8,509178
2021-05-31 09:53:46,652.75,509183
2021-05-31 09:53:46,652.75,509183
2021-05-31 09:53:47,652.45,509379
2021-05-31 09:53:48,652.45,509379
2021-05-31 09:53:49,652.45,509379
2021-05-31 09:53:50,652.45,509379
2021-05-31 09:53:51,652.5,509653
2021-05-31 09:53:52,652.45,509661
2021-05-31 09:53:53,652.5,510943
2021-05-31 09:53:54,652.25,512173
2021-05-31 09:53:55,652.45,512273
2021-05-31 09:53:57,652.5,512279
2021-05-31 09:53:58,652.5,512279
2021-05-31 09:53:59,652.25,512512
2021-05-31 09:54:00,652.25,512512
2021-05-31 09:54:01,652.45,512675
2021-05-31 09:54:02,652.25,512998
2021-05-31 09:54:03,652.25,512998
2021-05-31 09:54:04,652.35,513001
2021-05-31 09:54:04,652.35,513001
2021-05-31 09:54:05,652.35,513001
2021-05-31 09:54:06,652.35,513001
2021-05-31 09:54:07,652.25,513224
2021-05-31 09:54:08,652.25,513224
2021-05-31 09:54:10,652.25,513224
2021-05-31 09:54:11,652.25,513239
2021-05-31 09:54:12,652.25,513240
2021-05-31 09:54:13,652.25,513336
2021-05-31 09:54:14,652.3,513346
2021-05-31 09:54:15,652.3,513356
2021-05-31 09:54:15,652.3,513356
2021-05-31 09:54:16,652.3,513356
2021-05-31 09:54:17,652.3,513356
2021-05-31 09:54:18,652.3,513356
2021-05-31 09:54:19,652.3,513356
2021-05-31 09:54:20,652.25,513401
2021-05-31 09:54:21,652.5,513741
2021-05-31 09:54:22,652.5,513741
2021-05-31 09:54:23,652.3,513956
2021-05-31 09:54:24,652.5,513971
2021-05-31 09:54:25,652.5,513979
2021-05-31 09:54:26,652.5,513979
2021-05-31 09:54:27,652.35,514079
2021-05-31 09:54:28,652.4,514089
2021-05-31 09:54:30,652.35,514211
2021-05-31 09:54:31,652.35,514213
2021-05-31 09:54:32,652.4,514263
2021-05-31 09:54:33,652.35,514318
2021-05-31 09:54:33,652.4,514324
2021-05-31 09:54:34,652.35,514357
2021-05-31 09:54:35,652.4,514397
2021-05-31 09:54:36,652.4,514397
2021-05-31 09:54:37,652.4,514397
2021-05-31 09:54:39,652.4,514599
2021-05-31 09:54:41,652.35,514848
2021-05-31 09:54:42,652.35,514848
2021-05-31 09:54:43,652.35,514854
2021-05-31 09:54:44,652.35,514854
2021-05-31 09:54:44,652.35,514854
2021-05-31 09:54:45,652.35,514854
2021-05-31 09:54:46,652.35,515064
2021-05-31 09:54:47,652.4,515364
2021-05-31 09:54:48,652.25,516441
2021-05-31 09:54:49,652.25,516441
2021-05-31 09:54:51,652.3,516446
2021-05-31 09:54:52,652.3,516450
2021-05-31 09:54:53,652.3,516450
2021-05-31 09:54:54,652.25,516460
2021-05-31 09:54:55,652.25,516533
2021-05-31 09:54:56,652.3,516779
2021-05-31 09:54:57,652.3,516779
2021-05-31 09:54:58,652.3,516789
2021-05-31 09:54:59,652.3,516789
2021-05-31 09:55:00,652.25,517556
2021-05-31 09:55:01,652.25,517586
2021-05-31 09:55:02,652.0,519331
2021-05-31 09:55:02,652.25,517592
2021-05-31 09:55:03,652.2,519411
2021-05-31 09:55:04,652.2,519411
2021-05-31 09:55:05,652.05,519461
2021-05-31 09:55:06,651.95,519599
2021-05-31 09:55:07,652.05,519621
2021-05-31 09:55:09,651.8,520021
2021-05-31 09:55:10,651.85,520049
2021-05-31 09:55:10,651.85,520049
2021-05-31 09:55:11,651.85,520049
2021-05-31 09:55:13,652.2,520062
2021-05-31 09:55:14,652.2,520092
2021-05-31 09:55:14,652.0,520099
2021-05-31 09:55:15,652.0,520125
2021-05-31 09:55:16,652.25,520625
2021-05-31 09:55:18,651.95,520740
2021-05-31 09:55:19,651.95,520840
2021-05-31 09:55:20,651.9,521000
2021-05-31 09:55:20,651.9,521000
2021-05-31 09:55:22,651.8,521390
2021-05-31 09:55:23,651.8,521414
2021-05-31 09:55:23,651.8,521414
2021-05-31 09:55:25,651.8,521415
2021-05-31 09:55:26,651.8,521415
2021-05-31 09:55:27,651.8,521455
2021-05-31 09:55:28,651.9,521457
2021-05-31 09:55:28,651.9,521457
2021-05-31 09:55:30,651.85,521472
2021-05-31 09:55:31,651.85,521786
2021-05-31 09:55:32,651.8,522327
2021-05-31 09:55:33,651.8,522502
2021-05-31 09:55:34,651.9,522681
2021-05-31 09:55:35,651.8,522720
2021-05-31 09:55:35,651.8,522920
2021-05-31 09:55:36,651.8,522957
2021-05-31 09:55:38,651.85,523007
2021-05-31 09:55:39,651.85,523037
2021-05-31 09:55:40,651.8,523041
2021-05-31 09:55:41,651.8,523046
2021-05-31 09:55:42,651.8,523150
2021-05-31 09:55:43,651.8,523168
2021-05-31 09:55:44,651.8,523168
2021-05-31 09:55:45,651.8,523368
2021-05-31 09:55:47,651.75,525409
2021-05-31 09:55:49,651.75,525623
2021-05-31 09:55:49,651.5,525593
2021-05-31 09:55:50,651.75,525750
2021-05-31 09:55:51,651.5,525787
2021-05-31 09:55:52,651.5,525861
2021-05-31 09:55:54,651.5,526040
2021-05-31 09:55:56,651.5,526152
2021-05-31 09:55:57,651.5,526172
2021-05-31 09:55:58,651.45,526445
2021-05-31 09:55:59,651.45,527388
2021-05-31 09:56:00,651.45,527550
2021-05-31 09:56:01,651.2,527565
2021-05-31 09:56:02,651.5,527816
2021-05-31 09:56:02,651.25,527860
2021-05-31 09:56:03,651.5,527980
2021-05-31 09:56:05,651.25,528001
2021-05-31 09:56:06,651.45,529555
2021-05-31 09:56:07,651.45,529555
2021-05-31 09:56:08,651.35,530509
2021-05-31 09:56:09,651.05,531449
2021-05-31 09:56:10,651.0,532005
2021-05-31 09:56:11,651.0,532332
2021-05-31 09:56:12,651.0,532386
2021-05-31 09:56:13,651.0,532386
2021-05-31 09:56:13,651.2,532388
2021-05-31 09:56:14,651.25,532674
2021-05-31 09:56:15,651.0,532799
2021-05-31 09:56:16,651.35,533230
2021-05-31 09:56:18,651.0,533968
2021-05-31 09:56:19,651.0,534372
2021-05-31 09:56:20,651.0,534496
2021-05-31 09:56:21,651.05,535155
2021-05-31 09:56:22,651.05,535270
2021-05-31 09:56:22,651.05,535270
2021-05-31 09:56:23,651.3,535271
2021-05-31 09:56:24,651.25,535281
2021-05-31 09:56:25,651.05,535322
2021-05-31 09:56:27,651.05,535329
2021-05-31 09:56:28,651.25,535465
2021-05-31 09:56:29,651.3,535649
2021-05-31 09:56:30,651.3,536891
2021-05-31 09:56:31,651.5,539285
2021-05-31 09:56:32,651.15,539676
2021-05-31 09:56:33,651.5,539693
2021-05-31 09:56:34,651.5,539693
2021-05-31 09:56:35,651.35,539789
2021-05-31 09:56:36,651.25,539846
2021-05-31 09:56:37,651.35,539847
2021-05-31 09:56:38,651.3,540172
2021-05-31 09:56:38,651.3,540172
2021-05-31 09:56:40,651.5,540550
2021-05-31 09:56:41,651.15,540764
2021-05-31 09:56:42,651.15,540909
2021-05-31 09:56:43,651.45,540922
2021-05-31 09:56:44,651.4,540923
2021-05-31 09:56:45,651.1,541006
2021-05-31 09:56:46,651.5,541252
2021-05-31 09:56:47,651.15,541310
2021-05-31 09:56:48,651.45,541331
2021-05-31 09:56:49,651.15,541335
2021-05-31 09:56:50,651.15,541385
2021-05-31 09:56:51,651.15,541394
2021-05-31 09:56:52,651.35,541410
2021-05-31 09:56:54,651.2,541435
2021-05-31 09:56:54,651.2,541461
2021-05-31 09:56:55,651.15,541475
2021-05-31 09:56:56,651.1,541576
2021-05-31 09:56:59,651.1,541594
2021-05-31 09:57:00,651.1,541594
2021-05-31 09:57:01,651.2,542004
2021-05-31 09:57:02,651.0,542617
2021-05-31 09:57:03,651.0,542713
2021-05-31 09:57:04,651.0,543018
2021-05-31 09:57:05,651.0,543018
2021-05-31 09:57:06,651.0,543080
2021-05-31 09:57:07,651.1,543090
2021-05-31 09:57:08,651.15,543107
2021-05-31 09:57:09,651.15,543107
2021-05-31 09:57:10,651.3,543244
2021-05-31 09:57:11,651.3,543371
2021-05-31 09:57:12,651.15,543414
2021-05-31 09:57:13,651.1,543429
2021-05-31 09:57:14,651.15,543539
2021-05-31 09:57:15,651.1,543559
2021-05-31 09:57:16,651.15,543718
2021-05-31 09:57:17,651.15,543831
2021-05-31 09:57:18,651.1,543900
2021-05-31 09:57:19,651.1,543950
2021-05-31 09:57:20,651.1,543976
2021-05-31 09:57:21,651.1,544064
2021-05-31 09:57:22,651.0,544385
2021-05-31 09:57:23,651.0,544444
2021-05-31 09:57:24,651.1,544449
2021-05-31 09:57:25,651.0,544488
2021-05-31 09:57:26,651.15,544562
2021-05-31 09:57:27,651.15,544612
2021-05-31 09:57:28,651.1,544719
2021-05-31 09:57:29,651.1,544736
2021-05-31 09:57:30,651.2,544743
2021-05-31 09:57:31,651.2,544743
2021-05-31 09:57:32,651.15,544745
2021-05-31 09:57:33,651.1,544746
2021-05-31 09:57:34,651.1,544746
2021-05-31 09:57:35,651.15,544771
2021-05-31 09:57:36,651.25,544779
2021-05-31 09:57:37,651.1,544899
2021-05-31 09:57:38,651.1,544921
2021-05-31 09:57:40,651.2,544955
2021-05-31 09:57:42,651.3,544996
2021-05-31 09:57:43,651.2,545105
2021-05-31 09:57:44,651.2,545123
2021-05-31 09:57:45,651.3,545246
2021-05-31 09:57:46,651.2,545267
2021-05-31 09:57:47,651.2,545289
2021-05-31 09:57:48,651.2,545297
2021-05-31 09:57:49,651.3,545317
2021-05-31 09:57:50,651.25,545344
2021-05-31 09:57:51,651.25,545348
2021-05-31 09:57:52,651.25,545368
2021-05-31 09:57:53,651.35,545377
2021-05-31 09:57:55,651.25,545401
2021-05-31 09:57:56,651.4,545403
2021-05-31 09:57:57,651.45,545454
2021-05-31 09:57:58,651.4,545497
2021-05-31 09:57:59,651.15,545671
2021-05-31 09:58:00,651.3,545704
2021-05-31 09:58:01,651.3,545704
2021-05-31 09:58:02,651.45,545729
2021-05-31 09:58:03,651.5,545779
2021-05-31 09:58:04,651.3,545893
2021-05-31 09:58:05,651.3,545913
2021-05-31 09:58:06,651.3,545915
2021-05-31 09:58:07,651.4,545925
2021-05-31 09:58:09,651.3,545939
2021-05-31 09:58:10,651.3,545939
2021-05-31 09:58:11,651.3,545990
2021-05-31 09:58:12,651.4,546029
2021-05-31 09:58:15,651.3,546142
2021-05-31 09:58:17,651.3,546143
2021-05-31 09:58:18,651.3,546143
2021-05-31 09:58:20,651.3,546172
2021-05-31 09:58:21,651.4,546222
2021-05-31 09:58:22,651.3,546240
2021-05-31 09:58:23,651.3,546240
2021-05-31 09:58:24,651.4,546244
2021-05-31 09:58:25,651.4,546244
2021-05-31 09:58:26,651.4,546269
2021-05-31 09:58:27,651.3,546280
2021-05-31 09:58:28,651.4,546332
2021-05-31 09:58:30,651.3,546341
2021-05-31 09:58:29,651.3,546341
2021-05-31 09:58:31,651.4,546392
2021-05-31 09:58:32,651.4,546742
2021-05-31 09:58:33,651.35,546802
2021-05-31 09:58:34,651.35,546802
2021-05-31 09:58:35,651.35,546812
2021-05-31 09:58:36,651.5,546984
2021-05-31 09:58:37,651.5,547014
2021-05-31 09:58:38,651.5,547014
2021-05-31 09:58:39,651.5,547014
2021-05-31 09:58:40,651.7,547019
2021-05-31 09:58:41,651.5,547028
2021-05-31 09:58:42,651.75,547110
2021-05-31 09:58:43,651.75,547115
2021-05-31 09:58:44,651.5,547130
2021-05-31 09:58:45,651.75,547527
2021-05-31 09:58:46,651.75,547527
2021-05-31 09:58:47,651.5,547597
2021-05-31 09:58:48,651.5,547597
2021-05-31 09:58:49,651.5,547597
2021-05-31 09:58:50,651.65,547612
2021-05-31 09:58:51,651.65,547612
2021-05-31 09:58:54,651.6,547645
2021-05-31 09:58:55,651.6,547683
2021-05-31 09:58:57,651.6,547689
2021-05-31 09:58:56,651.6,547689
2021-05-31 09:58:58,651.9,547984
2021-05-31 09:58:59,651.85,548046
2021-05-31 09:59:00,651.85,548048
2021-05-31 09:59:01,651.85,548590
2021-05-31 09:59:02,651.85,549042
2021-05-31 09:59:03,651.85,549105
2021-05-31 09:59:04,651.85,549105
2021-05-31 09:59:05,651.9,549140
2021-05-31 09:59:06,651.9,550072
2021-05-31 09:59:07,651.9,550104
2021-05-31 09:59:08,651.85,550273
2021-05-31 09:59:09,651.85,551763
2021-05-31 09:59:10,651.6,551963
2021-05-31 09:59:11,651.7,552341
2021-05-31 09:59:12,651.7,552460
2021-05-31 09:59:13,651.55,552479
2021-05-31 09:59:14,651.6,552497
2021-05-31 09:59:15,651.6,552614
2021-05-31 09:59:16,651.6,552664
2021-05-31 09:59:17,651.7,552669
2021-05-31 09:59:18,652.0,552740
2021-05-31 09:59:19,651.9,552756
2021-05-31 09:59:20,651.9,552756
2021-05-31 09:59:21,652.0,552758
2021-05-31 09:59:22,651.9,552965
2021-05-31 09:59:23,651.9,553239
2021-05-31 09:59:24,651.7,553944
2021-05-31 09:59:25,651.85,554111
2021-05-31 09:59:26,651.6,554135
2021-05-31 09:59:27,651.6,554187
2021-05-31 09:59:28,651.9,554572
2021-05-31 09:59:29,651.85,554639
2021-05-31 09:59:30,651.85,554869
2021-05-31 09:59:31,651.9,554929
2021-05-31 09:59:32,651.85,554933
2021-05-31 09:59:33,651.85,554933
2021-05-31 09:59:34,651.85,554933
2021-05-31 09:59:35,651.85,554933
2021-05-31 09:59:36,651.85,555007
2021-05-31 09:59:37,651.85,555020
2021-05-31 09:59:38,651.85,555020
2021-05-31 09:59:40,651.9,555120
2021-05-31 09:59:40,651.85,555137
2021-05-31 09:59:41,651.9,555177
2021-05-31 09:59:43,652.0,555421
2021-05-31 09:59:43,651.85,555462
2021-05-31 09:59:44,651.85,555462
2021-05-31 09:59:46,652.0,555466
2021-05-31 09:59:46,651.85,555467
2021-05-31 09:59:47,651.85,555467
2021-05-31 09:59:48,652.0,555478
2021-05-31 09:59:49,651.85,555480
2021-05-31 09:59:51,652.0,555962
2021-05-31 09:59:51,652.0,555810
2021-05-31 09:59:52,652.0,555962
2021-05-31 09:59:53,651.85,556047
2021-05-31 09:59:55,652.0,556057
2021-05-31 09:59:56,651.85,556059
2021-05-31 09:59:57,652.0,556069
2021-05-31 09:59:57,651.9,556070
2021-05-31 09:59:58,651.95,556100
2021-05-31 09:59:59,652.0,556136
2021-05-31 10:00:01,652.0,556248
2021-05-31 10:00:02,651.9,556267
2021-05-31 10:00:03,652.0,556489
2021-05-31 10:00:04,652.0,556489
2021-05-31 10:00:05,651.85,557028
2021-05-31 10:00:06,651.85,557366
2021-05-31 10:00:07,652.0,557620
2021-05-31 10:00:09,651.85,557700
2021-05-31 10:00:09,651.85,557723
2021-05-31 10:00:10,652.0,557960
2021-05-31 10:00:11,651.95,558020
2021-05-31 10:00:12,651.9,558023
2021-05-31 10:00:13,652.2,561466
2021-05-31 10:00:14,651.9,562138
2021-05-31 10:00:15,651.9,562138
2021-05-31 10:00:17,651.9,562138
2021-05-31 10:00:17,652.25,562142
2021-05-31 10:00:18,652.25,562142
2021-05-31 10:00:19,651.95,562204
2021-05-31 10:00:20,651.85,562424
2021-05-31 10:00:22,651.95,562586
2021-05-31 10:00:22,651.95,562617
2021-05-31 10:00:23,651.9,562618
2021-05-31 10:00:24,651.9,562620
2021-05-31 10:00:25,651.85,563323
2021-05-31 10:00:26,651.95,563642
2021-05-31 10:00:27,652.05,564306
2021-05-31 10:00:28,651.95,564396
2021-05-31 10:00:29,652.05,564461
2021-05-31 10:00:30,652.05,564473
2021-05-31 10:00:31,652.0,564707
2021-05-31 10:00:33,652.05,564762
2021-05-31 10:00:34,652.05,564766
2021-05-31 10:00:35,652.1,564993
2021-05-31 10:00:36,652.1,564993
2021-05-31 10:00:36,652.1,564993
2021-05-31 10:00:37,652.05,565003
2021-05-31 10:00:38,652.1,565665
2021-05-31 10:00:39,652.05,565675
2021-05-31 10:00:41,652.05,565675
2021-05-31 10:00:41,652.05,565675
2021-05-31 10:00:42,652.35,566308
2021-05-31 10:00:43,652.05,566544
2021-05-31 10:00:44,652.05,566544
2021-05-31 10:00:45,652.05,566574
2021-05-31 10:00:46,652.05,566585
2021-05-31 10:00:47,652.05,566585
2021-05-31 10:00:48,652.05,566633
2021-05-31 10:00:49,652.2,566685
2021-05-31 10:00:50,652.1,566689
2021-05-31 10:00:51,652.1,566689
2021-05-31 10:00:52,652.05,566839
2021-05-31 10:00:53,652.05,566839
2021-05-31 10:00:54,652.3,567040
2021-05-31 10:00:55,652.3,567040
2021-05-31 10:00:56,652.3,567040
2021-05-31 10:00:58,652.35,567137
2021-05-31 10:00:58,652.35,567137
2021-05-31 10:00:59,652.4,567179
2021-05-31 10:01:00,652.4,567189
2021-05-31 10:01:02,652.1,567209
2021-05-31 10:01:02,652.25,567214
2021-05-31 10:01:03,652.1,567222
2021-05-31 10:01:04,652.4,567596
2021-05-31 10:01:05,652.45,568143
2021-05-31 10:01:06,652.45,568143
2021-05-31 10:01:07,652.3,568163
2021-05-31 10:01:08,652.3,568163
2021-05-31 10:01:09,652.3,568193
2021-05-31 10:01:11,652.3,568316
2021-05-31 10:01:11,652.3,568316
2021-05-31 10:01:12,652.35,568406
2021-05-31 10:01:13,652.35,568407
2021-05-31 10:01:14,652.3,568763
2021-05-31 10:01:15,652.1,568883
2021-05-31 10:01:16,652.3,568888
2021-05-31 10:01:18,652.3,568888
2021-05-31 10:01:18,652.1,568970
2021-05-31 10:01:19,651.95,571837
2021-05-31 10:01:20,652.15,571875
2021-05-31 10:01:21,652.1,572248
2021-05-31 10:01:22,652.2,572273
2021-05-31 10:01:23,652.2,572321
2021-05-31 10:01:24,652.1,572501
2021-05-31 10:01:25,652.2,572541
2021-05-31 10:01:26,652.2,572541
2021-05-31 10:01:27,652.2,572551
2021-05-31 10:01:28,652.1,572556
2021-05-31 10:01:29,652.15,572579
2021-05-31 10:01:30,652.15,572579
2021-05-31 10:01:31,652.05,572601
2021-05-31 10:01:32,652.0,572607
2021-05-31 10:01:33,652.0,572618
2021-05-31 10:01:34,652.0,572682
2021-05-31 10:01:35,652.0,572682
2021-05-31 10:01:36,652.0,572682
2021-05-31 10:01:37,652.0,572682
2021-05-31 10:01:38,652.1,574244
2021-05-31 10:01:39,652.1,574244
2021-05-31 10:01:40,651.85,575644
2021-05-31 10:01:41,651.85,575947
2021-05-31 10:01:42,651.85,575947
2021-05-31 10:01:43,651.85,575947
2021-05-31 10:01:45,651.85,575947
2021-05-31 10:01:46,651.85,576009
2021-05-31 10:01:47,651.85,576009
2021-05-31 10:01:48,651.85,576009
2021-05-31 10:01:48,651.85,576010
2021-05-31 10:01:49,651.85,576081
2021-05-31 10:01:50,651.75,576641
2021-05-31 10:01:51,651.8,576647
2021-05-31 10:01:53,651.8,576733
2021-05-31 10:01:53,651.8,576647
2021-05-31 10:01:54,651.75,576849
2021-05-31 10:01:55,651.8,576857
2021-05-31 10:01:57,651.85,576972
2021-05-31 10:01:58,651.8,577014
2021-05-31 10:01:59,651.8,577037
2021-05-31 10:02:00,651.8,577061
2021-05-31 10:02:01,651.5,580557
2021-05-31 10:02:02,651.5,580557
2021-05-31 10:02:02,651.5,581174
2021-05-31 10:02:03,651.5,581195
2021-05-31 10:02:04,651.5,581220
2021-05-31 10:02:05,651.5,581323
2021-05-31 10:02:06,651.5,581367
2021-05-31 10:02:07,651.5,581532
2021-05-31 10:02:08,651.5,581560
2021-05-31 10:02:09,651.6,581571
2021-05-31 10:02:10,651.5,581892
2021-05-31 10:02:11,651.5,581948
2021-05-31 10:02:12,651.65,581953
2021-05-31 10:02:13,651.5,582173
2021-05-31 10:02:14,651.5,582173
2021-05-31 10:02:15,651.55,582222
2021-05-31 10:02:16,651.55,582393
2021-05-31 10:02:17,651.55,582443
2021-05-31 10:02:18,651.5,582503
2021-05-31 10:02:19,651.5,582546
2021-05-31 10:02:20,651.5,582879
2021-05-31 10:02:21,651.5,582931
2021-05-31 10:02:22,651.45,582981
2021-05-31 10:02:23,651.6,583154
2021-05-31 10:02:25,651.3,583184
2021-05-31 10:02:26,651.4,585652
2021-05-31 10:02:26,651.1,584834
2021-05-31 10:02:28,651.4,585747
2021-05-31 10:02:29,651.05,585752
2021-05-31 10:02:30,651.05,585753
2021-05-31 10:02:31,651.3,586741
2021-05-31 10:02:32,651.0,587379
2021-05-31 10:02:33,650.5,593549
2021-05-31 10:02:33,650.5,593711
2021-05-31 10:02:34,650.2,595539
2021-05-31 10:02:35,650.3,595622
2021-05-31 10:02:36,650.55,595798
2021-05-31 10:02:37,650.3,596067
2021-05-31 10:02:38,650.3,596445
2021-05-31 10:02:39,650.25,596581
2021-05-31 10:02:40,650.2,596582
2021-05-31 10:02:41,650.6,597371
2021-05-31 10:02:42,650.35,597459
2021-05-31 10:02:43,650.85,597535
2021-05-31 10:02:44,650.5,597601
2021-05-31 10:02:45,650.9,597923
2021-05-31 10:02:46,650.85,598089
2021-05-31 10:02:48,650.5,598109
2021-05-31 10:02:49,650.9,598229
2021-05-31 10:02:50,650.55,598300
2021-05-31 10:02:51,650.55,598409
2021-05-31 10:02:52,650.55,598409
2021-05-31 10:02:53,650.9,598591
2021-05-31 10:02:54,650.9,598884
2021-05-31 10:02:55,650.8,599419
2021-05-31 10:02:55,651.05,599964
2021-05-31 10:02:56,651.2,600157
2021-05-31 10:02:57,651.0,600864
2021-05-31 10:02:58,650.9,601036
2021-05-31 10:02:59,650.8,601176
2021-05-31 10:03:00,650.7,601746
2021-05-31 10:03:02,650.65,601842
2021-05-31 10:03:03,650.9,601935
2021-05-31 10:03:04,650.9,601935
2021-05-31 10:03:05,650.7,602106
2021-05-31 10:03:06,650.9,602188
2021-05-31 10:03:07,650.6,602444
2021-05-31 10:03:08,650.65,602802
2021-05-31 10:03:09,651.0,602932
2021-05-31 10:03:09,650.7,603012
2021-05-31 10:03:10,650.7,603012
2021-05-31 10:03:12,651.0,603047
2021-05-31 10:03:13,651.0,603047
2021-05-31 10:03:13,650.65,603053
2021-05-31 10:03:15,650.8,603054
2021-05-31 10:03:15,650.8,603104
2021-05-31 10:03:16,650.7,603156
2021-05-31 10:03:17,650.7,603164
2021-05-31 10:03:18,650.7,603174
2021-05-31 10:03:19,650.7,603176
2021-05-31 10:03:20,650.7,603176
2021-05-31 10:03:21,650.95,603178
2021-05-31 10:03:22,650.85,603194
2021-05-31 10:03:24,650.7,603206
2021-05-31 10:03:25,650.7,603208
2021-05-31 10:03:26,651.0,603213
2021-05-31 10:03:27,650.95,603214
2021-05-31 10:03:28,650.7,603236
2021-05-31 10:03:28,650.7,603236
2021-05-31 10:03:30,651.0,603319
2021-05-31 10:03:30,651.0,603319
2021-05-31 10:03:31,650.7,603334
2021-05-31 10:03:32,651.0,603338
2021-05-31 10:03:33,650.7,603339
2021-05-31 10:03:34,651.0,603367
2021-05-31 10:03:35,650.95,603375
2021-05-31 10:03:36,650.7,603391
2021-05-31 10:03:37,650.7,603494
2021-05-31 10:03:38,651.0,603537
2021-05-31 10:03:39,650.75,603562
2021-05-31 10:03:41,650.95,603586
2021-05-31 10:03:42,650.7,603589
2021-05-31 10:03:43,650.7,603610
2021-05-31 10:03:43,650.7,603610
2021-05-31 10:03:44,650.7,603644
2021-05-31 10:03:46,650.7,603726
2021-05-31 10:03:47,650.7,603752
2021-05-31 10:03:48,650.7,603812
2021-05-31 10:03:48,651.0,603805
2021-05-31 10:03:49,650.7,603833
2021-05-31 10:03:50,650.7,603833
2021-05-31 10:03:52,650.7,603856
2021-05-31 10:03:52,650.7,603860
2021-05-31 10:03:53,651.0,603870
2021-05-31 10:03:54,650.7,603881
2021-05-31 10:03:55,650.75,604196
2021-05-31 10:03:56,651.15,604645
2021-05-31 10:03:57,650.8,604731
2021-05-31 10:03:58,650.8,604734
2021-05-31 10:03:59,650.8,604734
2021-05-31 10:04:01,651.15,605026
2021-05-31 10:04:01,651.15,605026
2021-05-31 10:04:03,650.85,605114
2021-05-31 10:04:04,650.8,605152
2021-05-31 10:04:04,651.0,605164
2021-05-31 10:04:06,651.2,605248
2021-05-31 10:04:07,650.8,605307
2021-05-31 10:04:08,650.8,605315
2021-05-31 10:04:09,650.75,605336
2021-05-31 10:04:10,650.8,605860
2021-05-31 10:04:11,650.85,605953
2021-05-31 10:04:12,650.85,606003
2021-05-31 10:04:13,651.2,606005
2021-05-31 10:04:13,651.0,606014
2021-05-31 10:04:14,651.0,606014
2021-05-31 10:04:16,651.15,606019
2021-05-31 10:04:17,651.1,606020
2021-05-31 10:04:18,651.0,606036
2021-05-31 10:04:19,651.0,606039
2021-05-31 10:04:19,651.0,606039
2021-05-31 10:04:20,651.2,606139
2021-05-31 10:04:21,651.0,606156
2021-05-31 10:04:22,651.0,606176
2021-05-31 10:04:23,651.0,606180
2021-05-31 10:04:24,650.9,606691
2021-05-31 10:04:25,650.9,606781
2021-05-31 10:04:26,651.0,606791
2021-05-31 10:04:27,650.9,606866
2021-05-31 10:04:28,650.9,606929
2021-05-31 10:04:30,650.9,606937
2021-05-31 10:04:30,650.9,606937
2021-05-31 10:04:31,650.9,606960
2021-05-31 10:04:32,650.85,607009
2021-05-31 10:04:34,650.85,607017
2021-05-31 10:04:35,650.9,607085
2021-05-31 10:04:36,650.9,607143
2021-05-31 10:04:36,650.9,607107
2021-05-31 10:04:37,651.15,607174
2021-05-31 10:04:38,650.9,607177
2021-05-31 10:04:39,651.05,607184
2021-05-31 10:04:40,650.9,607348
2021-05-31 10:04:41,650.9,607396
2021-05-31 10:04:42,651.2,607692
2021-05-31 10:04:43,651.2,607799
2021-05-31 10:04:44,651.2,607809
2021-05-31 10:04:45,651.2,607809
2021-05-31 10:04:46,651.2,607809
2021-05-31 10:04:47,651.25,607810
2021-05-31 10:04:48,651.2,607811
2021-05-31 10:04:49,651.2,607812
2021-05-31 10:04:50,651.2,607831
2021-05-31 10:04:51,651.2,607834
2021-05-31 10:04:52,651.25,607884
2021-05-31 10:04:53,651.2,607893
2021-05-31 10:04:55,651.4,608203
2021-05-31 10:04:56,651.4,608203
2021-05-31 10:04:56,651.25,608257
2021-05-31 10:04:57,651.4,608677
2021-05-31 10:04:59,651.25,608752
2021-05-31 10:05:00,651.25,608752
2021-05-31 10:05:01,651.25,608797
2021-05-31 10:05:02,651.25,609055
2021-05-31 10:05:03,651.25,609102
2021-05-31 10:05:03,651.25,609102
2021-05-31 10:05:04,651.25,609102
2021-05-31 10:05:05,651.25,609102
2021-05-31 10:05:06,651.25,609125
2021-05-31 10:05:07,651.25,609271
2021-05-31 10:05:08,651.25,609301
2021-05-31 10:05:10,651.25,609302
2021-05-31 10:05:11,651.6,609307
2021-05-31 10:05:13,651.6,609392
2021-05-31 10:05:12,651.6,609392
2021-05-31 10:05:14,651.6,609417
2021-05-31 10:05:15,651.3,609419
2021-05-31 10:05:16,651.55,609444
2021-05-31 10:05:17,651.55,609445
2021-05-31 10:05:18,651.3,609453
2021-05-31 10:05:19,651.3,609460
2021-05-31 10:05:20,651.55,609476
2021-05-31 10:05:21,651.3,609479
2021-05-31 10:05:22,651.3,609479
2021-05-31 10:05:23,651.3,609479
2021-05-31 10:05:24,651.3,609479
2021-05-31 10:05:26,651.3,609479
2021-05-31 10:05:27,651.3,609479
2021-05-31 10:05:28,651.3,609479
2021-05-31 10:05:29,651.35,609481
2021-05-31 10:05:30,651.45,609491
2021-05-31 10:05:31,651.4,609543
2021-05-31 10:05:32,651.4,609543
2021-05-31 10:05:33,651.4,609588
2021-05-31 10:05:34,651.4,609599
2021-05-31 10:05:34,651.4,609599
2021-05-31 10:05:35,651.4,609600
2021-05-31 10:05:36,651.6,609644
2021-05-31 10:05:37,651.4,609662
2021-05-31 10:05:38,651.4,609663
2021-05-31 10:05:39,651.35,609738
2021-05-31 10:05:40,651.45,609753
2021-05-31 10:05:41,651.6,609826
2021-05-31 10:05:43,651.4,609866
2021-05-31 10:05:43,651.4,609866
2021-05-31 10:05:44,651.4,609870
2021-05-31 10:05:45,651.4,609870
2021-05-31 10:05:47,651.5,610090
2021-05-31 10:05:48,651.4,610129
2021-05-31 10:05:49,651.4,610129
2021-05-31 10:05:50,651.55,610180
2021-05-31 10:05:50,651.55,610180
2021-05-31 10:05:51,651.4,610189
2021-05-31 10:05:53,651.55,610191
2021-05-31 10:05:54,651.4,610267
2021-05-31 10:05:54,651.55,610277
2021-05-31 10:05:55,651.4,610292
2021-05-31 10:05:57,651.4,610292
2021-05-31 10:05:58,651.6,610313
2021-05-31 10:05:59,651.4,610316
2021-05-31 10:06:00,651.4,610316
2021-05-31 10:06:01,651.4,610360
2021-05-31 10:06:02,651.4,610383
2021-05-31 10:06:03,651.4,610383
2021-05-31 10:06:04,651.4,610391
2021-05-31 10:06:05,651.6,610403
2021-05-31 10:06:06,651.4,610404
2021-05-31 10:06:07,651.4,610404
2021-05-31 10:06:08,651.4,610404
2021-05-31 10:06:09,651.4,610404
2021-05-31 10:06:10,651.4,610404
2021-05-31 10:06:11,651.4,610576
2021-05-31 10:06:12,651.4,610622
2021-05-31 10:06:13,651.4,610625
2021-05-31 10:06:13,651.45,610631
2021-05-31 10:06:14,651.4,610632
2021-05-31 10:06:15,651.65,610643
2021-05-31 10:06:17,651.4,610653
2021-05-31 10:06:18,651.4,610655
2021-05-31 10:06:19,651.7,610662
2021-05-31 10:06:20,651.5,610663
2021-05-31 10:06:21,651.5,610663
2021-05-31 10:06:22,651.5,610663
2021-05-31 10:06:23,651.5,610663
2021-05-31 10:06:24,651.7,610914
2021-05-31 10:06:25,651.5,610921
2021-05-31 10:06:26,651.5,610967
2021-05-31 10:06:27,651.75,611006
2021-05-31 10:06:28,651.5,611013
2021-05-31 10:06:29,651.7,611033
2021-05-31 10:06:30,651.5,611036
2021-05-31 10:06:31,651.5,611037
2021-05-31 10:06:32,651.5,611037
2021-05-31 10:06:33,651.5,611037
2021-05-31 10:06:34,651.5,611037
2021-05-31 10:06:35,651.5,611037
2021-05-31 10:06:36,651.5,611037
2021-05-31 10:06:37,651.55,611038
2021-05-31 10:06:37,651.5,611045
2021-05-31 10:06:39,651.5,611247
2021-05-31 10:06:40,651.85,611308
2021-05-31 10:06:42,651.55,611327
2021-05-31 10:06:43,651.95,611505
2021-05-31 10:06:44,651.65,611556
2021-05-31 10:06:45,652.0,611960
2021-05-31 10:06:46,652.0,611960
2021-05-31 10:06:47,651.65,612148
2021-05-31 10:06:48,651.7,612156
2021-05-31 10:06:49,651.85,612279
2021-05-31 10:06:50,651.55,612306
2021-05-31 10:06:51,651.55,612306
2021-05-31 10:06:52,651.55,612308
2021-05-31 10:06:53,651.7,612458
2021-05-31 10:06:54,651.6,612575
2021-05-31 10:06:55,651.65,612592
2021-05-31 10:06:56,651.65,612592
2021-05-31 10:06:57,651.95,612685
2021-05-31 10:06:57,651.95,612685
2021-05-31 10:06:59,651.8,612702
2021-05-31 10:07:00,652.0,612717
2021-05-31 10:07:01,652.0,612889
2021-05-31 10:07:02,651.8,612899
2021-05-31 10:07:03,652.0,612935
2021-05-31 10:07:04,651.75,612960
2021-05-31 10:07:05,651.75,612990
2021-05-31 10:07:07,651.75,612994
2021-05-31 10:07:08,651.75,612994
2021-05-31 10:07:09,651.75,612994
2021-05-31 10:07:10,651.75,612994
2021-05-31 10:07:10,651.95,612995
2021-05-31 10:07:11,651.75,613044
2021-05-31 10:07:12,651.75,613078
2021-05-31 10:07:13,651.75,613082
2021-05-31 10:07:14,651.75,613082
2021-05-31 10:07:15,652.0,613086
2021-05-31 10:07:16,651.75,613212
2021-05-31 10:07:18,651.75,613297
2021-05-31 10:07:19,651.75,613297
2021-05-31 10:07:20,651.75,613308
2021-05-31 10:07:21,651.75,613308
2021-05-31 10:07:22,651.75,613308
2021-05-31 10:07:23,651.8,613321
2021-05-31 10:07:24,651.75,613326
2021-05-31 10:07:25,651.75,613327
2021-05-31 10:07:26,651.75,613378
2021-05-31 10:07:27,652.0,613406
2021-05-31 10:07:28,651.75,613409
2021-05-31 10:07:29,651.75,613409
2021-05-31 10:07:30,651.75,613430
2021-05-31 10:07:31,651.8,613664
2021-05-31 10:07:32,651.85,613704
2021-05-31 10:07:33,652.25,613754
2021-05-31 10:07:34,651.9,613763
2021-05-31 10:07:34,651.9,613763
2021-05-31 10:07:35,652.25,613765
2021-05-31 10:07:36,652.0,613840
2021-05-31 10:07:37,652.0,613840
2021-05-31 10:07:38,652.0,613840
2021-05-31 10:07:40,652.2,613890
2021-05-31 10:07:41,652.2,613890
2021-05-31 10:07:42,652.2,613928
2021-05-31 10:07:43,651.85,613934
2021-05-31 10:07:44,651.8,614104
2021-05-31 10:07:45,651.8,614104
2021-05-31 10:07:46,652.2,614306
2021-05-31 10:07:48,652.25,614406
2021-05-31 10:07:49,652.25,614406
2021-05-31 10:07:50,652.25,614411
2021-05-31 10:07:51,651.95,614481
2021-05-31 10:07:52,651.95,614481
2021-05-31 10:07:53,652.25,614482
2021-05-31 10:07:54,652.25,614482
2021-05-31 10:07:55,652.25,614484
2021-05-31 10:07:56,651.9,614630
2021-05-31 10:07:57,652.25,614665
2021-05-31 10:07:58,652.0,614691
2021-05-31 10:08:00,652.0,614731
2021-05-31 10:08:01,652.0,614731
2021-05-31 10:08:02,652.2,614785
2021-05-31 10:08:03,652.0,614940
2021-05-31 10:08:04,652.2,614990
2021-05-31 10:08:05,652.15,615107
2021-05-31 10:08:06,651.9,615407
2021-05-31 10:08:07,651.9,615407
2021-05-31 10:08:08,652.05,615409
2021-05-31 10:08:09,652.0,615411
2021-05-31 10:08:10,651.85,615711
2021-05-31 10:08:11,652.05,615771
2021-05-31 10:08:12,652.1,615845
2021-05-31 10:08:13,652.25,615880
2021-05-31 10:08:14,652.0,616241
2021-05-31 10:08:16,651.95,616341
2021-05-31 10:08:15,652.0,616241
2021-05-31 10:08:17,651.95,616341
2021-05-31 10:08:18,652.25,616391
2021-05-31 10:08:19,652.25,616391
2021-05-31 10:08:20,652.25,616401
2021-05-31 10:08:21,652.4,616501
2021-05-31 10:08:22,652.4,616501
2021-05-31 10:08:23,652.4,616501
2021-05-31 10:08:24,652.4,616501
2021-05-31 10:08:25,652.0,616511
2021-05-31 10:08:26,652.35,616512
2021-05-31 10:08:27,652.35,616512
2021-05-31 10:08:28,652.35,616612
2021-05-31 10:08:29,652.3,616712
2021-05-31 10:08:31,652.4,617013
2021-05-31 10:08:30,652.4,617013
2021-05-31 10:08:32,652.35,617133
2021-05-31 10:08:33,652.35,617383
2021-05-31 10:08:34,652.35,617383
2021-05-31 10:08:35,652.3,617408
2021-05-31 10:08:36,652.3,617409
2021-05-31 10:08:37,652.4,618032
2021-05-31 10:08:38,652.05,618506
2021-05-31 10:08:39,652.05,618506
2021-05-31 10:08:40,652.05,618506
2021-05-31 10:08:41,652.05,618506
2021-05-31 10:08:42,652.3,618538
2021-05-31 10:08:43,652.3,618588
2021-05-31 10:08:44,652.45,618633
2021-05-31 10:08:45,652.3,618658
2021-05-31 10:08:46,652.3,618664
2021-05-31 10:08:47,652.3,618666
2021-05-31 10:08:48,652.3,618716
2021-05-31 10:08:49,652.3,618746
2021-05-31 10:08:50,652.1,618806
2021-05-31 10:08:51,652.6,619306
2021-05-31 10:08:52,652.6,619306
2021-05-31 10:08:53,652.2,619311
2021-05-31 10:08:54,652.1,619764
2021-05-31 10:08:55,652.1,619764
2021-05-31 10:08:56,652.1,619764
2021-05-31 10:08:57,652.45,619822
2021-05-31 10:08:58,652.4,619862
2021-05-31 10:08:59,652.4,619937
2021-05-31 10:09:01,652.15,619981
2021-05-31 10:09:02,652.15,619981
2021-05-31 10:09:04,652.45,620061
2021-05-31 10:09:05,652.45,620061
2021-05-31 10:09:06,652.45,620061
2021-05-31 10:09:07,652.45,620061
2021-05-31 10:09:08,652.3,620091
2021-05-31 10:09:09,652.3,620091
2021-05-31 10:09:10,652.3,620091
2021-05-31 10:09:11,652.3,620120
2021-05-31 10:09:12,652.35,620160
2021-05-31 10:09:13,652.35,620160
2021-05-31 10:09:14,652.35,620160
2021-05-31 10:09:15,652.15,620172
2021-05-31 10:09:16,652.1,620345
2021-05-31 10:09:17,652.1,620345
2021-05-31 10:09:18,652.2,620348
2021-05-31 10:09:19,652.4,621168
2021-05-31 10:09:20,652.4,621168
2021-05-31 10:09:22,652.4,621168
2021-05-31 10:09:23,652.2,621175
2021-05-31 10:09:24,652.2,621175
2021-05-31 10:09:25,652.2,621225
2021-05-31 10:09:26,652.35,621233
2021-05-31 10:09:27,652.35,621233
2021-05-31 10:09:28,652.25,621288
2021-05-31 10:09:29,652.25,621293
2021-05-31 10:09:30,652.25,621293
2021-05-31 10:09:31,652.25,621303
2021-05-31 10:09:32,652.35,621360
2021-05-31 10:09:33,652.5,621430
2021-05-31 10:09:34,652.4,621439
2021-05-31 10:09:35,652.4,621439
2021-05-31 10:09:36,652.05,625218
2021-05-31 10:09:37,652.0,625642
2021-05-31 10:09:38,652.25,625742
2021-05-31 10:09:39,652.25,625742
2021-05-31 10:09:40,652.25,625782
2021-05-31 10:09:41,652.25,625782
2021-05-31 10:09:42,652.0,625827
2021-05-31 10:09:43,652.25,626090
2021-05-31 10:09:44,652.0,626190
2021-05-31 10:09:45,652.0,626190
2021-05-31 10:09:46,652.0,626190
2021-05-31 10:09:47,652.1,626197
2021-05-31 10:09:48,652.1,626197
2021-05-31 10:09:49,652.05,626198
2021-05-31 10:09:50,652.05,626198
2021-05-31 10:09:51,652.05,626198
2021-05-31 10:09:52,652.0,626627
2021-05-31 10:09:53,652.1,626682
2021-05-31 10:09:54,652.1,626682
2021-05-31 10:09:55,652.1,626694
2021-05-31 10:09:56,652.1,626707
2021-05-31 10:09:57,652.2,626907
2021-05-31 10:09:58,652.0,626910
2021-05-31 10:09:59,652.0,626910
2021-05-31 10:10:00,652.2,626930
2021-05-31 10:10:01,652.0,626974
2021-05-31 10:10:02,652.0,626974
2021-05-31 10:10:03,652.2,627152
2021-05-31 10:10:04,652.2,627172
2021-05-31 10:10:05,652.2,627184
2021-05-31 10:10:06,652.2,627184
2021-05-31 10:10:07,652.1,627226
2021-05-31 10:10:08,652.1,627240
2021-05-31 10:10:09,652.25,627301
2021-05-31 10:10:11,652.2,627331
2021-05-31 10:10:11,652.2,627331
2021-05-31 10:10:12,652.1,627692
2021-05-31 10:10:13,652.1,627692
2021-05-31 10:10:14,652.1,627692
2021-05-31 10:10:15,652.1,627692
2021-05-31 10:10:16,652.1,627692
2021-05-31 10:10:17,652.1,627692
2021-05-31 10:10:18,652.1,627692
2021-05-31 10:10:19,652.1,627766
2021-05-31 10:10:20,652.1,627778
2021-05-31 10:10:21,652.15,627779
2021-05-31 10:10:22,652.15,627779
2021-05-31 10:10:23,652.15,627779
2021-05-31 10:10:26,652.1,627809
2021-05-31 10:10:26,652.1,627818
2021-05-31 10:10:27,652.25,627829
2021-05-31 10:10:28,652.25,627829
2021-05-31 10:10:29,652.25,627845
2021-05-31 10:10:30,652.25,627845
2021-05-31 10:10:31,652.15,627897
2021-05-31 10:10:32,652.15,627897
2021-05-31 10:10:33,652.25,627973
2021-05-31 10:10:35,652.15,628100
2021-05-31 10:10:34,652.1,628063
2021-05-31 10:10:40,652.25,628213
2021-05-31 10:10:44,652.25,628248
2021-05-31 10:10:49,652.25,628258
2021-05-31 10:10:53,652.25,628349
2021-05-31 10:10:57,652.45,628843
2021-05-31 10:11:01,652.1,629009
2021-05-31 10:11:05,652.2,629133
2021-05-31 10:11:09,652.2,629168
2021-05-31 10:11:12,652.45,629507
2021-05-31 10:11:16,652.2,629508
2021-05-31 10:11:19,652.3,629630
2021-05-31 10:11:24,652.2,629758
2021-05-31 10:11:28,652.25,629840
2021-05-31 10:11:33,652.1,629933
2021-05-31 10:11:38,652.4,630370
2021-05-31 10:11:42,652.4,630434
2021-05-31 10:11:47,652.25,630460
2021-05-31 10:11:51,652.25,630552
2021-05-31 10:11:55,652.3,630575
2021-05-31 10:11:58,652.3,630744
2021-05-31 10:12:02,652.45,631166
2021-05-31 10:12:07,652.35,631241
2021-05-31 10:12:11,652.3,632102
2021-05-31 10:12:15,652.3,632221
2021-05-31 10:12:20,652.25,632822
2021-05-31 10:12:24,652.35,632859
2021-05-31 10:12:28,652.3,632927
2021-05-31 10:12:32,652.3,632937
2021-05-31 10:12:35,652.3,633177
2021-05-31 10:12:39,652.3,633276
2021-05-31 10:12:43,652.3,633325
2021-05-31 10:12:47,652.5,634019
2021-05-31 10:12:51,652.35,634249
2021-05-31 10:12:55,652.5,634334
2021-05-31 10:12:58,652.4,634369
2021-05-31 10:13:06,652.25,635612
2021-05-31 10:13:10,652.25,636334
2021-05-31 10:13:14,652.5,636697
2021-05-31 10:13:19,653.0,641940
2021-05-31 10:13:23,652.75,644005
2021-05-31 10:13:27,652.7,645340
2021-05-31 10:13:31,652.7,645563
2021-05-31 10:13:35,652.65,645986
2021-05-31 10:13:39,652.7,646416
2021-05-31 10:13:43,652.7,646557
2021-05-31 10:13:47,652.7,646619
2021-05-31 10:13:50,652.65,646629
2021-05-31 10:13:54,652.9,647017
2021-05-31 10:13:58,652.9,647017
2021-05-31 10:14:01,652.65,647100
2021-05-31 10:14:06,652.95,647211
2021-05-31 10:14:10,653.05,647772
2021-05-31 10:14:14,653.05,648072
2021-05-31 10:14:18,653.0,648122
2021-05-31 10:14:22,652.7,649337
2021-05-31 10:14:26,652.85,649499
2021-05-31 10:14:30,652.95,649578
2021-05-31 10:14:34,652.75,649636
2021-05-31 10:14:38,653.05,650425
2021-05-31 10:14:42,652.75,651338
2021-05-31 10:14:46,652.8,651340
2021-05-31 10:14:50,652.8,651761
2021-05-31 10:14:55,652.75,652316
2021-05-31 10:14:59,652.8,652367
2021-05-31 10:15:03,652.75,653345
2021-05-31 10:15:07,652.8,653455
2021-05-31 10:15:12,653.05,653991
2021-05-31 10:15:16,653.0,654257
2021-05-31 10:15:20,653.05,654410
2021-05-31 10:15:23,653.0,655320
2021-05-31 10:15:28,652.9,655720
2021-05-31 10:15:32,653.0,656220
2021-05-31 10:15:36,652.95,656300
2021-05-31 10:15:40,652.95,656458
2021-05-31 10:15:43,653.0,656824
2021-05-31 10:15:47,653.0,656824
2021-05-31 10:15:50,653.0,656861
2021-05-31 10:15:54,653.0,656886
2021-05-31 10:15:58,652.9,656931
2021-05-31 10:16:01,652.9,657105
2021-05-31 10:16:05,652.9,657188
2021-05-31 10:16:10,652.9,657252
2021-05-31 10:16:15,652.95,657294
2021-05-31 10:16:19,652.95,657325
2021-05-31 10:16:23,652.55,659780
2021-05-31 10:16:27,652.55,660603
2021-05-31 10:16:32,652.9,660760
2021-05-31 10:16:36,652.85,661097
2021-05-31 10:16:40,652.85,661575
2021-05-31 10:16:44,652.85,661575
2021-05-31 10:16:48,652.6,661607
2021-05-31 10:16:52,652.55,661674
2021-05-31 10:16:56,652.55,661674
2021-05-31 10:17:00,652.6,661714
2021-05-31 10:17:04,652.6,661799
2021-05-31 10:17:08,652.6,661824
2021-05-31 10:17:13,652.55,661930
2021-05-31 10:17:17,652.6,661955
2021-05-31 10:17:21,652.6,662013
2021-05-31 10:17:25,652.55,662038
2021-05-31 10:17:29,652.55,662047
2021-05-31 10:17:32,652.55,662147
2021-05-31 10:17:36,652.55,662222
2021-05-31 10:17:41,652.5,662230
2021-05-31 10:17:45,652.55,662290
2021-05-31 10:17:50,652.5,662436
2021-05-31 10:17:58,652.5,662565
2021-05-31 10:18:02,652.5,662751
2021-05-31 10:18:05,652.5,663807
2021-05-31 10:18:11,652.45,664369
2021-05-31 10:18:15,652.5,664370
2021-05-31 10:18:20,652.45,664710
2021-05-31 10:18:24,652.4,664840
2021-05-31 10:18:28,652.6,666434
2021-05-31 10:18:32,652.85,667242
2021-05-31 10:18:36,652.8,667316
2021-05-31 10:18:41,652.85,667346
2021-05-31 10:18:45,652.85,667346
2021-05-31 10:18:50,652.4,668060
2021-05-31 10:18:53,652.6,668085
2021-05-31 10:18:57,652.75,668399
2021-05-31 10:19:02,652.4,668860
2021-05-31 10:19:06,652.8,668987
2021-05-31 10:19:09,652.4,669257
2021-05-31 10:19:13,652.6,669300
2021-05-31 10:19:17,652.45,669425
2021-05-31 10:19:21,652.5,669485
2021-05-31 10:19:25,652.5,669529
2021-05-31 10:19:29,652.5,669543
2021-05-31 10:19:34,652.5,669619
2021-05-31 10:19:38,652.7,670659
2021-05-31 10:19:41,652.2,672570
2021-05-31 10:19:45,652.0,673303
2021-05-31 10:19:49,652.0,673382
2021-05-31 10:19:52,652.2,673394
2021-05-31 10:20:00,652.0,673681
2021-05-31 10:20:05,651.95,676990
2021-05-31 10:20:09,651.95,677454
2021-05-31 10:20:13,651.95,677484
2021-05-31 10:20:16,651.95,677622
2021-05-31 10:20:20,651.9,677715
2021-05-31 10:20:24,651.8,677778
2021-05-31 10:20:28,651.7,677927
2021-05-31 10:20:31,651.9,678056
2021-05-31 10:20:35,651.9,678297
2021-05-31 10:20:38,651.85,678637
2021-05-31 10:20:43,651.6,678702
2021-05-31 10:20:47,651.5,678970
2021-05-31 10:20:51,651.8,679145
2021-05-31 10:20:55,651.8,679152
2021-05-31 10:21:00,651.65,679238
2021-05-31 10:21:04,651.75,679358
2021-05-31 10:21:08,651.85,679374
2021-05-31 10:21:12,651.8,679393
2021-05-31 10:21:17,652.1,680005
2021-05-31 10:21:21,652.55,680585
2021-05-31 10:21:24,652.55,680610
2021-05-31 10:21:28,652.35,681298
2021-05-31 10:21:32,652.25,682326
2021-05-31 10:21:36,652.35,682528
2021-05-31 10:21:40,652.4,682610
2021-05-31 10:21:44,652.2,682644
2021-05-31 10:21:47,652.4,682810
2021-05-31 10:21:52,652.8,683319
2021-05-31 10:21:57,652.8,683847
2021-05-31 10:22:01,652.75,684705
2021-05-31 10:22:05,652.75,684782
2021-05-31 10:22:09,652.75,684789
2021-05-31 10:22:13,652.95,685348
2021-05-31 10:22:17,652.95,685348
2021-05-31 10:22:21,652.95,685468
2021-05-31 10:22:25,652.8,686531
2021-05-31 10:22:29,652.95,691904
2021-05-31 10:22:33,653.25,694309
2021-05-31 10:22:36,652.75,694464
2021-05-31 10:22:40,652.85,694772
2021-05-31 10:22:44,652.75,695190
2021-05-31 10:22:47,652.65,695678
2021-05-31 10:22:51,652.9,695910
2021-05-31 10:22:55,652.9,695910
2021-05-31 10:22:58,653.3,697490
2021-05-31 10:23:02,653.1,698955
2021-05-31 10:23:06,653.25,699102
2021-05-31 10:23:10,653.2,699143
2021-05-31 10:23:14,653.15,699341
2021-05-31 10:23:18,653.1,699727
2021-05-31 10:23:21,653.0,699805
2021-05-31 10:23:25,653.35,699809
2021-05-31 10:23:28,652.8,701374
2021-05-31 10:23:32,653.3,701942
2021-05-31 10:23:36,653.3,702250
2021-05-31 10:23:40,653.25,702417
2021-05-31 10:23:44,653.05,702630
2021-05-31 10:23:48,653.3,702933
2021-05-31 10:23:51,653.25,703195
2021-05-31 10:23:55,653.05,703415
2021-05-31 10:23:58,653.1,704206
2021-05-31 10:24:02,653.45,704971
2021-05-31 10:24:06,653.05,705072
2021-05-31 10:24:09,653.1,705273
2021-05-31 10:24:13,653.45,705353
2021-05-31 10:24:17,653.1,705520
2021-05-31 10:24:21,653.5,705772
2021-05-31 10:24:25,653.8,707367
2021-05-31 10:24:28,653.35,708360
2021-05-31 10:24:31,653.9,708925
2021-05-31 10:24:35,653.55,709184
2021-05-31 10:24:38,653.6,709412
2021-05-31 10:24:42,653.75,709523
2021-05-31 10:24:45,653.65,709538
2021-05-31 10:24:49,653.9,710077
2021-05-31 10:24:52,653.9,710412
2021-05-31 10:24:55,653.9,710457
2021-05-31 10:24:59,653.75,710476
2021-05-31 10:25:02,653.65,711083
2021-05-31 10:25:06,653.6,712845
2021-05-31 10:25:09,653.6,713333
2021-05-31 10:25:13,653.9,713961
2021-05-31 10:25:17,653.85,714685
2021-05-31 10:25:21,653.85,714744
2021-05-31 10:25:25,654.2,717880
2021-05-31 10:25:28,654.3,718663
2021-05-31 10:25:31,654.2,718844
2021-05-31 10:25:35,654.05,719195
2021-05-31 10:25:39,654.1,719287
2021-05-31 10:25:43,654.2,719563
2021-05-31 10:25:47,654.05,720348
2021-05-31 10:25:50,654.15,722092
2021-05-31 10:25:53,654.05,722277
2021-05-31 10:25:57,654.0,724145
2021-05-31 10:26:01,653.65,724619
2021-05-31 10:26:05,653.6,724911
2021-05-31 10:26:09,653.7,724950
2021-05-31 10:26:13,653.35,725386
2021-05-31 10:26:16,653.7,725591
2021-05-31 10:26:20,653.7,725717
2021-05-31 10:26:23,653.6,725760
2021-05-31 10:26:27,653.5,725891
2021-05-31 10:26:31,653.5,725979
2021-05-31 10:26:35,653.75,726148
2021-05-31 10:26:38,653.5,726181
2021-05-31 10:26:42,653.65,726254
2021-05-31 10:26:46,653.8,727836
2021-05-31 10:26:49,653.75,727950
2021-05-31 10:26:53,653.65,728020
2021-05-31 10:26:57,653.6,728072
2021-05-31 10:27:00,653.85,728102
2021-05-31 10:27:03,653.7,728182
2021-05-31 10:27:06,653.7,728347
2021-05-31 10:27:10,653.45,731489
2021-05-31 10:27:14,653.45,731516
2021-05-31 10:27:18,653.6,731927
2021-05-31 10:27:22,653.65,732133
2021-05-31 10:27:26,653.55,732206
2021-05-31 10:27:29,653.7,732224
2021-05-31 10:27:33,653.6,732352
2021-05-31 10:27:37,653.6,732352
2021-05-31 10:27:44,653.65,732506
2021-05-31 10:27:47,653.65,732640
2021-05-31 10:27:50,653.6,732682
2021-05-31 10:27:54,653.65,732719
2021-05-31 10:27:57,653.6,732747
2021-05-31 10:28:01,653.6,732841
2021-05-31 10:28:05,653.7,733227
2021-05-31 10:28:08,654.0,736399
2021-05-31 10:28:12,653.65,737275
2021-05-31 10:28:15,653.85,737371
2021-05-31 10:28:19,653.75,737596
2021-05-31 10:28:24,653.75,737654
2021-05-31 10:28:27,653.75,737766
2021-05-31 10:28:31,653.75,737822
2021-05-31 10:28:35,653.8,737979
2021-05-31 10:28:38,653.8,737979
2021-05-31 10:28:42,653.7,738101
2021-05-31 10:28:45,653.85,738111
2021-05-31 10:28:49,653.85,738140
2021-05-31 10:28:52,654.0,738366
2021-05-31 10:28:56,653.95,738582
2021-05-31 10:28:59,653.9,749604
2021-05-31 10:29:02,654.2,749916
2021-05-31 10:29:06,654.05,749942
2021-05-31 10:29:10,654.1,750657
2021-05-31 10:29:13,654.1,750667
2021-05-31 10:29:16,654.1,750877
2021-05-31 10:29:20,654.1,750986
2021-05-31 10:29:23,654.1,751576
2021-05-31 10:29:26,654.25,754282
2021-05-31 10:29:30,653.75,755433
2021-05-31 10:29:34,654.0,755846
2021-05-31 10:29:38,653.9,755859
2021-05-31 10:29:42,653.65,757253
2021-05-31 10:29:46,653.85,757369
2021-05-31 10:29:50,653.7,757475
2021-05-31 10:29:53,653.8,757553
2021-05-31 10:29:56,653.7,757670
2021-05-31 10:30:00,653.7,758034
2021-05-31 10:30:03,653.85,758205
2021-05-31 10:30:11,654.0,758606
2021-05-31 10:30:15,654.0,758606
2021-05-31 10:30:19,653.95,758635
2021-05-31 10:30:23,653.9,758770
2021-05-31 10:30:26,653.95,758834
2021-05-31 10:30:29,653.95,758838
2021-05-31 10:30:33,653.95,758838
2021-05-31 10:30:35,653.9,758858
2021-05-31 10:30:36,654.0,758908
2021-05-31 10:30:37,653.95,758938
2021-05-31 10:30:38,653.95,758938
2021-05-31 10:30:39,653.95,758938
2021-05-31 10:30:40,653.95,758943
2021-05-31 10:30:41,653.95,758943
2021-05-31 10:30:42,653.95,758943
2021-05-31 10:30:43,654.0,759043
2021-05-31 10:30:44,654.0,759043
2021-05-31 10:30:45,653.95,759053
2021-05-31 10:30:46,653.95,759053
2021-05-31 10:30:49,653.95,759377
2021-05-31 10:30:50,653.95,759382
2021-05-31 10:30:51,653.8,759403
2021-05-31 10:30:52,653.9,759408
2021-05-31 10:30:54,653.75,760117
2021-05-31 10:30:53,653.75,760117
2021-05-31 10:30:55,653.9,760367
2021-05-31 10:30:56,653.5,763918
2021-05-31 10:30:57,653.45,765250
2021-05-31 10:30:58,653.5,766812
2021-05-31 10:30:59,653.4,766897
2021-05-31 10:31:00,653.4,766905
2021-05-31 10:31:01,653.45,766979
2021-05-31 10:31:02,653.4,767000
2021-05-31 10:31:03,653.45,767024
2021-05-31 10:31:04,653.45,767024
2021-05-31 10:31:05,653.4,767100
2021-05-31 10:31:06,653.45,767166
2021-05-31 10:31:08,653.4,767542
2021-05-31 10:31:07,653.4,767542
2021-05-31 10:31:09,653.4,767562
2021-05-31 10:31:10,653.5,767720
2021-05-31 10:31:11,653.5,767720
2021-05-31 10:31:12,653.5,767720
2021-05-31 10:31:13,653.45,767791
2021-05-31 10:31:14,653.5,767911
2021-05-31 10:31:15,653.5,767911
2021-05-31 10:31:16,653.5,767911
2021-05-31 10:31:17,653.5,767911
2021-05-31 10:31:18,653.4,767942
2021-05-31 10:31:20,653.5,767972
2021-05-31 10:31:19,653.5,767972
2021-05-31 10:31:21,653.5,767972
2021-05-31 10:31:22,653.45,767982
2021-05-31 10:31:23,653.4,768006
2021-05-31 10:31:24,653.7,768156
2021-05-31 10:31:25,653.4,768186
2021-05-31 10:31:26,653.4,768196
2021-05-31 10:31:27,653.4,768196
2021-05-31 10:31:28,653.45,768201
2021-05-31 10:31:29,653.45,768208
2021-05-31 10:31:31,653.45,768208
2021-05-31 10:31:32,653.45,768208
2021-05-31 10:31:33,653.65,768566
2021-05-31 10:31:34,653.45,768895
2021-05-31 10:31:35,653.4,768897
2021-05-31 10:31:36,653.4,768897
2021-05-31 10:31:37,653.5,768997
2021-05-31 10:31:38,653.5,769200
2021-05-31 10:31:39,653.4,769231
2021-05-31 10:31:40,653.4,769231
2021-05-31 10:31:41,653.4,769231
2021-05-31 10:31:43,653.4,769280
2021-05-31 10:31:44,653.4,769280
2021-05-31 10:31:45,653.45,769288
2021-05-31 10:31:45,653.4,769280
2021-05-31 10:31:46,653.5,769388
2021-05-31 10:31:47,653.4,769409
2021-05-31 10:31:48,653.4,769409
2021-05-31 10:31:49,653.4,769430
2021-05-31 10:31:50,653.4,769430
2021-05-31 10:31:52,653.5,769450
2021-05-31 10:31:53,653.4,769600
2021-05-31 10:31:54,653.4,769600
2021-05-31 10:31:55,653.35,770281
2021-05-31 10:31:55,653.35,770281
2021-05-31 10:31:56,653.35,770281
2021-05-31 10:31:57,653.35,770302
2021-05-31 10:31:58,653.5,770432
2021-05-31 10:31:59,653.5,771338
2021-05-31 10:32:00,653.5,771338
2021-05-31 10:32:01,653.35,771717
2021-05-31 10:32:02,653.45,771783
2021-05-31 10:32:03,653.45,771793
2021-05-31 10:32:04,653.45,771803
2021-05-31 10:32:05,653.45,771803
2021-05-31 10:32:06,653.4,771814
2021-05-31 10:32:07,653.4,771814
2021-05-31 10:32:08,653.35,771819
2021-05-31 10:32:09,653.45,780776
2021-05-31 10:32:10,653.25,782289
2021-05-31 10:32:11,653.7,783026
2021-05-31 10:32:12,653.3,783465
2021-05-31 10:32:13,653.5,783495
2021-05-31 10:32:14,653.5,783717
2021-05-31 10:32:15,653.5,783724
2021-05-31 10:32:16,653.5,783724
2021-05-31 10:32:17,653.5,783724
2021-05-31 10:32:18,653.5,783724
2021-05-31 10:32:19,653.5,783724
2021-05-31 10:32:20,653.45,783746
2021-05-31 10:32:21,653.3,783767
2021-05-31 10:32:22,653.3,784147
2021-05-31 10:32:23,653.2,784168
2021-05-31 10:32:24,653.2,784178
2021-05-31 10:32:25,653.3,784761
2021-05-31 10:32:26,653.5,785512
2021-05-31 10:32:27,653.3,785810
2021-05-31 10:32:28,653.25,786006
2021-05-31 10:32:29,653.25,786006
2021-05-31 10:32:30,653.5,786191
2021-05-31 10:32:32,653.9,786437
2021-05-31 10:32:33,653.35,786517
2021-05-31 10:32:34,653.5,786518
2021-05-31 10:32:35,653.5,786518
2021-05-31 10:32:36,653.4,786543
2021-05-31 10:32:37,653.4,786543
2021-05-31 10:32:38,653.4,786543
2021-05-31 10:32:39,653.4,786543
2021-05-31 10:32:40,653.45,786563
2021-05-31 10:32:41,653.45,786563
2021-05-31 10:32:42,653.3,786584
2021-05-31 10:32:43,653.3,786594
2021-05-31 10:32:44,653.3,786618
2021-05-31 10:32:45,653.3,786640
2021-05-31 10:32:46,653.3,786640
2021-05-31 10:32:47,653.3,786640
2021-05-31 10:32:48,653.25,786641
2021-05-31 10:32:49,653.25,786641
2021-05-31 10:32:50,653.25,786741
2021-05-31 10:32:51,653.25,786741
2021-05-31 10:32:52,653.25,786745
2021-05-31 10:32:53,653.5,787133
2021-05-31 10:32:54,653.3,787143
2021-05-31 10:32:55,653.5,787193
2021-05-31 10:32:56,653.3,787203
2021-05-31 10:32:58,653.3,787203
2021-05-31 10:32:58,653.5,787304
2021-05-31 10:32:59,653.5,787304
2021-05-31 10:33:00,653.5,787305
2021-05-31 10:33:01,653.3,787446
2021-05-31 10:33:02,653.5,787526
2021-05-31 10:33:03,653.5,787528
2021-05-31 10:33:04,653.5,787528
2021-05-31 10:33:07,653.5,787599
2021-05-31 10:33:07,653.35,787611
2021-05-31 10:33:09,653.5,788205
2021-05-31 10:33:11,653.5,788205
2021-05-31 10:33:12,653.5,788205
2021-05-31 10:33:12,653.3,788260
2021-05-31 10:33:14,653.3,788260
2021-05-31 10:33:17,653.3,788260
2021-05-31 10:33:18,653.25,788390
2021-05-31 10:33:19,653.25,788444
2021-05-31 10:33:20,653.35,788446
