timestamp,ltp,volume
2021-05-31 09:15:04,3158.3,12781
2021-05-31 09:15:05,3157.8,13352
2021-05-31 09:15:06,3155.3,13543
2021-05-31 09:15:07,3156.75,14301
2021-05-31 09:15:10,3156.0,16970
2021-05-31 09:15:11,3157.9,17180
2021-05-31 09:15:13,3156.65,18607
2021-05-31 09:15:14,3157.35,19168
2021-05-31 09:15:15,3159.35,20367
2021-05-31 09:15:16,3157.95,21244
2021-05-31 09:15:17,3159.95,22319
2021-05-31 09:15:18,3158.4,22619
2021-05-31 09:15:19,3159.35,24688
2021-05-31 09:15:20,3162.65,26468
2021-05-31 09:15:21,3162.25,26716
2021-05-31 09:15:22,3162.4,29298
2021-05-31 09:15:23,3161.1,29956
2021-05-31 09:15:24,3161.85,30667
2021-05-31 09:15:25,3156.9,33455
2021-05-31 09:15:26,3159.05,33715
2021-05-31 09:15:27,3159.4,34382
2021-05-31 09:15:28,3158.45,35026
2021-05-31 09:15:29,3160.0,35891
2021-05-31 09:15:30,3159.1,36641
2021-05-31 09:15:31,3159.65,36737
2021-05-31 09:15:32,3160.0,37252
2021-05-31 09:15:33,3159.95,37438
2021-05-31 09:15:34,3157.6,38637
2021-05-31 09:15:35,3161.1,41019
2021-05-31 09:15:36,3162.85,41298
2021-05-31 09:15:37,3162.85,41298
2021-05-31 09:15:38,3161.9,41967
2021-05-31 09:15:39,3161.9,42474
2021-05-31 09:15:40,3161.95,42537
2021-05-31 09:15:41,3162.9,42574
2021-05-31 09:15:42,3163.55,43167
2021-05-31 09:15:43,3161.85,43279
2021-05-31 09:15:44,3162.0,43528
2021-05-31 09:15:45,3163.0,43652
2021-05-31 09:15:46,3161.85,44052
2021-05-31 09:15:47,3161.85,44507
2021-05-31 09:15:48,3158.05,49120
2021-05-31 09:15:49,3157.65,49283
2021-05-31 09:15:50,3157.1,49626
2021-05-31 09:15:51,3158.0,49819
2021-05-31 09:15:52,3157.4,50007
2021-05-31 09:15:53,3156.0,51871
2021-05-31 09:15:54,3159.8,52671
2021-05-31 09:15:55,3159.15,52682
2021-05-31 09:15:56,3156.95,52776
2021-05-31 09:15:57,3157.65,53745
2021-05-31 09:15:58,3157.95,53785
2021-05-31 09:15:59,3156.55,54505
2021-05-31 09:16:00,3157.9,55214
2021-05-31 09:16:01,3156.2,55320
2021-05-31 09:16:02,3156.2,55624
2021-05-31 09:16:03,3157.25,55741
2021-05-31 09:16:04,3157.0,55969
2021-05-31 09:16:05,3157.0,56118
2021-05-31 09:16:06,3157.1,56258
2021-05-31 09:16:07,3156.25,56559
2021-05-31 09:16:08,3156.35,56590
2021-05-31 09:16:09,3158.0,57794
2021-05-31 09:16:10,3158.7,58098
2021-05-31 09:16:11,3159.0,58128
2021-05-31 09:16:12,3159.0,58137
2021-05-31 09:16:13,3159.0,58225
2021-05-31 09:16:17,3160.85,58877
2021-05-31 09:16:16,3160.0,58406
2021-05-31 09:16:18,3159.05,59017
2021-05-31 09:16:19,3160.0,59157
2021-05-31 09:16:20,3160.0,59272
2021-05-31 09:16:21,3160.0,59286
2021-05-31 09:16:22,3160.0,59319
2021-05-31 09:16:23,3161.15,59564
2021-05-31 09:16:24,3160.0,59600
2021-05-31 09:16:25,3160.75,59788
2021-05-31 09:16:26,3160.85,60173
2021-05-31 09:16:28,3163.0,60808
2021-05-31 09:16:29,3160.55,61586
2021-05-31 09:16:30,3162.5,61891
2021-05-31 09:16:31,3162.6,61982
2021-05-31 09:16:32,3162.5,62225
2021-05-31 09:16:33,3162.0,62257
2021-05-31 09:16:34,3162.85,62598
2021-05-31 09:16:35,3162.85,62755
2021-05-31 09:16:36,3162.65,62817
2021-05-31 09:16:37,3162.0,63384
2021-05-31 09:16:39,3161.45,63694
2021-05-31 09:16:38,3161.45,63694
2021-05-31 09:16:40,3163.0,63726
2021-05-31 09:16:41,3163.0,63751
2021-05-31 09:16:42,3163.0,65534
2021-05-31 09:16:43,3163.9,65845
2021-05-31 09:16:44,3163.95,66000
2021-05-31 09:16:45,3163.9,66216
2021-05-31 09:16:46,3164.0,66263
2021-05-31 09:16:47,3162.85,68564
2021-05-31 09:16:48,3163.0,68894
2021-05-31 09:16:49,3163.0,68905
2021-05-31 09:16:50,3163.0,69127
2021-05-31 09:16:51,3163.6,69550
2021-05-31 09:16:52,3163.0,69592
2021-05-31 09:16:53,3163.0,69799
2021-05-31 09:16:54,3163.0,69799
2021-05-31 09:16:55,3163.85,70563
2021-05-31 09:16:56,3163.85,70572
2021-05-31 09:16:57,3162.9,72516
2021-05-31 09:16:58,3162.55,73133
2021-05-31 09:16:59,3162.3,73523
2021-05-31 09:17:00,3162.3,73626
2021-05-31 09:17:01,3162.0,73672
2021-05-31 09:17:02,3161.85,73742
2021-05-31 09:17:03,3161.0,73763
2021-05-31 09:17:04,3161.0,74007
2021-05-31 09:17:05,3160.4,74008
2021-05-31 09:17:06,3162.0,75020
2021-05-31 09:17:07,3162.0,75147
2021-05-31 09:17:08,3160.85,75148
2021-05-31 09:17:10,3161.5,75169
2021-05-31 09:17:11,3161.5,75488
2021-05-31 09:17:12,3161.15,75500
2021-05-31 09:17:13,3160.95,76761
2021-05-31 09:17:13,3160.95,76807
2021-05-31 09:17:14,3159.15,76808
2021-05-31 09:17:15,3159.1,76977
2021-05-31 09:17:16,3159.0,77059
2021-05-31 09:17:17,3158.7,77115
2021-05-31 09:17:18,3159.0,77120
2021-05-31 09:17:19,3158.3,77573
2021-05-31 09:17:20,3158.85,77621
2021-05-31 09:17:21,3158.9,77994
2021-05-31 09:17:22,3158.3,78169
2021-05-31 09:17:23,3158.3,78413
2021-05-31 09:17:24,3157.9,78458
2021-05-31 09:17:25,3158.0,78529
2021-05-31 09:17:26,3159.0,78749
2021-05-31 09:17:27,3158.3,78809
2021-05-31 09:17:29,3158.3,78839
2021-05-31 09:17:30,3159.35,79803
2021-05-31 09:17:30,3159.9,80103
2021-05-31 09:17:31,3160.15,80144
2021-05-31 09:17:32,3160.8,80175
2021-05-31 09:17:33,3159.5,80190
2021-05-31 09:17:34,3159.35,80249
2021-05-31 09:17:35,3158.45,80508
2021-05-31 09:17:36,3158.35,80569
2021-05-31 09:17:37,3158.35,80605
2021-05-31 09:17:38,3158.0,81055
2021-05-31 09:17:39,3158.85,81225
2021-05-31 09:17:40,3157.35,81350
2021-05-31 09:17:41,3157.55,82563
2021-05-31 09:17:42,3158.0,82573
2021-05-31 09:17:43,3158.0,82685
2021-05-31 09:17:45,3157.9,82903
2021-05-31 09:17:46,3157.25,83198
2021-05-31 09:17:46,3157.25,83198
2021-05-31 09:17:47,3158.0,83199
2021-05-31 09:17:48,3156.55,83932
2021-05-31 09:17:49,3156.55,83969
2021-05-31 09:17:50,3155.3,84146
2021-05-31 09:17:51,3155.25,84362
2021-05-31 09:17:52,3156.55,84670
2021-05-31 09:17:53,3156.95,84721
2021-05-31 09:17:54,3155.25,84943
2021-05-31 09:17:55,3155.25,84965
2021-05-31 09:17:56,3156.8,85079
2021-05-31 09:17:57,3156.8,85079
2021-05-31 09:17:58,3156.85,85159
2021-05-31 09:17:59,3155.3,85224
2021-05-31 09:18:00,3154.85,85689
2021-05-31 09:18:01,3152.05,86196
2021-05-31 09:18:03,3154.0,87564
2021-05-31 09:18:03,3153.2,87569
2021-05-31 09:18:04,3155.2,87685
2021-05-31 09:18:05,3155.2,87685
2021-05-31 09:18:06,3155.2,87810
2021-05-31 09:18:07,3154.3,87838
2021-05-31 09:18:08,3153.75,87898
2021-05-31 09:18:09,3155.6,88031
2021-05-31 09:18:10,3155.0,88046
2021-05-31 09:18:11,3155.4,88459
2021-05-31 09:18:12,3155.45,88508
2021-05-31 09:18:13,3152.9,88828
2021-05-31 09:18:14,3153.5,88884
2021-05-31 09:18:15,3153.0,89039
2021-05-31 09:18:16,3153.75,89114
2021-05-31 09:18:17,3153.9,89197
2021-05-31 09:18:18,3153.0,89286
2021-05-31 09:18:19,3153.0,89336
2021-05-31 09:18:20,3152.9,89516
2021-05-31 09:18:21,3153.0,89526
2021-05-31 09:18:22,3152.95,89615
2021-05-31 09:18:23,3152.8,89655
2021-05-31 09:18:24,3153.15,90263
2021-05-31 09:18:25,3153.0,90380
2021-05-31 09:18:26,3153.8,90642
2021-05-31 09:18:27,3153.2,91244
2021-05-31 09:18:28,3153.3,91561
2021-05-31 09:18:29,3153.2,91599
2021-05-31 09:18:31,3153.9,91638
2021-05-31 09:18:32,3153.9,91645
2021-05-31 09:18:33,3153.3,91823
2021-05-31 09:18:34,3153.95,91839
2021-05-31 09:18:35,3153.3,91841
2021-05-31 09:18:36,3153.9,92370
2021-05-31 09:18:37,3153.9,92370
2021-05-31 09:18:38,3153.2,92371
2021-05-31 09:18:39,3153.15,92649
2021-05-31 09:18:40,3153.0,92660
2021-05-31 09:18:41,3153.0,92660
2021-05-31 09:18:42,3153.4,92794
2021-05-31 09:18:43,3152.0,93001
2021-05-31 09:18:44,3153.25,93082
2021-05-31 09:18:45,3153.25,93289
2021-05-31 09:18:46,3153.0,93402
2021-05-31 09:18:46,3153.0,93402
2021-05-31 09:18:47,3153.0,93407
2021-05-31 09:18:48,3153.0,93585
2021-05-31 09:18:49,3153.35,93706
2021-05-31 09:18:50,3153.0,93722
2021-05-31 09:18:51,3152.0,94122
2021-05-31 09:18:52,3152.3,94174
2021-05-31 09:18:53,3153.0,94218
2021-05-31 09:18:54,3152.3,94219
2021-05-31 09:18:56,3148.8,99819
2021-05-31 09:18:57,3148.7,99830
2021-05-31 09:18:59,3148.7,99891
2021-05-31 09:19:00,3148.45,99998
2021-05-31 09:19:00,3149.5,100418
2021-05-31 09:19:01,3148.45,100425
2021-05-31 09:19:02,3149.6,100440
2021-05-31 09:19:03,3148.75,100465
2021-05-31 09:19:04,3149.0,100648
2021-05-31 09:19:05,3149.0,100658
2021-05-31 09:19:06,3149.0,101524
2021-05-31 09:19:08,3149.15,101623
2021-05-31 09:19:09,3150.0,101730
2021-05-31 09:19:10,3148.95,102260
2021-05-31 09:19:10,3148.95,102260
2021-05-31 09:19:11,3150.8,102395
2021-05-31 09:19:12,3150.85,102420
2021-05-31 09:19:13,3150.0,102494
2021-05-31 09:19:14,3151.15,102507
2021-05-31 09:19:15,3151.15,102509
2021-05-31 09:19:16,3151.15,102549
2021-05-31 09:19:17,3151.05,102961
2021-05-31 09:19:19,3152.05,103320
2021-05-31 09:19:20,3151.9,103489
2021-05-31 09:19:21,3151.9,103512
2021-05-31 09:19:22,3152.95,103771
2021-05-31 09:19:23,3151.5,103821
2021-05-31 09:19:23,3151.5,103821
2021-05-31 09:19:24,3152.7,103823
2021-05-31 09:19:25,3152.2,103989
2021-05-31 09:19:26,3151.9,104081
2021-05-31 09:19:27,3151.2,104531
2021-05-31 09:19:28,3150.35,104588
2021-05-31 09:19:29,3151.8,104602
2021-05-31 09:19:31,3150.45,104702
2021-05-31 09:19:32,3151.4,104778
2021-05-31 09:19:32,3151.4,104778
2021-05-31 09:19:33,3151.55,104782
2021-05-31 09:19:34,3151.65,104787
2021-05-31 09:19:35,3151.4,104788
2021-05-31 09:19:36,3151.4,104812
2021-05-31 09:19:37,3151.4,104817
2021-05-31 09:19:38,3151.05,104957
2021-05-31 09:19:39,3151.4,105007
2021-05-31 09:19:40,3151.8,106579
2021-05-31 09:19:42,3151.8,106716
2021-05-31 09:19:43,3152.85,106727
2021-05-31 09:19:44,3151.8,106762
2021-05-31 09:19:45,3150.5,107663
2021-05-31 09:19:45,3150.5,107663
2021-05-31 09:19:46,3150.5,107663
2021-05-31 09:19:47,3151.3,107689
2021-05-31 09:19:48,3151.55,107762
2021-05-31 09:19:49,3151.25,107924
2021-05-31 09:19:50,3151.2,107948
2021-05-31 09:19:51,3151.2,107948
2021-05-31 09:19:52,3151.25,107950
2021-05-31 09:19:53,3150.6,107951
2021-05-31 09:19:55,3151.25,108178
2021-05-31 09:19:55,3151.25,108191
2021-05-31 09:19:56,3151.4,108248
2021-05-31 09:19:58,3151.5,108291
2021-05-31 09:19:59,3151.75,108309
2021-05-31 09:20:00,3151.75,108309
2021-05-31 09:20:01,3149.9,109717
2021-05-31 09:20:02,3148.3,110128
2021-05-31 09:20:03,3148.45,110245
2021-05-31 09:20:04,3148.75,110409
2021-05-31 09:20:05,3148.5,110410
2021-05-31 09:20:05,3148.5,110410
2021-05-31 09:20:06,3148.0,110422
2021-05-31 09:20:07,3148.15,110774
2021-05-31 09:20:08,3148.05,110834
2021-05-31 09:20:10,3149.8,112405
2021-05-31 09:20:11,3149.8,112416
2021-05-31 09:20:12,3149.0,112434
2021-05-31 09:20:13,3151.15,113534
2021-05-31 09:20:14,3150.65,113541
2021-05-31 09:20:15,3150.1,113551
2021-05-31 09:20:16,3150.0,113576
2021-05-31 09:20:16,3150.0,113576
2021-05-31 09:20:17,3150.45,113596
2021-05-31 09:20:18,3149.05,113709
2021-05-31 09:20:19,3147.0,114280
2021-05-31 09:20:20,3146.9,114440
2021-05-31 09:20:21,3147.35,114456
2021-05-31 09:20:22,3147.0,114475
2021-05-31 09:20:24,3145.95,114529
2021-05-31 09:20:25,3145.6,114587
2021-05-31 09:20:26,3145.6,114592
2021-05-31 09:20:26,3145.6,114592
2021-05-31 09:20:27,3145.5,114667
2021-05-31 09:20:28,3146.15,114688
2021-05-31 09:20:29,3146.85,114738
2021-05-31 09:20:30,3146.8,114821
2021-05-31 09:20:31,3146.0,114857
2021-05-31 09:20:32,3146.65,114915
2021-05-31 09:20:34,3146.0,115035
2021-05-31 09:20:35,3146.5,115088
2021-05-31 09:20:35,3146.5,115088
2021-05-31 09:20:36,3145.6,115304
2021-05-31 09:20:37,3147.2,116824
2021-05-31 09:20:38,3146.55,116839
2021-05-31 09:20:39,3147.75,116884
2021-05-31 09:20:40,3146.2,116897
2021-05-31 09:20:41,3146.8,116976
2021-05-31 09:20:42,3147.0,117051
2021-05-31 09:20:43,3146.2,117171
2021-05-31 09:20:44,3147.55,117238
2021-05-31 09:20:45,3146.15,117240
2021-05-31 09:20:46,3145.8,117473
2021-05-31 09:20:47,3145.15,117973
2021-05-31 09:20:48,3145.2,117974
2021-05-31 09:20:49,3146.5,118271
2021-05-31 09:20:50,3146.2,118276
2021-05-31 09:20:51,3147.85,118298
2021-05-31 09:20:52,3146.65,118330
2021-05-31 09:20:53,3146.65,118376
2021-05-31 09:20:54,3146.7,118499
2021-05-31 09:20:55,3145.15,118728
2021-05-31 09:20:56,3145.15,118728
2021-05-31 09:20:57,3146.05,118748
2021-05-31 09:20:58,3145.05,118918
2021-05-31 09:20:59,3146.0,118957
2021-05-31 09:21:00,3147.45,119301
2021-05-31 09:21:01,3146.55,119333
2021-05-31 09:21:02,3146.4,119358
2021-05-31 09:21:03,3147.55,119412
2021-05-31 09:21:04,3147.8,119474
2021-05-31 09:21:05,3146.15,119478
2021-05-31 09:21:06,3147.0,119494
2021-05-31 09:21:07,3147.4,119506
2021-05-31 09:21:08,3147.4,119506
2021-05-31 09:21:09,3147.7,119523
2021-05-31 09:21:10,3146.25,119536
2021-05-31 09:21:11,3146.25,119536
2021-05-31 09:21:12,3147.75,119563
2021-05-31 09:21:13,3147.75,119588
2021-05-31 09:21:14,3146.5,119589
2021-05-31 09:21:15,3147.65,119591
2021-05-31 09:21:16,3147.6,120043
2021-05-31 09:21:17,3147.6,120053
2021-05-31 09:21:18,3146.1,120265
2021-05-31 09:21:19,3146.15,120302
2021-05-31 09:21:20,3146.15,120387
2021-05-31 09:21:22,3146.7,120563
2021-05-31 09:21:23,3146.95,120564
2021-05-31 09:21:24,3146.15,120616
2021-05-31 09:21:25,3147.0,120666
2021-05-31 09:21:26,3146.15,120678
2021-05-31 09:21:27,3146.95,120684
2021-05-31 09:21:28,3148.0,122292
2021-05-31 09:21:29,3148.6,122330
2021-05-31 09:21:30,3148.6,122514
2021-05-31 09:21:31,3148.6,122514
2021-05-31 09:21:32,3147.25,122532
2021-05-31 09:21:33,3149.3,122562
2021-05-31 09:21:34,3147.9,122587
2021-05-31 09:21:35,3149.75,122995
2021-05-31 09:21:36,3149.8,123015
2021-05-31 09:21:37,3148.65,123114
2021-05-31 09:21:38,3148.35,123132
2021-05-31 09:21:39,3148.35,123300
2021-05-31 09:21:40,3148.25,123382
2021-05-31 09:21:41,3147.75,123518
2021-05-31 09:21:42,3148.2,124008
2021-05-31 09:21:43,3148.2,124008
2021-05-31 09:21:44,3146.4,124721
2021-05-31 09:21:45,3145.1,124795
2021-05-31 09:21:46,3146.45,124991
2021-05-31 09:21:47,3145.2,125007
2021-05-31 09:21:48,3145.2,125007
2021-05-31 09:21:49,3146.15,125211
2021-05-31 09:21:50,3146.75,125214
2021-05-31 09:21:51,3146.8,125220
2021-05-31 09:21:52,3145.1,125436
2021-05-31 09:21:53,3145.1,125436
2021-05-31 09:21:54,3146.35,125438
2021-05-31 09:21:55,3145.85,125642
2021-05-31 09:21:56,3145.85,125667
2021-05-31 09:21:57,3145.1,125671
2021-05-31 09:21:58,3146.05,125672
2021-05-31 09:21:59,3145.15,125678
2021-05-31 09:22:00,3145.95,125701
2021-05-31 09:22:01,3144.45,127078
2021-05-31 09:22:02,3144.25,127148
2021-05-31 09:22:03,3144.45,131260
2021-05-31 09:22:04,3145.5,132062
2021-05-31 09:22:05,3145.55,132105
2021-05-31 09:22:06,3144.7,132152
2021-05-31 09:22:07,3146.0,132169
2021-05-31 09:22:08,3146.0,132206
2021-05-31 09:22:09,3145.65,132240
2021-05-31 09:22:10,3145.7,133703
2021-05-31 09:22:11,3144.65,133912
2021-05-31 09:22:12,3144.45,134073
2021-05-31 09:22:13,3144.45,134984
2021-05-31 09:22:14,3145.65,135054
2021-05-31 09:22:15,3144.45,135083
2021-05-31 09:22:16,3144.45,135122
2021-05-31 09:22:17,3145.2,135181
2021-05-31 09:22:18,3144.45,135198
2021-05-31 09:22:19,3145.5,135305
2021-05-31 09:22:20,3145.5,135311
2021-05-31 09:22:21,3146.6,135500
2021-05-31 09:22:22,3144.75,135510
2021-05-31 09:22:23,3146.05,135511
2021-05-31 09:22:24,3145.45,135513
2021-05-31 09:22:25,3146.4,135551
2021-05-31 09:22:26,3147.8,135564
2021-05-31 09:22:27,3147.55,135668
2021-05-31 09:22:28,3149.0,135677
2021-05-31 09:22:29,3148.05,135741
2021-05-31 09:22:30,3147.7,135765
2021-05-31 09:22:31,3148.75,135767
2021-05-31 09:22:32,3145.7,135874
2021-05-31 09:22:33,3147.55,135879
2021-05-31 09:22:34,3147.35,135980
2021-05-31 09:22:35,3146.1,135990
2021-05-31 09:22:36,3146.1,136005
2021-05-31 09:22:37,3146.25,136419
2021-05-31 09:22:38,3146.25,136752
2021-05-31 09:22:39,3144.55,137397
2021-05-31 09:22:40,3145.75,137795
2021-05-31 09:22:41,3146.35,137847
2021-05-31 09:22:42,3145.75,137906
2021-05-31 09:22:43,3146.2,137972
2021-05-31 09:22:44,3146.3,137986
2021-05-31 09:22:45,3146.75,138103
2021-05-31 09:22:46,3147.2,138115
2021-05-31 09:22:47,3146.8,138132
2021-05-31 09:22:48,3146.8,138193
2021-05-31 09:22:49,3147.7,138196
2021-05-31 09:22:50,3147.7,138196
2021-05-31 09:22:51,3147.65,138210
2021-05-31 09:22:52,3147.65,138248
2021-05-31 09:22:53,3146.8,138272
2021-05-31 09:22:54,3147.65,138274
2021-05-31 09:22:55,3147.85,138316
2021-05-31 09:22:56,3147.1,138341
2021-05-31 09:22:57,3148.45,138405
2021-05-31 09:22:58,3148.6,138517
2021-05-31 09:22:59,3148.5,138522
2021-05-31 09:23:00,3147.25,138573
2021-05-31 09:23:01,3148.4,138581
2021-05-31 09:23:02,3148.4,138592
2021-05-31 09:23:03,3148.0,138641
2021-05-31 09:23:04,3148.3,138766
2021-05-31 09:23:05,3148.3,138775
2021-05-31 09:23:06,3148.4,138780
2021-05-31 09:23:07,3148.4,139265
2021-05-31 09:23:08,3148.6,139339
2021-05-31 09:23:09,3148.3,139443
2021-05-31 09:23:10,3149.0,139449
2021-05-31 09:23:11,3149.0,139454
2021-05-31 09:23:12,3149.0,139469
2021-05-31 09:23:13,3148.3,139781
2021-05-31 09:23:14,3148.85,140738
2021-05-31 09:23:15,3149.0,140816
2021-05-31 09:23:16,3148.8,140950
2021-05-31 09:23:17,3148.8,141021
2021-05-31 09:23:18,3148.8,141024
2021-05-31 09:23:19,3148.3,141066
2021-05-31 09:23:20,3148.3,141426
2021-05-31 09:23:21,3148.0,141568
2021-05-31 09:23:22,3148.0,141710
2021-05-31 09:23:23,3147.6,141766
2021-05-31 09:23:24,3146.8,141802
2021-05-31 09:23:25,3145.15,141958
2021-05-31 09:23:26,3145.3,142495
2021-05-31 09:23:27,3146.4,142551
2021-05-31 09:23:28,3146.4,142574
2021-05-31 09:23:30,3147.0,142586
2021-05-31 09:23:31,3147.75,142587
2021-05-31 09:23:32,3146.6,142591
2021-05-31 09:23:33,3147.0,142592
2021-05-31 09:23:34,3146.05,142916
2021-05-31 09:23:35,3145.9,143136
2021-05-31 09:23:36,3145.45,143172
2021-05-31 09:23:37,3145.9,143174
2021-05-31 09:23:38,3145.9,143177
2021-05-31 09:23:39,3146.6,143485
2021-05-31 09:23:40,3147.15,143502
2021-05-31 09:23:41,3147.15,143503
2021-05-31 09:23:42,3147.0,143510
2021-05-31 09:23:43,3147.6,143511
2021-05-31 09:23:44,3147.6,143552
2021-05-31 09:23:45,3147.6,143554
2021-05-31 09:23:46,3147.05,143599
2021-05-31 09:23:47,3147.05,143631
2021-05-31 09:23:48,3148.25,144255
2021-05-31 09:23:49,3149.0,144257
2021-05-31 09:23:50,3149.0,144287
2021-05-31 09:23:51,3149.0,144329
2021-05-31 09:23:52,3149.5,144594
2021-05-31 09:23:53,3149.9,144685
2021-05-31 09:23:54,3150.8,144705
2021-05-31 09:23:55,3150.9,144737
2021-05-31 09:23:56,3150.95,144767
2021-05-31 09:23:57,3150.95,144767
2021-05-31 09:23:58,3150.85,144946
2021-05-31 09:23:59,3150.85,145023
2021-05-31 09:24:00,3150.8,145103
2021-05-31 09:24:01,3150.8,145105
2021-05-31 09:24:02,3150.0,145117
2021-05-31 09:24:03,3150.0,145142
2021-05-31 09:24:04,3150.4,145198
2021-05-31 09:24:05,3150.4,145198
2021-05-31 09:24:06,3150.35,145270
2021-05-31 09:24:07,3150.3,145335
2021-05-31 09:24:08,3150.3,145366
2021-05-31 09:24:09,3150.0,145376
2021-05-31 09:24:10,3150.3,145378
2021-05-31 09:24:11,3150.3,145402
2021-05-31 09:24:12,3150.7,145473
2021-05-31 09:24:13,3150.7,145477
2021-05-31 09:24:14,3150.3,145505
2021-05-31 09:24:15,3150.3,145530
2021-05-31 09:24:16,3150.3,145632
2021-05-31 09:24:17,3148.1,147606
2021-05-31 09:24:18,3149.7,148584
2021-05-31 09:24:19,3149.7,148660
2021-05-31 09:24:20,3149.7,148664
2021-05-31 09:24:21,3148.1,148674
2021-05-31 09:24:22,3148.15,148676
2021-05-31 09:24:23,3149.55,148688
2021-05-31 09:24:24,3149.65,148689
2021-05-31 09:24:25,3149.65,148689
2021-05-31 09:24:26,3149.65,148689
2021-05-31 09:24:28,3150.0,148690
2021-05-31 09:24:29,3150.0,148738
2021-05-31 09:24:30,3150.1,148787
2021-05-31 09:24:31,3149.55,148969
2021-05-31 09:24:32,3150.0,149083
2021-05-31 09:24:33,3150.0,149093
2021-05-31 09:24:34,3149.15,149184
2021-05-31 09:24:35,3150.05,149208
2021-05-31 09:24:36,3149.7,149267
2021-05-31 09:24:37,3149.8,149531
2021-05-31 09:24:38,3148.5,149609
2021-05-31 09:24:39,3149.65,149613
2021-05-31 09:24:40,3149.65,149614
2021-05-31 09:24:41,3149.65,149614
2021-05-31 09:24:41,3148.5,149616
2021-05-31 09:24:43,3148.5,149668
2021-05-31 09:24:44,3149.0,149680
2021-05-31 09:24:45,3149.8,149687
2021-05-31 09:24:45,3149.8,149687
2021-05-31 09:24:47,3149.8,149687
2021-05-31 09:24:48,3149.8,149687
2021-05-31 09:24:49,3149.05,149737
2021-05-31 09:24:50,3149.0,149741
2021-05-31 09:24:51,3149.8,149771
2021-05-31 09:24:51,3149.05,149774
2021-05-31 09:24:52,3149.8,150021
2021-05-31 09:24:53,3149.8,150199
2021-05-31 09:24:54,3149.7,150208
2021-05-31 09:24:55,3149.8,150221
2021-05-31 09:24:56,3149.8,150222
2021-05-31 09:24:57,3149.7,150229
2021-05-31 09:24:58,3149.7,150242
2021-05-31 09:25:00,3149.7,150249
2021-05-31 09:25:01,3149.1,150313
2021-05-31 09:25:02,3149.1,150339
2021-05-31 09:25:03,3149.4,150340
2021-05-31 09:25:04,3149.4,150354
2021-05-31 09:25:05,3149.4,150361
2021-05-31 09:25:06,3149.4,150461
2021-05-31 09:25:07,3149.8,150818
2021-05-31 09:25:08,3148.0,151541
2021-05-31 09:25:09,3147.3,151925
2021-05-31 09:25:10,3147.55,152076
2021-05-31 09:25:11,3147.3,152094
2021-05-31 09:25:12,3146.2,152097
2021-05-31 09:25:13,3146.05,152165
2021-05-31 09:25:14,3146.0,152268
2021-05-31 09:25:15,3146.65,152342
2021-05-31 09:25:16,3146.55,152426
2021-05-31 09:25:17,3146.55,152434
2021-05-31 09:25:18,3146.55,152443
2021-05-31 09:25:19,3146.55,152443
2021-05-31 09:25:20,3145.6,152506
2021-05-31 09:25:21,3146.65,152516
2021-05-31 09:25:22,3146.2,152532
2021-05-31 09:25:23,3145.6,152537
2021-05-31 09:25:23,3146.2,152532
2021-05-31 09:25:25,3145.95,153038
2021-05-31 09:25:26,3146.0,153063
2021-05-31 09:25:27,3145.85,153069
2021-05-31 09:25:28,3146.0,153072
2021-05-31 09:25:29,3146.0,153075
2021-05-31 09:25:30,3146.6,153076
2021-05-31 09:25:31,3146.0,153078
2021-05-31 09:25:32,3146.0,153079
2021-05-31 09:25:33,3146.0,153079
2021-05-31 09:25:34,3145.6,153087
2021-05-31 09:25:35,3145.6,153187
2021-05-31 09:25:36,3145.6,153263
2021-05-31 09:25:37,3146.35,153269
2021-05-31 09:25:38,3146.35,153279
2021-05-31 09:25:39,3146.35,153310
2021-05-31 09:25:40,3146.35,153311
2021-05-31 09:25:41,3146.0,153323
2021-05-31 09:25:42,3145.6,153351
2021-05-31 09:25:44,3145.6,153365
2021-05-31 09:25:45,3145.6,153374
2021-05-31 09:25:46,3145.0,153468
2021-05-31 09:25:47,3145.0,153859
2021-05-31 09:25:48,3145.3,154039
2021-05-31 09:25:49,3145.6,154344
2021-05-31 09:25:50,3145.0,154359
2021-05-31 09:25:51,3144.5,154362
2021-05-31 09:25:52,3144.45,154412
2021-05-31 09:25:53,3144.45,154490
2021-05-31 09:25:54,3145.0,154561
2021-05-31 09:25:55,3144.45,154586
2021-05-31 09:25:56,3145.0,154587
2021-05-31 09:25:57,3145.0,154587
2021-05-31 09:25:58,3145.0,154619
2021-05-31 09:25:59,3144.45,154784
2021-05-31 09:26:00,3144.45,154813
2021-05-31 09:26:01,3144.45,154822
2021-05-31 09:26:02,3144.25,154862
2021-05-31 09:26:03,3144.85,154899
2021-05-31 09:26:04,3144.85,154928
2021-05-31 09:26:05,3144.85,154929
2021-05-31 09:26:06,3144.6,155054
2021-05-31 09:26:07,3144.25,155111
2021-05-31 09:26:08,3144.65,155132
2021-05-31 09:26:10,3144.65,155146
2021-05-31 09:26:11,3144.4,156842
2021-05-31 09:26:12,3143.55,157385
2021-05-31 09:26:13,3143.35,157434
2021-05-31 09:26:14,3143.0,157441
2021-05-31 09:26:15,3143.05,157467
2021-05-31 09:26:16,3143.65,158060
2021-05-31 09:26:17,3142.75,158091
2021-05-31 09:26:18,3144.0,158228
2021-05-31 09:26:19,3144.05,158340
2021-05-31 09:26:20,3143.0,158387
2021-05-31 09:26:21,3143.0,158524
2021-05-31 09:26:22,3143.1,158550
2021-05-31 09:26:23,3142.35,158596
2021-05-31 09:26:24,3143.1,158599
2021-05-31 09:26:25,3142.0,159851
2021-05-31 09:26:26,3145.15,161288
2021-05-31 09:26:27,3145.3,161298
2021-05-31 09:26:28,3145.3,161414
2021-05-31 09:26:29,3145.6,161457
2021-05-31 09:26:30,3145.3,161579
2021-05-31 09:26:31,3145.3,161619
2021-05-31 09:26:32,3145.3,161635
2021-05-31 09:26:33,3145.3,161691
2021-05-31 09:26:35,3146.0,161721
2021-05-31 09:26:36,3145.3,161769
2021-05-31 09:26:37,3145.3,161822
2021-05-31 09:26:38,3146.0,161835
2021-05-31 09:26:39,3146.0,161836
2021-05-31 09:26:40,3145.3,161848
2021-05-31 09:26:41,3145.3,161885
2021-05-31 09:26:42,3145.3,161892
2021-05-31 09:26:43,3145.3,161892
2021-05-31 09:26:44,3144.9,161901
2021-05-31 09:26:45,3144.75,162006
2021-05-31 09:26:46,3144.9,162272
2021-05-31 09:26:47,3144.85,162641
2021-05-31 09:26:48,3144.9,162765
2021-05-31 09:26:49,3145.0,162797
2021-05-31 09:26:50,3144.9,162900
2021-05-31 09:26:51,3144.95,163005
2021-05-31 09:26:52,3143.4,163053
2021-05-31 09:26:53,3144.95,163056
2021-05-31 09:26:54,3144.7,163498
2021-05-31 09:26:55,3145.0,163525
2021-05-31 09:26:56,3144.1,163539
2021-05-31 09:26:57,3145.2,164349
2021-05-31 09:26:58,3145.0,164524
2021-05-31 09:26:59,3144.95,164595
2021-05-31 09:27:00,3146.0,164620
2021-05-31 09:27:01,3145.0,164623
2021-05-31 09:27:02,3145.0,164643
2021-05-31 09:27:03,3145.75,164644
2021-05-31 09:27:04,3145.0,164700
2021-05-31 09:27:06,3145.9,164743
2021-05-31 09:27:07,3145.9,164745
2021-05-31 09:27:08,3145.75,165445
2021-05-31 09:27:09,3145.9,165496
2021-05-31 09:27:10,3145.0,165510
2021-05-31 09:27:11,3145.0,165550
2021-05-31 09:27:12,3145.7,165764
2021-05-31 09:27:13,3144.95,165838
2021-05-31 09:27:14,3144.95,165856
2021-05-31 09:27:15,3144.95,165947
2021-05-31 09:27:16,3145.4,165952
2021-05-31 09:27:17,3145.4,165952
2021-05-31 09:27:18,3144.7,166056
2021-05-31 09:27:19,3145.0,166062
2021-05-31 09:27:20,3145.0,166062
2021-05-31 09:27:21,3143.0,166259
2021-05-31 09:27:22,3143.0,166272
2021-05-31 09:27:24,3143.0,166290
2021-05-31 09:27:23,3143.0,166288
2021-05-31 09:27:25,3143.55,166294
2021-05-31 09:27:26,3143.0,166302
2021-05-31 09:27:27,3141.45,168250
2021-05-31 09:27:28,3141.5,169151
2021-05-31 09:27:29,3141.0,169211
2021-05-31 09:27:30,3141.0,169277
2021-05-31 09:27:31,3141.9,169281
2021-05-31 09:27:32,3141.65,169560
2021-05-31 09:27:33,3141.0,169589
2021-05-31 09:27:34,3141.25,169883
2021-05-31 09:27:35,3141.25,170396
2021-05-31 09:27:36,3142.25,170422
2021-05-31 09:27:37,3142.0,170426
2021-05-31 09:27:39,3141.0,170577
2021-05-31 09:27:40,3142.05,170585
2021-05-31 09:27:41,3141.05,170597
2021-05-31 09:27:42,3141.25,170605
2021-05-31 09:27:43,3141.65,170616
2021-05-31 09:27:43,3141.75,170617
2021-05-31 09:27:44,3141.75,170617
2021-05-31 09:27:45,3142.0,170629
2021-05-31 09:27:46,3141.0,170869
2021-05-31 09:27:47,3141.75,171000
2021-05-31 09:27:48,3142.5,172887
2021-05-31 09:27:49,3142.15,173075
2021-05-31 09:27:50,3142.0,173166
2021-05-31 09:27:51,3142.0,173173
2021-05-31 09:27:52,3142.0,173430
2021-05-31 09:27:53,3141.3,173443
2021-05-31 09:27:54,3142.0,173444
2021-05-31 09:27:55,3141.95,173464
2021-05-31 09:27:57,3141.95,173465
2021-05-31 09:27:58,3141.95,173465
2021-05-31 09:27:59,3141.35,173542
2021-05-31 09:27:59,3142.15,174257
2021-05-31 09:28:00,3142.95,174293
2021-05-31 09:28:01,3142.0,174305
2021-05-31 09:28:02,3142.0,174308
2021-05-31 09:28:03,3141.95,174457
2021-05-31 09:28:04,3141.95,174467
2021-05-31 09:28:05,3141.35,175120
2021-05-31 09:28:06,3141.35,175420
2021-05-31 09:28:07,3142.0,175475
2021-05-31 09:28:08,3141.6,175501
2021-05-31 09:28:09,3141.35,175838
2021-05-31 09:28:10,3141.0,175902
2021-05-31 09:28:11,3141.95,176236
2021-05-31 09:28:13,3142.95,176239
2021-05-31 09:28:13,3142.9,176254
2021-05-31 09:28:14,3142.65,176391
2021-05-31 09:28:15,3142.75,176397
2021-05-31 09:28:16,3142.75,176499
2021-05-31 09:28:17,3142.0,176520
2021-05-31 09:28:18,3142.45,176525
2021-05-31 09:28:19,3143.0,176704
2021-05-31 09:28:20,3144.75,179720
2021-05-31 09:28:21,3144.75,179871
2021-05-31 09:28:22,3144.35,180050
2021-05-31 09:28:23,3145.0,180059
2021-05-31 09:28:24,3144.35,180450
2021-05-31 09:28:25,3144.35,180509
2021-05-31 09:28:26,3144.6,180609
2021-05-31 09:28:27,3144.65,180761
2021-05-31 09:28:28,3144.6,180769
2021-05-31 09:28:29,3144.6,180769
2021-05-31 09:28:30,3144.3,180829
2021-05-31 09:28:31,3144.4,180833
2021-05-31 09:28:32,3144.4,180834
2021-05-31 09:28:33,3144.3,180920
2021-05-31 09:28:35,3144.7,180926
2021-05-31 09:28:36,3144.6,181006
2021-05-31 09:28:36,3144.6,181010
2021-05-31 09:28:37,3144.8,181170
2021-05-31 09:28:38,3144.5,181278
2021-05-31 09:28:39,3144.8,181294
2021-05-31 09:28:40,3144.8,181351
2021-05-31 09:28:41,3146.6,183777
2021-05-31 09:28:42,3146.6,183787
2021-05-31 09:28:43,3147.75,183914
2021-05-31 09:28:44,3147.0,183989
2021-05-31 09:28:46,3147.9,184043
2021-05-31 09:28:47,3146.6,184111
2021-05-31 09:28:48,3146.6,184137
2021-05-31 09:28:48,3147.65,184139
2021-05-31 09:28:49,3147.65,184139
2021-05-31 09:28:50,3146.55,184526
2021-05-31 09:28:51,3146.55,184633
2021-05-31 09:28:52,3146.75,184785
2021-05-31 09:28:54,3146.65,184895
2021-05-31 09:28:55,3146.55,184905
2021-05-31 09:28:56,3146.55,184909
2021-05-31 09:28:57,3144.8,185035
2021-05-31 09:28:57,3145.9,185042
2021-05-31 09:28:58,3145.9,185047
2021-05-31 09:28:59,3144.6,185212
2021-05-31 09:29:00,3144.6,185224
2021-05-31 09:29:01,3145.05,185225
2021-05-31 09:29:02,3144.6,185230
2021-05-31 09:29:03,3145.2,185408
2021-05-31 09:29:04,3145.05,185442
2021-05-31 09:29:05,3144.9,185461
2021-05-31 09:29:06,3144.9,185462
2021-05-31 09:29:07,3144.9,185463
2021-05-31 09:29:08,3144.9,185559
2021-05-31 09:29:09,3145.0,185759
2021-05-31 09:29:11,3144.6,185866
2021-05-31 09:29:11,3145.0,185901
2021-05-31 09:29:12,3144.6,185970
2021-05-31 09:29:13,3145.0,185974
2021-05-31 09:29:14,3145.0,185979
2021-05-31 09:29:15,3144.0,186367
2021-05-31 09:29:16,3144.9,189176
2021-05-31 09:29:17,3144.9,189321
2021-05-31 09:29:18,3145.0,189328
2021-05-31 09:29:19,3145.0,189328
2021-05-31 09:29:20,3145.0,189346
2021-05-31 09:29:21,3144.9,189377
2021-05-31 09:29:22,3145.0,189441
2021-05-31 09:29:23,3145.0,189444
2021-05-31 09:29:24,3145.0,189457
2021-05-31 09:29:25,3145.0,189564
2021-05-31 09:29:27,3145.0,189574
2021-05-31 09:29:28,3144.95,189720
2021-05-31 09:29:29,3145.05,189727
2021-05-31 09:29:30,3145.05,189727
2021-05-31 09:29:30,3145.05,189727
2021-05-31 09:29:31,3145.05,189777
2021-05-31 09:29:34,3145.05,189824
2021-05-31 09:29:36,3145.05,191498
2021-05-31 09:29:36,3145.05,191418
2021-05-31 09:29:37,3143.0,191698
2021-05-31 09:29:38,3142.05,191858
2021-05-31 09:29:39,3140.75,195656
2021-05-31 09:29:40,3140.55,196164
2021-05-31 09:29:41,3139.2,197845
2021-05-31 09:29:42,3139.2,197929
2021-05-31 09:29:43,3139.2,197934
2021-05-31 09:29:45,3138.45,197976
2021-05-31 09:29:45,3139.05,198000
2021-05-31 09:29:46,3139.05,198001
2021-05-31 09:29:47,3138.15,198177
2021-05-31 09:29:48,3138.15,198253
2021-05-31 09:29:49,3138.15,198300
2021-05-31 09:29:50,3140.85,201397
2021-05-31 09:29:52,3140.65,201573
2021-05-31 09:29:52,3140.65,201623
2021-05-31 09:29:53,3140.65,201757
2021-05-31 09:29:55,3140.5,201822
2021-05-31 09:29:56,3139.25,201855
2021-05-31 09:29:57,3140.2,201917
2021-05-31 09:29:58,3139.4,201927
2021-05-31 09:29:59,3139.15,201978
2021-05-31 09:29:59,3140.0,202076
2021-05-31 09:30:00,3140.2,202086
2021-05-31 09:30:01,3139.5,203434
2021-05-31 09:30:02,3140.7,204068
2021-05-31 09:30:03,3139.55,204202
2021-05-31 09:30:04,3140.2,204208
2021-05-31 09:30:06,3139.6,204219
2021-05-31 09:30:06,3140.45,204270
2021-05-31 09:30:07,3140.0,204272
2021-05-31 09:30:10,3139.2,204406
2021-05-31 09:30:11,3138.5,204427
2021-05-31 09:30:12,3136.0,207832
2021-05-31 09:30:13,3137.7,207999
2021-05-31 09:30:14,3137.65,208235
2021-05-31 09:30:15,3136.15,208276
2021-05-31 09:30:16,3136.15,208378
2021-05-31 09:30:17,3135.9,208406
2021-05-31 09:30:17,3136.2,208408
2021-05-31 09:30:18,3136.2,208408
2021-05-31 09:30:19,3137.0,208509
2021-05-31 09:30:20,3136.25,208620
2021-05-31 09:30:21,3136.2,208684
2021-05-31 09:30:22,3137.0,209289
2021-05-31 09:30:24,3136.55,209347
2021-05-31 09:30:25,3135.5,209478
2021-05-31 09:30:26,3136.25,209509
2021-05-31 09:30:27,3136.5,209583
2021-05-31 09:30:28,3139.9,210789
2021-05-31 09:30:28,3139.9,210718
2021-05-31 09:30:29,3137.85,210852
2021-05-31 09:30:30,3137.7,210894
2021-05-31 09:30:31,3139.15,210904
2021-05-31 09:30:32,3136.2,211316
2021-05-31 09:30:33,3136.9,211376
2021-05-31 09:30:35,3136.2,211542
2021-05-31 09:30:36,3137.25,211552
2021-05-31 09:30:37,3136.2,211572
2021-05-31 09:30:38,3138.45,212250
2021-05-31 09:30:38,3140.0,212529
2021-05-31 09:30:39,3138.75,212550
2021-05-31 09:30:40,3138.75,212557
2021-05-31 09:30:41,3138.75,212557
2021-05-31 09:30:42,3138.75,212563
2021-05-31 09:30:43,3140.1,212711
2021-05-31 09:30:44,3140.1,212711
2021-05-31 09:30:45,3139.9,212742
2021-05-31 09:30:46,3140.0,212809
2021-05-31 09:30:48,3140.0,212815
2021-05-31 09:30:49,3139.1,213145
2021-05-31 09:30:50,3140.1,213161
2021-05-31 09:30:50,3140.0,213162
2021-05-31 09:30:51,3140.0,213182
2021-05-31 09:30:52,3138.75,213223
2021-05-31 09:30:53,3140.0,213294
2021-05-31 09:30:54,3140.0,213355
2021-05-31 09:30:55,3138.75,213361
2021-05-31 09:30:56,3138.75,213381
2021-05-31 09:30:58,3139.95,213490
2021-05-31 09:30:58,3139.95,213496
2021-05-31 09:30:59,3139.9,213500
2021-05-31 09:31:00,3138.45,213921
2021-05-31 09:31:01,3138.85,214013
2021-05-31 09:31:02,3137.85,214068
2021-05-31 09:31:03,3139.25,214104
2021-05-31 09:31:04,3139.75,214105
2021-05-31 09:31:05,3138.15,214155
2021-05-31 09:31:06,3138.3,214901
2021-05-31 09:31:07,3139.9,214911
2021-05-31 09:31:08,3139.9,214911
2021-05-31 09:31:09,3139.85,214952
2021-05-31 09:31:10,3137.85,215464
2021-05-31 09:31:11,3137.65,215576
2021-05-31 09:31:12,3137.6,215586
2021-05-31 09:31:14,3137.6,215615
2021-05-31 09:31:15,3137.6,215615
2021-05-31 09:31:16,3137.6,215615
2021-05-31 09:31:17,3138.85,215658
2021-05-31 09:31:18,3137.15,215761
2021-05-31 09:31:19,3137.15,215822
2021-05-31 09:31:20,3137.05,215867
2021-05-31 09:31:21,3137.6,215919
2021-05-31 09:31:21,3137.0,215920
2021-05-31 09:31:22,3137.3,215927
2021-05-31 09:31:23,3137.0,215939
2021-05-31 09:31:24,3137.0,216143
2021-05-31 09:31:25,3135.95,216343
2021-05-31 09:31:27,3137.9,216387
2021-05-31 09:31:28,3136.65,216430
2021-05-31 09:31:29,3135.65,216555
2021-05-31 09:31:30,3136.9,216572
2021-05-31 09:31:31,3136.7,216592
2021-05-31 09:31:32,3136.6,216604
2021-05-31 09:31:33,3136.2,216632
2021-05-31 09:31:34,3135.9,217124
2021-05-31 09:31:35,3135.75,218526
2021-05-31 09:31:36,3136.7,218556
2021-05-31 09:31:37,3136.6,218683
2021-05-31 09:31:38,3136.1,218718
2021-05-31 09:31:39,3135.95,218929
2021-05-31 09:31:39,3136.8,218950
2021-05-31 09:31:40,3136.5,218982
2021-05-31 09:31:41,3135.0,219172
2021-05-31 09:31:42,3135.0,219293
2021-05-31 09:31:43,3136.6,219749
2021-05-31 09:31:44,3135.6,219999
2021-05-31 09:31:45,3136.8,220022
2021-05-31 09:31:46,3136.8,220036
2021-05-31 09:31:48,3136.8,220044
2021-05-31 09:31:49,3136.8,220086
2021-05-31 09:31:49,3136.6,220137
2021-05-31 09:31:50,3136.4,220197
2021-05-31 09:31:51,3136.65,220217
2021-05-31 09:31:52,3136.65,220218
2021-05-31 09:31:54,3136.55,220235
2021-05-31 09:31:55,3136.8,220660
2021-05-31 09:31:56,3136.15,220710
2021-05-31 09:31:57,3136.15,220764
2021-05-31 09:31:58,3135.75,220779
2021-05-31 09:31:59,3135.75,220834
2021-05-31 09:32:00,3136.0,220854
2021-05-31 09:32:01,3133.05,222017
2021-05-31 09:32:02,3133.5,222155
2021-05-31 09:32:03,3133.5,222199
2021-05-31 09:32:04,3135.0,222260
2021-05-31 09:32:05,3134.45,222264
2021-05-31 09:32:06,3134.0,222265
2021-05-31 09:32:07,3134.0,222290
2021-05-31 09:32:08,3134.15,222298
2021-05-31 09:32:09,3134.2,222304
2021-05-31 09:32:10,3134.2,222304
2021-05-31 09:32:11,3134.25,222409
2021-05-31 09:32:12,3134.0,222419
2021-05-31 09:32:13,3134.2,222613
2021-05-31 09:32:14,3134.2,222905
2021-05-31 09:32:15,3134.2,222983
2021-05-31 09:32:16,3135.4,223354
2021-05-31 09:32:17,3135.65,223359
2021-05-31 09:32:18,3134.35,223367
2021-05-31 09:32:20,3134.2,223477
2021-05-31 09:32:21,3134.25,223497
2021-05-31 09:32:22,3134.3,223502
2021-05-31 09:32:24,3135.8,223603
2021-05-31 09:32:25,3133.9,226039
2021-05-31 09:32:26,3132.55,226173
2021-05-31 09:32:27,3133.25,226229
2021-05-31 09:32:28,3132.1,226312
2021-05-31 09:32:29,3133.55,226363
2021-05-31 09:32:30,3132.1,226399
2021-05-31 09:32:31,3132.1,226407
2021-05-31 09:32:32,3133.0,226471
2021-05-31 09:32:33,3134.0,227111
2021-05-31 09:32:34,3134.3,227886
2021-05-31 09:32:35,3134.3,227886
2021-05-31 09:32:36,3133.25,228094
2021-05-31 09:32:37,3133.1,228147
2021-05-31 09:32:38,3132.0,228320
2021-05-31 09:32:39,3131.0,228434
2021-05-31 09:32:40,3132.9,228498
2021-05-31 09:32:40,3132.9,228498
2021-05-31 09:32:41,3133.1,228603
2021-05-31 09:32:42,3131.2,228705
2021-05-31 09:32:43,3133.0,228740
2021-05-31 09:32:44,3133.0,228745
2021-05-31 09:32:45,3130.95,228920
2021-05-31 09:32:46,3132.5,228936
2021-05-31 09:32:47,3132.6,228959
2021-05-31 09:32:48,3131.75,229599
2021-05-31 09:32:49,3131.5,229655
2021-05-31 09:32:50,3131.35,229845
2021-05-31 09:32:51,3131.3,229865
2021-05-31 09:32:53,3131.3,229988
2021-05-31 09:32:54,3131.35,229993
2021-05-31 09:32:55,3131.95,230193
2021-05-31 09:32:56,3131.0,230379
2021-05-31 09:32:57,3131.0,230380
2021-05-31 09:32:58,3132.35,230460
2021-05-31 09:32:59,3132.35,230467
2021-05-31 09:33:01,3130.6,230579
2021-05-31 09:33:02,3131.35,230881
2021-05-31 09:33:03,3131.9,230898
2021-05-31 09:33:04,3130.6,230968
2021-05-31 09:33:05,3131.0,230973
2021-05-31 09:33:06,3130.6,231005
2021-05-31 09:33:07,3130.6,231005
2021-05-31 09:33:08,3131.9,231007
2021-05-31 09:33:09,3131.9,231050
2021-05-31 09:33:10,3130.95,231068
2021-05-31 09:33:10,3130.95,231068
2021-05-31 09:33:11,3131.0,231070
2021-05-31 09:33:12,3131.35,231113
2021-05-31 09:33:14,3130.95,231178
2021-05-31 09:33:15,3130.75,231223
2021-05-31 09:33:16,3129.0,233770
2021-05-31 09:33:17,3130.2,234062
2021-05-31 09:33:18,3129.85,234071
2021-05-31 09:33:19,3129.0,234493
2021-05-31 09:33:20,3129.45,234603
2021-05-31 09:33:21,3129.3,234635
2021-05-31 09:33:22,3129.3,234635
2021-05-31 09:33:23,3130.0,234655
2021-05-31 09:33:24,3130.0,234682
2021-05-31 09:33:25,3130.0,234825
2021-05-31 09:33:26,3130.0,234845
2021-05-31 09:33:27,3131.0,234874
2021-05-31 09:33:28,3131.0,234874
2021-05-31 09:33:29,3131.05,235146
2021-05-31 09:33:30,3131.2,235175
2021-05-31 09:33:31,3131.3,235213
2021-05-31 09:33:32,3131.35,235298
2021-05-31 09:33:33,3131.2,235456
2021-05-31 09:33:34,3131.2,235753
2021-05-31 09:33:35,3132.4,235825
2021-05-31 09:33:36,3132.05,235909
2021-05-31 09:33:37,3132.05,236030
2021-05-31 09:33:38,3132.15,236066
2021-05-31 09:33:39,3132.15,236070
2021-05-31 09:33:40,3132.15,236074
2021-05-31 09:33:41,3132.0,236260
2021-05-31 09:33:42,3132.0,236462
2021-05-31 09:33:43,3133.0,237146
2021-05-31 09:33:44,3131.8,237232
2021-05-31 09:33:45,3131.8,237406
2021-05-31 09:33:46,3132.1,237414
2021-05-31 09:33:47,3131.8,237434
2021-05-31 09:33:48,3132.1,237447
2021-05-31 09:33:49,3132.0,237568
2021-05-31 09:33:50,3131.8,237594
2021-05-31 09:33:51,3132.05,237873
2021-05-31 09:33:52,3132.15,237874
2021-05-31 09:33:53,3132.15,237874
2021-05-31 09:33:54,3132.15,237973
2021-05-31 09:33:55,3133.0,237987
2021-05-31 09:33:56,3133.0,238568
2021-05-31 09:33:57,3133.0,238568
2021-05-31 09:33:58,3134.2,238673
2021-05-31 09:33:59,3133.0,238676
2021-05-31 09:34:00,3133.05,238696
2021-05-31 09:34:01,3133.05,238903
2021-05-31 09:34:02,3134.2,238948
2021-05-31 09:34:03,3134.3,239012
2021-05-31 09:34:04,3134.0,239145
2021-05-31 09:34:05,3134.0,239148
2021-05-31 09:34:07,3134.0,239279
2021-05-31 09:34:08,3134.55,240353
2021-05-31 09:34:09,3134.55,240353
2021-05-31 09:34:10,3134.0,240376
2021-05-31 09:34:11,3134.0,240381
2021-05-31 09:34:11,3134.0,240381
2021-05-31 09:34:13,3133.9,240429
2021-05-31 09:34:14,3133.85,240672
2021-05-31 09:34:15,3133.2,240872
2021-05-31 09:34:16,3133.25,240899
2021-05-31 09:34:17,3132.05,241116
2021-05-31 09:34:18,3131.8,241208
2021-05-31 09:34:19,3131.8,241226
2021-05-31 09:34:20,3131.2,241576
2021-05-31 09:34:21,3131.45,241580
2021-05-31 09:34:22,3131.45,241580
2021-05-31 09:34:23,3130.2,241606
2021-05-31 09:34:24,3130.55,241612
2021-05-31 09:34:25,3130.15,241723
2021-05-31 09:34:26,3130.15,241728
2021-05-31 09:34:27,3131.35,241743
2021-05-31 09:34:28,3131.35,241765
2021-05-31 09:34:29,3131.35,241783
2021-05-31 09:34:30,3131.2,242972
2021-05-31 09:34:31,3131.2,243183
2021-05-31 09:34:32,3131.5,243184
2021-05-31 09:34:33,3131.5,243187
2021-05-31 09:34:34,3131.5,243187
2021-05-31 09:34:34,3131.5,243187
2021-05-31 09:34:35,3132.0,243188
2021-05-31 09:34:36,3132.0,243249
2021-05-31 09:34:38,3132.0,243249
2021-05-31 09:34:40,3132.8,243572
2021-05-31 09:34:41,3133.4,243727
2021-05-31 09:34:42,3133.5,243735
2021-05-31 09:34:43,3133.5,243742
2021-05-31 09:34:44,3133.5,243742
2021-05-31 09:34:45,3133.85,243851
2021-05-31 09:34:46,3132.9,243913
2021-05-31 09:34:47,3132.9,243913
2021-05-31 09:34:48,3132.9,243913
2021-05-31 09:34:49,3133.65,243915
2021-05-31 09:34:50,3132.5,243938
2021-05-31 09:34:50,3132.5,243938
2021-05-31 09:34:52,3133.0,243951
2021-05-31 09:34:53,3133.55,243952
2021-05-31 09:34:54,3133.55,243987
2021-05-31 09:34:55,3133.55,243987
2021-05-31 09:34:56,3133.0,243996
2021-05-31 09:34:57,3133.7,244002
2021-05-31 09:34:58,3132.6,244122
2021-05-31 09:34:59,3134.0,244192
2021-05-31 09:35:00,3133.4,244250
2021-05-31 09:35:01,3133.2,244298
2021-05-31 09:35:02,3133.2,244298
2021-05-31 09:35:03,3134.0,244299
2021-05-31 09:35:03,3134.0,244299
2021-05-31 09:35:04,3133.85,244337
2021-05-31 09:35:05,3133.9,244463
2021-05-31 09:35:06,3133.9,244463
2021-05-31 09:35:07,3133.85,244483
2021-05-31 09:35:08,3135.0,244558
2021-05-31 09:35:09,3135.0,244558
2021-05-31 09:35:11,3135.6,244671
2021-05-31 09:35:12,3135.6,244671
2021-05-31 09:35:13,3135.6,244681
2021-05-31 09:35:14,3134.2,244699
2021-05-31 09:35:15,3134.2,244702
2021-05-31 09:35:16,3135.05,244763
2021-05-31 09:35:17,3135.05,244989
2021-05-31 09:35:18,3135.0,245006
2021-05-31 09:35:20,3135.8,245065
2021-05-31 09:35:21,3135.0,245081
2021-05-31 09:35:22,3135.55,245125
2021-05-31 09:35:23,3135.0,245283
2021-05-31 09:35:24,3135.0,245283
2021-05-31 09:35:25,3135.55,245286
2021-05-31 09:35:26,3135.0,245300
2021-05-31 09:35:27,3135.0,245300
2021-05-31 09:35:28,3135.5,245330
2021-05-31 09:35:29,3135.3,245348
2021-05-31 09:35:30,3135.3,245505
2021-05-31 09:35:31,3135.55,245511
2021-05-31 09:35:31,3135.55,245561
2021-05-31 09:35:32,3135.55,245561
2021-05-31 09:35:33,3135.3,245641
2021-05-31 09:35:34,3135.55,245744
2021-05-31 09:35:36,3135.3,245745
2021-05-31 09:35:37,3136.0,245924
2021-05-31 09:35:38,3136.0,245990
2021-05-31 09:35:39,3136.25,246231
2021-05-31 09:35:40,3136.5,246239
2021-05-31 09:35:41,3138.5,246395
2021-05-31 09:35:42,3138.5,246395
2021-05-31 09:35:43,3138.5,246395
2021-05-31 09:35:44,3137.0,246425
2021-05-31 09:35:45,3137.0,246425
2021-05-31 09:35:47,3137.3,246592
2021-05-31 09:35:50,3138.95,246744
2021-05-31 09:35:50,3139.05,246844
2021-05-31 09:35:52,3138.95,247006
2021-05-31 09:35:52,3138.95,246931
2021-05-31 09:35:53,3139.1,247029
2021-05-31 09:35:55,3139.2,247068
2021-05-31 09:35:56,3139.1,247220
2021-05-31 09:35:57,3139.25,247222
2021-05-31 09:35:58,3138.35,247633
2021-05-31 09:35:59,3138.0,247846
2021-05-31 09:36:00,3138.0,247868
2021-05-31 09:36:01,3138.0,247894
2021-05-31 09:36:02,3138.0,249847
2021-05-31 09:36:03,3138.0,249847
2021-05-31 09:36:04,3138.0,249890
2021-05-31 09:36:05,3138.0,250029
2021-05-31 09:36:06,3138.0,250065
2021-05-31 09:36:07,3138.0,250083
2021-05-31 09:36:08,3138.0,250101
2021-05-31 09:36:09,3139.4,250619
2021-05-31 09:36:10,3139.4,250619
2021-05-31 09:36:11,3139.1,250705
2021-05-31 09:36:12,3138.0,250706
2021-05-31 09:36:13,3139.0,250739
2021-05-31 09:36:14,3138.6,250747
2021-05-31 09:36:15,3138.1,250772
2021-05-31 09:36:16,3139.85,250845
2021-05-31 09:36:17,3139.85,250845
2021-05-31 09:36:18,3138.6,250982
2021-05-31 09:36:19,3139.05,251132
2021-05-31 09:36:20,3139.1,251147
2021-05-31 09:36:22,3139.5,251260
2021-05-31 09:36:23,3139.0,251352
2021-05-31 09:36:24,3139.0,251731
2021-05-31 09:36:25,3138.85,251744
2021-05-31 09:36:26,3138.85,251765
2021-05-31 09:36:27,3136.4,252101
2021-05-31 09:36:28,3138.75,252528
2021-05-31 09:36:29,3136.9,252529
2021-05-31 09:36:30,3136.9,252556
2021-05-31 09:36:31,3138.35,252616
2021-05-31 09:36:32,3137.9,252637
2021-05-31 09:36:33,3137.75,252793
2021-05-31 09:36:34,3137.85,253111
2021-05-31 09:36:35,3137.5,253161
2021-05-31 09:36:36,3136.9,253900
2021-05-31 09:36:38,3136.25,254324
2021-05-31 09:36:37,3136.25,254324
2021-05-31 09:36:39,3136.3,254342
2021-05-31 09:36:40,3136.25,254377
2021-05-31 09:36:41,3137.5,254383
2021-05-31 09:36:42,3136.9,254386
2021-05-31 09:36:43,3137.5,254399
2021-05-31 09:36:44,3137.5,254399
2021-05-31 09:36:46,3137.45,254463
2021-05-31 09:36:45,3137.45,254463
2021-05-31 09:36:47,3137.45,254581
2021-05-31 09:36:48,3137.45,254588
2021-05-31 09:36:49,3137.45,254590
2021-05-31 09:36:50,3137.5,254603
2021-05-31 09:36:51,3137.5,254684
2021-05-31 09:36:52,3137.55,254732
2021-05-31 09:36:53,3137.6,254784
2021-05-31 09:36:54,3137.6,254818
2021-05-31 09:36:55,3138.95,254819
2021-05-31 09:36:56,3137.7,254838
2021-05-31 09:36:57,3137.6,254856
2021-05-31 09:36:58,3138.9,254859
2021-05-31 09:36:59,3137.6,254869
2021-05-31 09:37:00,3137.6,254901
2021-05-31 09:37:01,3137.5,255242
2021-05-31 09:37:02,3137.1,255326
2021-05-31 09:37:03,3137.0,255403
2021-05-31 09:37:05,3137.4,255405
2021-05-31 09:37:06,3136.1,255483
2021-05-31 09:37:07,3136.1,255483
2021-05-31 09:37:08,3137.1,255641
2021-05-31 09:37:09,3135.75,255791
2021-05-31 09:37:10,3136.35,255963
2021-05-31 09:37:11,3135.7,255982
2021-05-31 09:37:12,3137.5,255987
2021-05-31 09:37:13,3137.5,255987
2021-05-31 09:37:14,3137.5,255992
2021-05-31 09:37:15,3137.5,256004
2021-05-31 09:37:16,3137.5,256004
2021-05-31 09:37:17,3137.75,256054
2021-05-31 09:37:18,3137.75,256054
2021-05-31 09:37:19,3137.7,256065
2021-05-31 09:37:20,3135.1,256412
2021-05-31 09:37:21,3135.05,256426
2021-05-31 09:37:22,3135.05,256426
2021-05-31 09:37:23,3135.8,256436
2021-05-31 09:37:24,3135.8,256436
2021-05-31 09:37:26,3135.45,256461
2021-05-31 09:37:27,3134.95,256821
2021-05-31 09:37:28,3135.5,256908
2021-05-31 09:37:29,3134.05,257122
2021-05-31 09:37:30,3133.85,257195
2021-05-31 09:37:31,3133.2,257320
2021-05-31 09:37:32,3134.65,257520
2021-05-31 09:37:33,3134.65,257620
2021-05-31 09:37:34,3133.25,258020
2021-05-31 09:37:35,3134.05,258231
2021-05-31 09:37:36,3134.05,258262
2021-05-31 09:37:37,3134.05,258262
2021-05-31 09:37:38,3134.05,258262
2021-05-31 09:37:39,3134.65,258368
2021-05-31 09:37:40,3134.65,258373
2021-05-31 09:37:41,3135.05,258716
2021-05-31 09:37:42,3136.7,258867
2021-05-31 09:37:43,3135.55,258887
2021-05-31 09:37:44,3136.8,258945
2021-05-31 09:37:45,3136.9,258950
2021-05-31 09:37:46,3136.9,258950
2021-05-31 09:37:47,3136.9,258950
2021-05-31 09:37:48,3135.35,259134
2021-05-31 09:37:49,3135.4,259234
2021-05-31 09:37:50,3136.85,259241
2021-05-31 09:37:51,3136.9,259259
2021-05-31 09:37:52,3137.85,260034
2021-05-31 09:37:53,3137.95,260037
2021-05-31 09:37:54,3135.65,260449
2021-05-31 09:37:55,3134.4,260687
2021-05-31 09:37:56,3134.4,260687
2021-05-31 09:37:57,3134.4,260687
2021-05-31 09:37:58,3134.5,260742
2021-05-31 09:37:59,3134.5,260742
2021-05-31 09:38:00,3134.5,260742
2021-05-31 09:38:01,3134.0,260852
2021-05-31 09:38:02,3134.0,260852
2021-05-31 09:38:03,3134.0,260852
2021-05-31 09:38:04,3133.9,260890
2021-05-31 09:38:05,3133.9,260890
2021-05-31 09:38:06,3133.9,260890
2021-05-31 09:38:07,3135.7,260902
2021-05-31 09:38:08,3135.7,260902
2021-05-31 09:38:09,3136.3,260907
2021-05-31 09:38:10,3136.3,260917
2021-05-31 09:38:11,3136.3,260917
2021-05-31 09:38:12,3136.3,260917
2021-05-31 09:38:13,3135.7,260918
2021-05-31 09:38:14,3135.7,260918
2021-05-31 09:38:15,3136.35,260957
2021-05-31 09:38:16,3134.0,261101
2021-05-31 09:38:17,3134.25,261331
2021-05-31 09:38:18,3136.75,261542
2021-05-31 09:38:19,3136.75,261549
2021-05-31 09:38:20,3135.9,261585
2021-05-31 09:38:22,3135.65,261667
2021-05-31 09:38:22,3136.75,261717
2021-05-31 09:38:23,3135.45,261735
2021-05-31 09:38:24,3135.4,261755
2021-05-31 09:38:25,3135.5,261765
2021-05-31 09:38:26,3135.5,261765
2021-05-31 09:38:28,3136.75,261770
2021-05-31 09:38:28,3135.35,261799
2021-05-31 09:38:30,3135.35,261799
2021-05-31 09:38:31,3136.75,261812
2021-05-31 09:38:33,3136.75,261818
2021-05-31 09:38:35,3135.65,262139
2021-05-31 09:38:36,3137.2,262298
2021-05-31 09:38:37,3135.85,262348
2021-05-31 09:38:38,3137.2,262678
2021-05-31 09:38:39,3136.75,262719
2021-05-31 09:38:41,3135.6,262756
2021-05-31 09:38:42,3135.0,262774
2021-05-31 09:38:43,3135.2,262796
2021-05-31 09:38:45,3135.65,262815
2021-05-31 09:38:45,3135.5,262817
2021-05-31 09:38:46,3135.65,262837
2021-05-31 09:38:47,3135.05,262852
2021-05-31 09:38:48,3137.3,263384
2021-05-31 09:38:50,3137.35,263412
2021-05-31 09:38:50,3136.65,263438
2021-05-31 09:38:51,3135.55,263767
2021-05-31 09:38:52,3135.55,263771
2021-05-31 09:38:53,3135.55,263771
2021-05-31 09:38:54,3136.85,263830
2021-05-31 09:38:55,3135.65,263848
2021-05-31 09:38:56,3135.65,263848
2021-05-31 09:38:57,3136.75,263935
2021-05-31 09:38:58,3136.75,263935
2021-05-31 09:38:59,3136.75,263935
2021-05-31 09:39:00,3136.55,263958
2021-05-31 09:39:01,3136.75,264251
2021-05-31 09:39:02,3135.85,264585
2021-05-31 09:39:03,3135.85,264585
2021-05-31 09:39:04,3137.9,264737
2021-05-31 09:39:05,3136.75,264871
2021-05-31 09:39:07,3136.75,264886
2021-05-31 09:39:07,3136.55,264928
2021-05-31 09:39:08,3136.55,264928
2021-05-31 09:39:09,3136.55,264928
2021-05-31 09:39:10,3137.35,264932
2021-05-31 09:39:11,3136.95,265087
2021-05-31 09:39:12,3136.55,265089
2021-05-31 09:39:13,3137.05,265125
2021-05-31 09:39:14,3137.05,265125
2021-05-31 09:39:15,3137.75,265128
2021-05-31 09:39:16,3136.0,265248
2021-05-31 09:39:17,3136.05,265293
2021-05-31 09:39:18,3135.0,265513
2021-05-31 09:39:20,3136.35,265514
2021-05-31 09:39:20,3136.35,265514
2021-05-31 09:39:22,3135.65,265737
2021-05-31 09:39:22,3135.0,265602
2021-05-31 09:39:23,3135.65,265747
2021-05-31 09:39:24,3135.75,265813
2021-05-31 09:39:25,3135.75,265817
2021-05-31 09:39:26,3135.75,265834
2021-05-31 09:39:27,3135.75,265867
2021-05-31 09:39:28,3135.75,265887
2021-05-31 09:39:29,3135.1,266187
2021-05-31 09:39:30,3135.0,266200
2021-05-31 09:39:31,3135.0,266200
2021-05-31 09:39:32,3135.0,266200
2021-05-31 09:39:33,3135.0,266200
2021-05-31 09:39:34,3135.75,266201
2021-05-31 09:39:35,3135.75,266204
2021-05-31 09:39:37,3135.75,266286
2021-05-31 09:39:37,3135.75,266423
2021-05-31 09:39:39,3135.0,266554
2021-05-31 09:39:39,3134.0,267078
2021-05-31 09:39:40,3134.9,267233
2021-05-31 09:39:42,3134.0,267396
2021-05-31 09:39:43,3135.05,267408
2021-05-31 09:39:43,3135.05,267408
2021-05-31 09:39:44,3134.1,267416
2021-05-31 09:39:46,3135.2,267455
2021-05-31 09:39:47,3135.2,267455
2021-05-31 09:39:47,3134.95,267457
2021-05-31 09:39:48,3134.95,267457
2021-05-31 09:39:50,3134.95,267457
2021-05-31 09:39:51,3134.1,267462
2021-05-31 09:39:52,3134.1,267503
2021-05-31 09:39:52,3134.1,267503
2021-05-31 09:39:53,3134.1,267503
2021-05-31 09:39:54,3134.1,267521
2021-05-31 09:39:55,3134.1,267521
2021-05-31 09:39:56,3134.35,267672
2021-05-31 09:39:57,3135.1,267821
2021-05-31 09:39:58,3136.0,268042
2021-05-31 09:39:59,3134.35,268072
2021-05-31 09:40:00,3136.35,268207
2021-05-31 09:40:01,3135.95,268228
2021-05-31 09:40:02,3136.35,268429
2021-05-31 09:40:03,3136.6,268687
2021-05-31 09:40:04,3136.1,268689
2021-05-31 09:40:05,3136.1,268689
2021-05-31 09:40:06,3138.4,269089
2021-05-31 09:40:07,3138.65,269106
2021-05-31 09:40:08,3138.65,269106
2021-05-31 09:40:09,3138.6,269107
2021-05-31 09:40:11,3137.05,269128
2021-05-31 09:40:11,3137.05,269128
2021-05-31 09:40:12,3138.3,269261
2021-05-31 09:40:13,3138.3,269261
2021-05-31 09:40:14,3138.8,269271
2021-05-31 09:40:15,3138.8,269309
2021-05-31 09:40:16,3138.8,269309
2021-05-31 09:40:18,3138.6,269311
2021-05-31 09:40:19,3138.65,269419
2021-05-31 09:40:20,3138.65,269419
2021-05-31 09:40:21,3138.65,269419
2021-05-31 09:40:22,3138.5,269474
2021-05-31 09:40:23,3138.4,269484
2021-05-31 09:40:23,3138.4,269484
2021-05-31 09:40:24,3138.45,269545
2021-05-31 09:40:25,3137.45,269575
2021-05-31 09:40:26,3138.65,269633
2021-05-31 09:40:27,3138.0,269939
2021-05-31 09:40:28,3138.35,269946
2021-05-31 09:40:29,3137.25,269976
2021-05-31 09:40:30,3138.3,269977
2021-05-31 09:40:31,3138.35,270047
2021-05-31 09:40:32,3138.35,270047
2021-05-31 09:40:33,3138.4,270088
2021-05-31 09:40:35,3138.45,270112
2021-05-31 09:40:36,3138.4,270116
2021-05-31 09:40:37,3138.45,270148
2021-05-31 09:40:39,3138.45,270156
2021-05-31 09:40:41,3138.45,270166
2021-05-31 09:40:42,3138.65,270179
2021-05-31 09:40:43,3138.65,270187
2021-05-31 09:40:44,3138.65,270230
2021-05-31 09:40:45,3138.65,270230
2021-05-31 09:40:46,3139.0,270237
2021-05-31 09:40:47,3138.55,270609
2021-05-31 09:40:47,3138.55,270609
2021-05-31 09:40:48,3138.85,270769
2021-05-31 09:40:49,3137.4,270870
2021-05-31 09:40:50,3137.4,270970
2021-05-31 09:40:51,3137.4,270970
2021-05-31 09:40:52,3137.4,270970
2021-05-31 09:40:53,3137.4,270970
2021-05-31 09:40:54,3138.75,270990
2021-05-31 09:40:55,3138.95,271008
2021-05-31 09:40:56,3139.0,271045
2021-05-31 09:40:57,3139.0,271045
2021-05-31 09:40:59,3139.0,271050
2021-05-31 09:41:00,3139.0,271055
2021-05-31 09:41:01,3139.0,271188
2021-05-31 09:41:02,3139.0,271217
2021-05-31 09:41:03,3139.0,271240
2021-05-31 09:41:03,3139.0,271240
2021-05-31 09:41:04,3138.55,271289
2021-05-31 09:41:05,3138.55,271299
2021-05-31 09:41:06,3138.55,271299
2021-05-31 09:41:08,3139.0,271311
2021-05-31 09:41:09,3138.8,271313
2021-05-31 09:41:10,3138.8,271351
2021-05-31 09:41:10,3138.8,271351
2021-05-31 09:41:11,3138.8,271519
2021-05-31 09:41:12,3137.1,271667
2021-05-31 09:41:13,3138.45,271701
2021-05-31 09:41:14,3138.6,271712
2021-05-31 09:41:16,3138.75,271723
2021-05-31 09:41:17,3138.85,271734
2021-05-31 09:41:17,3138.85,271735
2021-05-31 09:41:18,3139.0,271839
2021-05-31 09:41:19,3138.8,271866
2021-05-31 09:41:20,3138.5,271876
2021-05-31 09:41:22,3139.0,272097
2021-05-31 09:41:23,3139.0,272097
2021-05-31 09:41:24,3139.0,272123
2021-05-31 09:41:25,3139.0,272128
2021-05-31 09:41:26,3139.0,272145
2021-05-31 09:41:26,3139.0,272145
2021-05-31 09:41:27,3139.0,272309
2021-05-31 09:41:28,3138.65,272367
2021-05-31 09:41:29,3138.65,272367
2021-05-31 09:41:31,3139.0,272373
2021-05-31 09:41:32,3137.65,272399
2021-05-31 09:41:33,3137.95,272470
2021-05-31 09:41:33,3137.95,272470
2021-05-31 09:41:34,3137.95,272491
2021-05-31 09:41:35,3136.5,273330
2021-05-31 09:41:36,3137.2,273885
2021-05-31 09:41:37,3137.2,273886
2021-05-31 09:41:39,3136.35,273932
2021-05-31 09:41:40,3136.35,273932
2021-05-31 09:41:41,3139.0,275088
2021-05-31 09:41:42,3139.0,275253
2021-05-31 09:41:43,3137.45,275554
2021-05-31 09:41:43,3137.45,275554
2021-05-31 09:41:44,3137.45,275554
2021-05-31 09:41:45,3139.0,275564
2021-05-31 09:41:46,3139.0,275564
2021-05-31 09:41:47,3139.0,275564
2021-05-31 09:41:49,3137.9,275678
2021-05-31 09:41:50,3138.9,275738
2021-05-31 09:41:51,3138.7,275777
2021-05-31 09:41:52,3138.9,275782
2021-05-31 09:41:53,3137.15,276627
2021-05-31 09:41:54,3135.85,277213
2021-05-31 09:41:54,3137.6,277351
2021-05-31 09:41:55,3137.7,277532
2021-05-31 09:41:56,3137.3,277569
2021-05-31 09:41:58,3137.05,277772
2021-05-31 09:41:59,3137.5,277929
2021-05-31 09:42:00,3137.4,277979
2021-05-31 09:42:01,3137.6,278031
2021-05-31 09:42:02,3136.05,278143
2021-05-31 09:42:03,3136.05,278143
2021-05-31 09:42:03,3136.05,278143
2021-05-31 09:42:04,3137.35,278163
2021-05-31 09:42:05,3136.3,278165
2021-05-31 09:42:06,3137.3,278289
2021-05-31 09:42:07,3137.25,278315
2021-05-31 09:42:08,3136.2,278334
2021-05-31 09:42:09,3138.15,278511
2021-05-31 09:42:10,3137.75,278527
2021-05-31 09:42:12,3137.75,278527
2021-05-31 09:42:13,3137.7,278551
2021-05-31 09:42:14,3138.05,278610
2021-05-31 09:42:15,3137.85,278638
2021-05-31 09:42:16,3137.55,278685
2021-05-31 09:42:17,3137.15,278803
2021-05-31 09:42:18,3136.05,278932
2021-05-31 09:42:19,3136.05,278932
2021-05-31 09:42:20,3136.85,279424
2021-05-31 09:42:21,3137.25,279444
2021-05-31 09:42:21,3137.25,279444
2021-05-31 09:42:22,3136.1,279462
2021-05-31 09:42:23,3137.2,279463
2021-05-31 09:42:24,3137.2,279464
2021-05-31 09:42:25,3136.9,279575
2021-05-31 09:42:27,3137.0,279785
2021-05-31 09:42:28,3136.95,279885
2021-05-31 09:42:28,3136.95,279886
2021-05-31 09:42:29,3136.95,279886
2021-05-31 09:42:31,3135.6,279932
2021-05-31 09:42:32,3136.85,280056
2021-05-31 09:42:33,3135.55,280066
2021-05-31 09:42:33,3135.85,280067
2021-05-31 09:42:34,3135.95,280173
2021-05-31 09:42:35,3135.75,280493
2021-05-31 09:42:36,3135.9,280612
2021-05-31 09:42:37,3135.9,280705
2021-05-31 09:42:39,3135.0,280776
2021-05-31 09:42:40,3135.75,280913
2021-05-31 09:42:41,3135.0,281046
2021-05-31 09:42:42,3135.0,281146
2021-05-31 09:42:43,3135.0,281174
2021-05-31 09:42:43,3135.6,281276
2021-05-31 09:42:44,3135.7,281386
2021-05-31 09:42:46,3135.7,281565
2021-05-31 09:42:47,3136.05,281938
2021-05-31 09:42:48,3135.6,281939
2021-05-31 09:42:49,3137.15,282139
2021-05-31 09:42:49,3137.15,282139
2021-05-31 09:42:52,3135.65,282288
2021-05-31 09:42:53,3135.7,282350
2021-05-31 09:42:54,3136.85,282458
2021-05-31 09:42:55,3136.75,282559
2021-05-31 09:42:55,3137.0,282652
2021-05-31 09:42:56,3137.0,282825
2021-05-31 09:42:59,3135.15,282973
2021-05-31 09:43:00,3136.65,282976
2021-05-31 09:43:01,3136.7,283057
2021-05-31 09:43:02,3136.7,283057
2021-05-31 09:43:03,3136.7,283057
2021-05-31 09:43:04,3136.0,283065
2021-05-31 09:43:05,3135.6,283109
2021-05-31 09:43:05,3135.6,283109
2021-05-31 09:43:06,3135.4,283177
2021-05-31 09:43:07,3136.4,283208
2021-05-31 09:43:08,3135.0,283248
2021-05-31 09:43:09,3136.4,283360
2021-05-31 09:43:11,3136.55,283412
2021-05-31 09:43:12,3136.4,283481
2021-05-31 09:43:13,3136.3,283529
2021-05-31 09:43:14,3136.3,283529
2021-05-31 09:43:15,3135.0,283565
2021-05-31 09:43:16,3136.3,283567
2021-05-31 09:43:17,3135.05,283586
2021-05-31 09:43:18,3136.0,283616
2021-05-31 09:43:19,3136.1,283645
2021-05-31 09:43:20,3136.2,283677
2021-05-31 09:43:20,3136.2,283677
2021-05-31 09:43:22,3136.0,283717
2021-05-31 09:43:23,3136.0,283718
2021-05-31 09:43:24,3136.25,283725
2021-05-31 09:43:25,3136.25,283802
2021-05-31 09:43:26,3136.25,283937
2021-05-31 09:43:27,3135.2,283939
2021-05-31 09:43:28,3135.2,283939
2021-05-31 09:43:28,3136.25,283991
2021-05-31 09:43:30,3135.95,284062
2021-05-31 09:43:31,3135.95,284137
2021-05-31 09:43:32,3136.0,284197
2021-05-31 09:43:33,3136.15,284211
2021-05-31 09:43:34,3135.0,284256
2021-05-31 09:43:35,3135.0,284256
2021-05-31 09:43:35,3135.0,284256
2021-05-31 09:43:36,3135.95,284300
2021-05-31 09:43:37,3135.95,284322
2021-05-31 09:43:39,3135.95,284347
2021-05-31 09:43:40,3135.95,284608
2021-05-31 09:43:41,3135.15,284788
2021-05-31 09:43:42,3135.75,284803
2021-05-31 09:43:43,3135.75,284869
2021-05-31 09:43:44,3135.1,284870
2021-05-31 09:43:45,3135.1,284947
2021-05-31 09:43:46,3135.75,285071
2021-05-31 09:43:47,3135.75,285071
2021-05-31 09:43:48,3135.75,285072
2021-05-31 09:43:48,3135.75,285074
2021-05-31 09:43:49,3135.9,285977
2021-05-31 09:43:50,3136.25,286206
2021-05-31 09:43:51,3136.2,286314
2021-05-31 09:43:52,3135.0,286370
2021-05-31 09:43:53,3135.0,286370
2021-05-31 09:43:55,3135.75,286449
2021-05-31 09:43:56,3135.75,286488
2021-05-31 09:43:57,3135.5,286792
2021-05-31 09:43:58,3136.05,286957
2021-05-31 09:43:59,3135.95,286984
2021-05-31 09:44:00,3135.95,287056
2021-05-31 09:44:01,3135.0,287131
2021-05-31 09:44:02,3134.95,287141
2021-05-31 09:44:03,3135.45,287167
2021-05-31 09:44:04,3135.45,287167
2021-05-31 09:44:05,3135.45,287167
2021-05-31 09:44:06,3135.25,288127
2021-05-31 09:44:06,3135.25,288424
2021-05-31 09:44:07,3135.6,289949
2021-05-31 09:44:08,3135.65,289951
2021-05-31 09:44:09,3136.1,290332
2021-05-31 09:44:10,3135.45,290343
2021-05-31 09:44:11,3135.45,290343
2021-05-31 09:44:13,3135.45,290343
2021-05-31 09:44:14,3135.35,290347
2021-05-31 09:44:15,3135.75,290397
2021-05-31 09:44:16,3135.35,290416
2021-05-31 09:44:16,3135.35,290416
2021-05-31 09:44:17,3135.35,290416
2021-05-31 09:44:18,3135.35,290416
2021-05-31 09:44:19,3135.35,290416
2021-05-31 09:44:20,3135.35,290444
2021-05-31 09:44:22,3135.35,290462
2021-05-31 09:44:23,3135.35,290467
2021-05-31 09:44:24,3134.0,291030
2021-05-31 09:44:25,3135.65,291255
2021-05-31 09:44:26,3135.7,291275
2021-05-31 09:44:26,3135.7,291275
2021-05-31 09:44:27,3135.35,291276
2021-05-31 09:44:28,3135.6,291277
2021-05-31 09:44:30,3135.6,291281
2021-05-31 09:44:31,3135.6,291281
2021-05-31 09:44:32,3135.35,291294
2021-05-31 09:44:33,3135.35,291294
2021-05-31 09:44:34,3135.35,291299
2021-05-31 09:44:35,3135.35,291299
2021-05-31 09:44:36,3135.85,291491
2021-05-31 09:44:38,3134.05,291791
2021-05-31 09:44:39,3134.3,292112
2021-05-31 09:44:39,3134.3,292112
2021-05-31 09:44:41,3134.2,292114
2021-05-31 09:44:42,3134.2,292114
2021-05-31 09:44:43,3134.2,292114
2021-05-31 09:44:44,3135.0,292128
2021-05-31 09:44:45,3134.2,292136
2021-05-31 09:44:45,3134.2,292142
2021-05-31 09:44:46,3134.2,292142
2021-05-31 09:44:47,3134.3,292145
2021-05-31 09:44:48,3134.3,292146
2021-05-31 09:44:50,3135.55,292293
2021-05-31 09:44:51,3134.8,292427
2021-05-31 09:44:52,3134.4,292556
2021-05-31 09:44:53,3134.1,292693
2021-05-31 09:44:54,3134.4,292799
2021-05-31 09:44:54,3134.4,292801
2021-05-31 09:44:56,3134.4,292804
2021-05-31 09:44:57,3134.4,292804
2021-05-31 09:44:58,3134.9,292886
2021-05-31 09:44:59,3134.9,292886
2021-05-31 09:45:00,3134.05,292887
2021-05-31 09:45:01,3134.05,292887
2021-05-31 09:45:02,3134.8,292899
2021-05-31 09:45:03,3134.05,292962
2021-05-31 09:45:03,3134.7,293065
2021-05-31 09:45:05,3135.15,293980
2021-05-31 09:45:06,3135.25,294259
2021-05-31 09:45:07,3135.4,294267
2021-05-31 09:45:08,3135.4,294267
2021-05-31 09:45:09,3135.55,294348
2021-05-31 09:45:10,3137.0,294364
2021-05-31 09:45:11,3137.0,294367
2021-05-31 09:45:12,3136.45,294527
2021-05-31 09:45:14,3135.7,294529
2021-05-31 09:45:15,3135.7,294532
2021-05-31 09:45:16,3136.55,294552
2021-05-31 09:45:17,3135.7,294582
2021-05-31 09:45:17,3135.7,294582
2021-05-31 09:45:19,3135.7,294582
2021-05-31 09:45:20,3135.7,294682
2021-05-31 09:45:21,3137.35,296018
2021-05-31 09:45:22,3138.85,296164
2021-05-31 09:45:23,3138.9,296315
2021-05-31 09:45:24,3138.0,296343
2021-05-31 09:45:25,3137.95,296373
2021-05-31 09:45:26,3139.0,296451
2021-05-31 09:45:26,3139.0,296461
2021-05-31 09:45:29,3137.5,296498
2021-05-31 09:45:30,3139.0,296599
2021-05-31 09:45:31,3139.0,296599
2021-05-31 09:45:31,3139.0,296599
2021-05-31 09:45:32,3139.0,296599
2021-05-31 09:45:33,3139.0,296634
2021-05-31 09:45:35,3139.0,296794
2021-05-31 09:45:36,3138.5,296798
2021-05-31 09:45:37,3136.75,297104
2021-05-31 09:45:38,3137.1,297493
2021-05-31 09:45:39,3138.1,297494
2021-05-31 09:45:40,3137.9,297496
2021-05-31 09:45:40,3137.9,297496
2021-05-31 09:45:41,3137.9,297496
2021-05-31 09:45:44,3137.9,298997
2021-05-31 09:45:45,3138.9,299011
2021-05-31 09:45:46,3138.9,299013
2021-05-31 09:45:47,3138.9,299013
2021-05-31 09:45:48,3138.0,299042
2021-05-31 09:45:49,3138.9,299043
2021-05-31 09:45:50,3138.9,299043
2021-05-31 09:45:51,3138.9,299043
2021-05-31 09:45:52,3138.3,299080
2021-05-31 09:45:53,3139.0,299270
2021-05-31 09:45:54,3139.0,299280
2021-05-31 09:45:55,3138.9,299303
2021-05-31 09:45:56,3138.9,299303
2021-05-31 09:45:57,3139.0,302722
2021-05-31 09:45:57,3139.0,302722
2021-05-31 09:45:58,3139.9,303260
2021-05-31 09:45:59,3140.0,303419
2021-05-31 09:46:01,3140.0,303440
2021-05-31 09:46:02,3138.75,303607
2021-05-31 09:46:03,3139.75,303753
2021-05-31 09:46:04,3139.85,303763
2021-05-31 09:46:05,3138.6,304313
2021-05-31 09:46:06,3139.75,304317
2021-05-31 09:46:07,3139.7,304323
2021-05-31 09:46:08,3138.6,304343
2021-05-31 09:46:09,3138.6,304343
2021-05-31 09:46:10,3139.8,304403
2021-05-31 09:46:11,3139.8,304419
2021-05-31 09:46:12,3139.7,304432
2021-05-31 09:46:13,3139.85,304482
2021-05-31 09:46:14,3139.0,304532
2021-05-31 09:46:15,3139.0,304562
2021-05-31 09:46:16,3139.0,304562
2021-05-31 09:46:17,3139.0,304681
2021-05-31 09:46:18,3139.6,304716
2021-05-31 09:46:19,3141.0,305889
2021-05-31 09:46:20,3141.0,305889
2021-05-31 09:46:22,3141.75,306685
2021-05-31 09:46:23,3143.2,306738
2021-05-31 09:46:24,3143.2,306743
2021-05-31 09:46:25,3143.25,306762
2021-05-31 09:46:26,3142.05,306810
2021-05-31 09:46:27,3143.2,306922
2021-05-31 09:46:28,3144.0,310188
2021-05-31 09:46:29,3144.05,310205
2021-05-31 09:46:30,3139.65,310656
2021-05-31 09:46:31,3142.85,311702
2021-05-31 09:46:32,3142.85,311803
2021-05-31 09:46:33,3142.75,311908
2021-05-31 09:46:34,3142.75,312088
2021-05-31 09:46:35,3141.45,312259
2021-05-31 09:46:37,3142.8,312293
2021-05-31 09:46:38,3142.6,312352
2021-05-31 09:46:39,3142.55,312353
2021-05-31 09:46:40,3142.55,312485
2021-05-31 09:46:41,3143.0,312608
2021-05-31 09:46:42,3143.0,312613
2021-05-31 09:46:43,3142.0,312651
2021-05-31 09:46:44,3141.6,312715
2021-05-31 09:46:45,3141.25,312725
2021-05-31 09:46:46,3141.35,312748
2021-05-31 09:46:47,3141.35,312748
2021-05-31 09:46:48,3141.7,312798
2021-05-31 09:46:49,3141.7,312798
2021-05-31 09:46:50,3140.45,312919
2021-05-31 09:46:51,3140.45,312919
2021-05-31 09:46:52,3141.8,312941
2021-05-31 09:46:53,3142.0,313068
2021-05-31 09:46:54,3142.3,313073
2021-05-31 09:46:55,3142.3,313074
2021-05-31 09:46:56,3142.35,313092
2021-05-31 09:46:57,3142.35,313139
2021-05-31 09:46:58,3142.35,313139
2021-05-31 09:46:59,3141.5,313275
2021-05-31 09:47:00,3141.5,313275
2021-05-31 09:47:01,3142.05,313390
2021-05-31 09:47:02,3141.7,313443
2021-05-31 09:47:03,3141.7,313443
2021-05-31 09:47:04,3141.7,313444
2021-05-31 09:47:05,3141.9,313701
2021-05-31 09:47:06,3141.7,313706
2021-05-31 09:47:07,3141.7,313706
2021-05-31 09:47:08,3141.7,313706
2021-05-31 09:47:09,3141.8,313972
2021-05-31 09:47:10,3141.0,313973
2021-05-31 09:47:11,3142.15,313993
2021-05-31 09:47:12,3141.8,314020
2021-05-31 09:47:13,3141.8,314020
2021-05-31 09:47:14,3142.25,314035
2021-05-31 09:47:15,3142.25,314127
2021-05-31 09:47:16,3142.25,314134
2021-05-31 09:47:17,3142.0,314154
2021-05-31 09:47:18,3141.95,314164
2021-05-31 09:47:19,3142.0,314189
2021-05-31 09:47:20,3141.9,314194
2021-05-31 09:47:21,3141.9,314302
2021-05-31 09:47:22,3141.9,314302
2021-05-31 09:47:23,3141.9,314302
2021-05-31 09:47:24,3141.9,314302
2021-05-31 09:47:26,3142.0,314320
2021-05-31 09:47:28,3142.0,314380
2021-05-31 09:47:30,3142.0,314994
2021-05-31 09:47:31,3142.0,315000
2021-05-31 09:47:32,3142.0,315069
2021-05-31 09:47:33,3142.0,315069
2021-05-31 09:47:34,3142.0,315122
2021-05-31 09:47:35,3142.0,315155
2021-05-31 09:47:36,3141.75,315256
2021-05-31 09:47:37,3142.55,315407
2021-05-31 09:47:38,3142.55,315407
2021-05-31 09:47:39,3142.65,315498
2021-05-31 09:47:40,3143.0,315522
2021-05-31 09:47:42,3142.5,315532
2021-05-31 09:47:43,3142.5,315532
2021-05-31 09:47:44,3143.0,315599
2021-05-31 09:47:45,3143.0,315650
2021-05-31 09:47:46,3142.75,315653
2021-05-31 09:47:47,3143.0,315665
2021-05-31 09:47:48,3142.55,315696
2021-05-31 09:47:49,3142.55,315696
2021-05-31 09:47:50,3142.5,315930
2021-05-31 09:47:51,3142.5,315930
2021-05-31 09:47:52,3141.65,316036
2021-05-31 09:47:53,3142.5,316061
2021-05-31 09:47:54,3142.5,316080
2021-05-31 09:47:55,3142.5,316080
2021-05-31 09:47:56,3142.5,316097
2021-05-31 09:47:57,3142.5,316133
2021-05-31 09:47:58,3142.5,316152
2021-05-31 09:47:59,3142.5,316152
2021-05-31 09:48:00,3141.95,316154
2021-05-31 09:48:01,3141.65,316198
2021-05-31 09:48:02,3142.1,316285
2021-05-31 09:48:03,3142.0,316290
2021-05-31 09:48:04,3142.0,316290
2021-05-31 09:48:05,3142.0,316337
2021-05-31 09:48:06,3142.0,316337
2021-05-31 09:48:07,3142.0,316337
2021-05-31 09:48:09,3142.0,316381
2021-05-31 09:48:10,3142.0,316381
2021-05-31 09:48:11,3143.3,317481
2021-05-31 09:48:12,3143.3,317498
2021-05-31 09:48:13,3142.15,317499
2021-05-31 09:48:14,3143.4,317628
2021-05-31 09:48:15,3143.2,317751
2021-05-31 09:48:16,3144.0,317979
2021-05-31 09:48:17,3144.0,317983
2021-05-31 09:48:18,3143.25,318123
2021-05-31 09:48:19,3144.3,318163
2021-05-31 09:48:20,3144.3,318166
2021-05-31 09:48:21,3143.25,318224
2021-05-31 09:48:22,3143.8,318225
2021-05-31 09:48:23,3144.05,318683
2021-05-31 09:48:24,3144.15,318700
2021-05-31 09:48:25,3143.0,318800
2021-05-31 09:48:26,3142.9,318880
2021-05-31 09:48:27,3143.0,318935
2021-05-31 09:48:28,3142.9,318973
2021-05-31 09:48:29,3143.0,319310
2021-05-31 09:48:30,3143.0,319385
2021-05-31 09:48:31,3142.85,320648
2021-05-31 09:48:32,3142.0,320701
2021-05-31 09:48:33,3142.85,320860
2021-05-31 09:48:34,3144.4,322133
2021-05-31 09:48:35,3144.6,322173
2021-05-31 09:48:36,3144.6,322179
2021-05-31 09:48:37,3143.2,322194
2021-05-31 09:48:38,3143.3,322286
2021-05-31 09:48:39,3144.0,322305
2021-05-31 09:48:40,3144.25,322367
2021-05-31 09:48:41,3144.25,322392
2021-05-31 09:48:42,3144.25,322418
2021-05-31 09:48:43,3144.95,322508
2021-05-31 09:48:44,3144.95,322508
2021-05-31 09:48:45,3144.6,322712
2021-05-31 09:48:46,3144.95,322748
2021-05-31 09:48:47,3144.95,322875
2021-05-31 09:48:48,3144.95,322979
2021-05-31 09:48:49,3144.95,322979
2021-05-31 09:48:50,3144.95,323029
2021-05-31 09:48:53,3144.9,323204
2021-05-31 09:48:53,3145.0,323393
2021-05-31 09:48:54,3145.0,323411
2021-05-31 09:48:55,3145.0,323537
2021-05-31 09:48:56,3144.95,323565
2021-05-31 09:48:57,3145.0,323572
2021-05-31 09:48:58,3145.0,323582
2021-05-31 09:49:00,3145.25,323699
2021-05-31 09:49:00,3145.25,323716
2021-05-31 09:49:01,3146.0,323831
2021-05-31 09:49:02,3146.0,323831
2021-05-31 09:49:03,3146.0,324032
2021-05-31 09:49:04,3146.0,324082
2021-05-31 09:49:05,3146.0,324573
2021-05-31 09:49:07,3145.25,324628
2021-05-31 09:49:07,3146.0,324593
2021-05-31 09:49:08,3146.0,324687
2021-05-31 09:49:09,3146.0,324898
2021-05-31 09:49:10,3145.7,324903
2021-05-31 09:49:11,3146.0,324954
2021-05-31 09:49:13,3146.0,325061
2021-05-31 09:49:15,3146.0,325145
2021-05-31 09:49:16,3146.0,325148
2021-05-31 09:49:16,3146.0,325148
2021-05-31 09:49:17,3145.45,325157
2021-05-31 09:49:18,3146.0,325361
2021-05-31 09:49:19,3146.0,325442
2021-05-31 09:49:20,3146.0,325499
2021-05-31 09:49:21,3146.0,325537
2021-05-31 09:49:22,3146.0,325958
2021-05-31 09:49:23,3146.0,326022
2021-05-31 09:49:24,3145.5,326183
2021-05-31 09:49:25,3145.55,326187
2021-05-31 09:49:27,3145.45,326217
2021-05-31 09:49:29,3146.0,326268
2021-05-31 09:49:29,3146.0,326268
2021-05-31 09:49:30,3145.2,326472
2021-05-31 09:49:31,3146.0,326572
2021-05-31 09:49:32,3145.7,326675
2021-05-31 09:49:33,3146.0,326679
2021-05-31 09:49:34,3145.4,326761
2021-05-31 09:49:35,3145.4,326761
2021-05-31 09:49:36,3145.4,326761
2021-05-31 09:49:37,3146.0,326771
2021-05-31 09:49:39,3146.0,326810
2021-05-31 09:49:39,3146.0,326849
2021-05-31 09:49:40,3145.35,326907
2021-05-31 09:49:41,3145.35,326920
2021-05-31 09:49:42,3146.0,326975
2021-05-31 09:49:43,3146.0,326995
2021-05-31 09:49:44,3146.0,327034
2021-05-31 09:49:45,3146.0,327084
2021-05-31 09:49:46,3146.0,327217
2021-05-31 09:49:48,3147.0,333560
2021-05-31 09:49:48,3147.0,333533
2021-05-31 09:49:49,3147.0,333706
2021-05-31 09:49:50,3147.0,334048
2021-05-31 09:49:51,3147.0,334257
2021-05-31 09:49:52,3147.0,334303
2021-05-31 09:49:53,3147.0,334353
2021-05-31 09:49:54,3146.0,334356
2021-05-31 09:49:55,3147.0,334377
2021-05-31 09:49:58,3147.0,334403
2021-05-31 09:49:58,3146.95,334402
2021-05-31 09:49:59,3147.0,335540
2021-05-31 09:50:00,3147.0,336100
2021-05-31 09:50:01,3147.0,336405
2021-05-31 09:50:02,3147.0,336416
2021-05-31 09:50:03,3147.0,336417
2021-05-31 09:50:04,3146.95,336422
2021-05-31 09:50:05,3147.0,336696
2021-05-31 09:50:06,3147.0,336703
2021-05-31 09:50:07,3147.0,336703
2021-05-31 09:50:08,3147.0,336729
2021-05-31 09:50:09,3147.0,336752
2021-05-31 09:50:10,3147.0,336771
2021-05-31 09:50:12,3147.0,336775
2021-05-31 09:50:12,3146.8,336833
2021-05-31 09:50:13,3146.8,336995
2021-05-31 09:50:14,3146.8,337001
2021-05-31 09:50:15,3146.0,337758
2021-05-31 09:50:16,3146.8,337762
2021-05-31 09:50:17,3146.75,337766
2021-05-31 09:50:19,3146.65,337821
2021-05-31 09:50:19,3146.65,337821
2021-05-31 09:50:20,3146.75,337890
2021-05-31 09:50:21,3146.8,338011
2021-05-31 09:50:22,3146.85,338041
2021-05-31 09:50:23,3146.85,338041
2021-05-31 09:50:24,3146.9,338051
2021-05-31 09:50:26,3146.9,338103
2021-05-31 09:50:27,3146.85,338118
2021-05-31 09:50:27,3146.0,338107
2021-05-31 09:50:28,3146.9,338178
2021-05-31 09:50:29,3146.05,338833
2021-05-31 09:50:30,3146.2,338967
2021-05-31 09:50:31,3145.3,339384
2021-05-31 09:50:32,3146.5,339434
2021-05-31 09:50:33,3146.5,339434
2021-05-31 09:50:34,3146.5,339434
2021-05-31 09:50:36,3146.5,339434
2021-05-31 09:50:37,3146.5,339436
2021-05-31 09:50:38,3146.85,339559
2021-05-31 09:50:39,3146.05,339633
2021-05-31 09:50:40,3146.9,339650
2021-05-31 09:50:41,3146.85,339652
2021-05-31 09:50:42,3146.85,339652
2021-05-31 09:50:43,3146.9,339666
2021-05-31 09:50:44,3147.0,339926
2021-05-31 09:50:45,3146.1,340004
2021-05-31 09:50:46,3147.0,340024
2021-05-31 09:50:47,3147.0,340026
2021-05-31 09:50:48,3146.1,340038
2021-05-31 09:50:49,3146.1,340052
2021-05-31 09:50:50,3146.2,340077
2021-05-31 09:50:52,3147.0,340133
2021-05-31 09:50:53,3147.0,340168
2021-05-31 09:50:54,3147.0,340178
2021-05-31 09:50:55,3147.0,340200
2021-05-31 09:50:56,3146.2,340218
2021-05-31 09:50:57,3147.0,340229
2021-05-31 09:50:57,3147.0,340234
2021-05-31 09:50:58,3147.0,340239
2021-05-31 09:50:59,3147.0,340239
2021-05-31 09:51:00,3146.9,340379
2021-05-31 09:51:02,3147.0,340429
2021-05-31 09:51:03,3147.0,340450
2021-05-31 09:51:04,3147.0,340452
2021-05-31 09:51:05,3147.0,340452
2021-05-31 09:51:06,3147.0,340452
2021-05-31 09:51:07,3147.0,340462
2021-05-31 09:51:08,3147.0,340977
2021-05-31 09:51:09,3147.0,340980
2021-05-31 09:51:09,3147.0,340980
2021-05-31 09:51:11,3146.35,341167
2021-05-31 09:51:11,3147.0,341293
2021-05-31 09:51:12,3146.35,341441
2021-05-31 09:51:13,3147.0,341845
2021-05-31 09:51:14,3147.0,342273
2021-05-31 09:51:15,3147.0,342273
2021-05-31 09:51:16,3147.0,342295
2021-05-31 09:51:17,3147.35,342786
2021-05-31 09:51:18,3147.35,342866
2021-05-31 09:51:19,3147.0,343266
2021-05-31 09:51:20,3147.75,343695
2021-05-31 09:51:21,3148.35,343904
2021-05-31 09:51:22,3148.45,343930
2021-05-31 09:51:23,3148.9,344358
2021-05-31 09:51:24,3149.65,345077
2021-05-31 09:51:25,3149.7,345078
2021-05-31 09:51:26,3148.2,345167
2021-05-31 09:51:27,3149.8,345614
2021-05-31 09:51:28,3150.0,345718
2021-05-31 09:51:29,3150.0,345956
2021-05-31 09:51:30,3149.7,346230
2021-05-31 09:51:31,3149.4,346378
2021-05-31 09:51:32,3149.65,346668
2021-05-31 09:51:33,3149.5,346688
2021-05-31 09:51:34,3148.35,346704
2021-05-31 09:51:35,3148.0,347275
2021-05-31 09:51:36,3148.65,347601
2021-05-31 09:51:37,3148.65,347601
2021-05-31 09:51:38,3148.55,347606
2021-05-31 09:51:39,3146.7,347806
2021-05-31 09:51:40,3148.65,347914
2021-05-31 09:51:41,3148.25,347932
2021-05-31 09:51:42,3148.55,347941
2021-05-31 09:51:43,3148.65,347967
2021-05-31 09:51:44,3148.65,347977
2021-05-31 09:51:45,3149.2,348069
2021-05-31 09:51:46,3149.2,348084
2021-05-31 09:51:48,3149.2,348124
2021-05-31 09:51:49,3149.2,348144
2021-05-31 09:51:50,3148.55,348146
2021-05-31 09:51:51,3148.55,348146
2021-05-31 09:51:51,3148.55,348399
2021-05-31 09:51:52,3149.15,348944
2021-05-31 09:51:54,3148.15,348964
2021-05-31 09:51:55,3148.65,348965
2021-05-31 09:51:55,3148.65,348965
2021-05-31 09:51:57,3148.65,348971
2021-05-31 09:51:58,3148.65,348981
2021-05-31 09:51:59,3148.95,348983
2021-05-31 09:52:00,3148.95,349063
2021-05-31 09:52:01,3148.8,349079
2021-05-31 09:52:02,3148.6,349081
2021-05-31 09:52:02,3148.6,349081
2021-05-31 09:52:03,3148.6,349081
2021-05-31 09:52:04,3149.05,349190
2021-05-31 09:52:05,3148.7,349195
2021-05-31 09:52:06,3148.7,349403
2021-05-31 09:52:07,3148.7,349412
2021-05-31 09:52:11,3148.7,349466
2021-05-31 09:52:13,3148.3,349469
2021-05-31 09:52:14,3148.7,349489
2021-05-31 09:52:14,3148.7,349489
2021-05-31 09:52:15,3149.05,349854
2021-05-31 09:52:16,3148.25,349904
2021-05-31 09:52:17,3148.25,349904
2021-05-31 09:52:19,3149.0,349929
2021-05-31 09:52:20,3148.4,349955
2021-05-31 09:52:21,3149.1,350055
2021-05-31 09:52:23,3149.45,350154
2021-05-31 09:52:24,3149.1,350178
2021-05-31 09:52:25,3148.8,350245
2021-05-31 09:52:26,3148.8,350250
2021-05-31 09:52:28,3148.95,351283
2021-05-31 09:52:30,3148.4,351346
2021-05-31 09:52:31,3149.1,351426
2021-05-31 09:52:32,3148.8,351449
2021-05-31 09:52:32,3149.1,351455
2021-05-31 09:52:33,3148.0,351560
2021-05-31 09:52:34,3149.45,351610
2021-05-31 09:52:35,3149.05,351821
2021-05-31 09:52:36,3149.5,351923
2021-05-31 09:52:37,3148.4,351950
2021-05-31 09:52:38,3149.55,351990
2021-05-31 09:52:40,3149.5,352066
2021-05-31 09:52:41,3149.75,352099
2021-05-31 09:52:42,3149.55,352117
2021-05-31 09:52:43,3149.55,352147
2021-05-31 09:52:44,3149.55,352247
2021-05-31 09:52:44,3149.55,352247
2021-05-31 09:52:45,3149.8,352265
2021-05-31 09:52:46,3148.8,352302
2021-05-31 09:52:47,3149.8,352306
2021-05-31 09:52:48,3149.8,352306
2021-05-31 09:52:50,3149.8,352306
2021-05-31 09:52:50,3148.9,352308
2021-05-31 09:52:51,3148.9,352308
2021-05-31 09:52:52,3149.8,352321
2021-05-31 09:52:54,3149.5,352342
2021-05-31 09:52:54,3148.8,352383
2021-05-31 09:52:55,3149.45,352392
2021-05-31 09:52:56,3149.3,352487
2021-05-31 09:52:57,3149.4,352517
2021-05-31 09:52:58,3149.4,352517
2021-05-31 09:52:59,3149.4,352517
2021-05-31 09:53:00,3148.2,352532
2021-05-31 09:53:01,3148.8,352558
2021-05-31 09:53:02,3148.8,352562
2021-05-31 09:53:03,3149.35,352880
2021-05-31 09:53:04,3149.35,352882
2021-05-31 09:53:06,3148.5,352894
2021-05-31 09:53:06,3149.7,352978
2021-05-31 09:53:07,3149.4,353032
2021-05-31 09:53:08,3149.4,353032
2021-05-31 09:53:09,3149.4,353032
2021-05-31 09:53:10,3149.5,353033
2021-05-31 09:53:11,3149.45,353079
2021-05-31 09:53:12,3149.7,353118
2021-05-31 09:53:13,3149.7,353124
2021-05-31 09:53:14,3148.75,353132
2021-05-31 09:53:16,3149.7,353643
2021-05-31 09:53:17,3149.7,353656
2021-05-31 09:53:18,3149.75,353757
2021-05-31 09:53:19,3149.75,353784
2021-05-31 09:53:19,3149.75,353784
2021-05-31 09:53:20,3149.7,353853
2021-05-31 09:53:21,3149.55,353993
2021-05-31 09:53:23,3149.0,354051
2021-05-31 09:53:24,3149.6,354064
2021-05-31 09:53:24,3149.6,354067
2021-05-31 09:53:25,3149.55,354091
2021-05-31 09:53:27,3149.55,354116
2021-05-31 09:53:27,3149.55,354116
2021-05-31 09:53:28,3149.55,354146
2021-05-31 09:53:30,3149.55,354146
2021-05-31 09:53:30,3149.55,354296
2021-05-31 09:53:32,3149.7,354362
2021-05-31 09:53:33,3149.7,354362
2021-05-31 09:53:34,3149.7,354734
2021-05-31 09:53:35,3148.25,355309
2021-05-31 09:53:36,3149.9,355506
2021-05-31 09:53:37,3149.55,355559
2021-05-31 09:53:38,3149.0,355561
2021-05-31 09:53:39,3149.0,355561
2021-05-31 09:53:39,3149.0,355561
2021-05-31 09:53:41,3149.6,355565
2021-05-31 09:53:42,3149.55,355642
2021-05-31 09:53:42,3149.55,355642
2021-05-31 09:53:44,3149.5,356163
2021-05-31 09:53:45,3149.5,356163
2021-05-31 09:53:45,3149.5,356163
2021-05-31 09:53:46,3149.5,356163
2021-05-31 09:53:47,3149.9,356350
2021-05-31 09:53:48,3148.65,356406
2021-05-31 09:53:49,3148.65,356406
2021-05-31 09:53:50,3148.65,356406
2021-05-31 09:53:51,3149.6,356788
2021-05-31 09:53:52,3149.6,356838
2021-05-31 09:53:53,3149.6,356838
2021-05-31 09:53:54,3148.7,356940
2021-05-31 09:53:55,3148.7,356940
2021-05-31 09:53:57,3148.8,356960
2021-05-31 09:53:58,3148.8,356972
2021-05-31 09:53:59,3148.7,357029
2021-05-31 09:54:00,3149.55,357060
2021-05-31 09:54:01,3149.55,357060
2021-05-31 09:54:02,3148.85,357366
2021-05-31 09:54:02,3148.85,357366
2021-05-31 09:54:04,3149.6,357466
2021-05-31 09:54:04,3149.15,357467
2021-05-31 09:54:05,3149.15,357467
2021-05-31 09:54:06,3149.15,357467
2021-05-31 09:54:07,3149.6,357510
2021-05-31 09:54:08,3149.6,357510
2021-05-31 09:54:10,3149.1,357536
2021-05-31 09:54:11,3149.55,357552
2021-05-31 09:54:12,3148.85,357620
2021-05-31 09:54:13,3149.0,357654
2021-05-31 09:54:14,3149.0,357664
2021-05-31 09:54:14,3149.0,357664
2021-05-31 09:54:15,3149.6,357688
2021-05-31 09:54:16,3149.25,357694
2021-05-31 09:54:17,3149.25,357694
2021-05-31 09:54:18,3149.6,357698
2021-05-31 09:54:19,3149.6,357719
2021-05-31 09:54:20,3149.6,357727
2021-05-31 09:54:21,3149.25,357775
2021-05-31 09:54:22,3149.6,357885
2021-05-31 09:54:23,3149.6,357945
2021-05-31 09:54:24,3149.6,357945
2021-05-31 09:54:25,3149.6,357973
2021-05-31 09:54:26,3149.25,358048
2021-05-31 09:54:27,3149.7,358128
2021-05-31 09:54:29,3149.7,358129
2021-05-31 09:54:30,3149.7,358129
2021-05-31 09:54:31,3150.45,359852
2021-05-31 09:54:32,3150.5,359961
2021-05-31 09:54:33,3150.8,360140
2021-05-31 09:54:33,3151.7,360141
2021-05-31 09:54:34,3151.7,360142
2021-05-31 09:54:35,3150.9,360657
2021-05-31 09:54:36,3150.9,360657
2021-05-31 09:54:37,3152.25,360669
2021-05-31 09:54:39,3152.5,361019
2021-05-31 09:54:41,3152.3,361083
2021-05-31 09:54:42,3152.35,361304
2021-05-31 09:54:43,3151.15,361322
2021-05-31 09:54:44,3152.25,361323
2021-05-31 09:54:44,3152.25,361334
2021-05-31 09:54:45,3152.05,361641
2021-05-31 09:54:46,3152.05,361641
2021-05-31 09:54:47,3152.3,362171
2021-05-31 09:54:48,3151.0,362366
2021-05-31 09:54:49,3152.3,362669
2021-05-31 09:54:51,3152.25,362711
2021-05-31 09:54:52,3152.5,362733
2021-05-31 09:54:53,3152.4,362757
2021-05-31 09:54:54,3151.2,362778
2021-05-31 09:54:55,3152.15,363028
2021-05-31 09:54:56,3152.4,363616
2021-05-31 09:54:57,3152.2,363630
2021-05-31 09:54:58,3152.5,363635
2021-05-31 09:54:58,3152.5,363668
2021-05-31 09:54:59,3151.95,363756
2021-05-31 09:55:00,3151.75,363936
2021-05-31 09:55:01,3152.0,363948
2021-05-31 09:55:02,3152.0,363949
2021-05-31 09:55:03,3152.0,363949
2021-05-31 09:55:04,3151.75,364120
2021-05-31 09:55:05,3151.75,364134
2021-05-31 09:55:06,3152.4,364318
2021-05-31 09:55:07,3152.25,365332
2021-05-31 09:55:09,3152.15,365432
2021-05-31 09:55:09,3151.75,365458
2021-05-31 09:55:10,3152.1,365899
2021-05-31 09:55:11,3151.95,365909
2021-05-31 09:55:13,3151.95,366234
2021-05-31 09:55:13,3152.0,366535
2021-05-31 09:55:14,3152.2,366541
2021-05-31 09:55:15,3152.2,366576
2021-05-31 09:55:16,3151.65,366809
2021-05-31 09:55:18,3151.85,366912
2021-05-31 09:55:18,3151.85,366912
2021-05-31 09:55:19,3152.2,367067
2021-05-31 09:55:20,3152.05,367277
2021-05-31 09:55:22,3152.0,367368
2021-05-31 09:55:22,3152.1,367398
2021-05-31 09:55:23,3152.3,367466
2021-05-31 09:55:24,3152.3,367468
2021-05-31 09:55:25,3152.1,367484
2021-05-31 09:55:26,3152.0,367499
2021-05-31 09:55:27,3151.05,367532
2021-05-31 09:55:28,3152.3,367542
2021-05-31 09:55:30,3151.25,367603
2021-05-31 09:55:31,3152.05,367606
2021-05-31 09:55:32,3151.05,367656
2021-05-31 09:55:33,3151.05,367656
2021-05-31 09:55:34,3151.15,367705
2021-05-31 09:55:36,3152.15,367731
2021-05-31 09:55:35,3152.4,367730
2021-05-31 09:55:37,3152.15,367731
2021-05-31 09:55:38,3152.05,367863
2021-05-31 09:55:39,3152.4,367895
2021-05-31 09:55:39,3152.4,367895
2021-05-31 09:55:40,3152.0,367904
2021-05-31 09:55:41,3151.2,367969
2021-05-31 09:55:43,3152.05,367979
2021-05-31 09:55:44,3152.0,368009
2021-05-31 09:55:45,3151.25,368266
2021-05-31 09:55:45,3151.25,368266
2021-05-31 09:55:46,3151.25,368266
2021-05-31 09:55:47,3152.05,368387
2021-05-31 09:55:48,3151.95,368423
2021-05-31 09:55:50,3151.95,368443
2021-05-31 09:55:51,3151.2,368455
2021-05-31 09:55:52,3151.2,368455
2021-05-31 09:55:53,3151.95,368516
2021-05-31 09:55:54,3151.2,368518
2021-05-31 09:55:55,3151.2,368551
2021-05-31 09:55:56,3151.75,368584
2021-05-31 09:55:57,3151.75,368587
2021-05-31 09:55:58,3151.25,368588
2021-05-31 09:55:59,3151.75,368654
2021-05-31 09:56:00,3151.75,368717
2021-05-31 09:56:01,3151.75,368717
2021-05-31 09:56:02,3151.75,368717
2021-05-31 09:56:03,3151.85,368796
2021-05-31 09:56:04,3151.85,368796
2021-05-31 09:56:05,3151.85,368867
2021-05-31 09:56:06,3151.35,368986
2021-05-31 09:56:07,3151.85,369036
2021-05-31 09:56:08,3151.05,369291
2021-05-31 09:56:09,3151.7,369293
2021-05-31 09:56:10,3151.7,369309
2021-05-31 09:56:11,3151.7,369316
2021-05-31 09:56:12,3151.7,369320
2021-05-31 09:56:13,3151.7,369395
2021-05-31 09:56:14,3151.7,369415
2021-05-31 09:56:15,3151.1,369426
2021-05-31 09:56:16,3151.1,369426
2021-05-31 09:56:17,3151.2,369442
2021-05-31 09:56:18,3151.3,369472
2021-05-31 09:56:19,3151.1,369526
2021-05-31 09:56:20,3151.3,369595
2021-05-31 09:56:21,3150.55,372252
2021-05-31 09:56:22,3150.55,372252
2021-05-31 09:56:23,3150.9,372253
2021-05-31 09:56:24,3150.9,372255
2021-05-31 09:56:25,3150.2,372717
2021-05-31 09:56:26,3150.2,372762
2021-05-31 09:56:27,3150.2,372813
2021-05-31 09:56:28,3150.2,372821
2021-05-31 09:56:29,3150.5,372901
2021-05-31 09:56:30,3150.25,372908
2021-05-31 09:56:31,3150.5,373553
2021-05-31 09:56:32,3150.5,373562
2021-05-31 09:56:33,3150.5,373562
2021-05-31 09:56:34,3150.0,374544
2021-05-31 09:56:35,3150.0,374544
2021-05-31 09:56:36,3150.0,374544
2021-05-31 09:56:37,3150.15,374605
2021-05-31 09:56:38,3149.7,374606
2021-05-31 09:56:39,3149.7,374606
2021-05-31 09:56:40,3149.7,374657
2021-05-31 09:56:41,3150.0,374658
2021-05-31 09:56:42,3150.0,374658
2021-05-31 09:56:43,3150.1,374713
2021-05-31 09:56:44,3150.2,374724
2021-05-31 09:56:45,3149.6,375025
2021-05-31 09:56:46,3150.2,375026
2021-05-31 09:56:47,3149.7,375027
2021-05-31 09:56:48,3149.7,375027
2021-05-31 09:56:49,3150.0,375066
2021-05-31 09:56:50,3150.0,375072
2021-05-31 09:56:51,3149.8,375115
2021-05-31 09:56:52,3150.0,375116
2021-05-31 09:56:53,3150.0,375117
2021-05-31 09:56:54,3150.0,375232
2021-05-31 09:56:55,3152.95,380036
2021-05-31 09:56:56,3151.95,380058
2021-05-31 09:56:57,3151.95,380058
2021-05-31 09:56:58,3151.95,380110
2021-05-31 09:56:59,3151.0,380111
2021-05-31 09:57:00,3151.0,380111
2021-05-31 09:57:01,3151.95,380131
2021-05-31 09:57:02,3151.0,380161
2021-05-31 09:57:03,3151.55,380163
2021-05-31 09:57:04,3151.55,380163
2021-05-31 09:57:05,3150.6,380271
2021-05-31 09:57:06,3150.1,380280
2021-05-31 09:57:07,3150.1,380280
2021-05-31 09:57:08,3151.0,380293
2021-05-31 09:57:09,3151.0,380398
2021-05-31 09:57:10,3151.0,380398
2021-05-31 09:57:11,3150.85,380416
2021-05-31 09:57:12,3150.3,380417
2021-05-31 09:57:13,3150.25,380817
2021-05-31 09:57:14,3150.55,380918
2021-05-31 09:57:15,3150.9,380954
2021-05-31 09:57:17,3150.35,381002
2021-05-31 09:57:18,3150.35,381002
2021-05-31 09:57:19,3151.0,381003
2021-05-31 09:57:20,3151.0,381003
2021-05-31 09:57:21,3151.0,381003
2021-05-31 09:57:22,3151.0,381003
2021-05-31 09:57:23,3151.0,381028
2021-05-31 09:57:24,3151.0,381028
2021-05-31 09:57:25,3151.0,381055
2021-05-31 09:57:26,3151.0,381055
2021-05-31 09:57:27,3151.0,381073
2021-05-31 09:57:28,3150.4,381079
2021-05-31 09:57:29,3151.0,381099
2021-05-31 09:57:30,3151.0,381103
2021-05-31 09:57:31,3151.0,381123
2021-05-31 09:57:32,3151.0,381123
2021-05-31 09:57:33,3150.45,381125
2021-05-31 09:57:34,3151.0,381233
2021-05-31 09:57:35,3152.0,381334
2021-05-31 09:57:36,3151.0,381435
2021-05-31 09:57:37,3151.2,381455
2021-05-31 09:57:38,3151.1,381463
2021-05-31 09:57:39,3151.4,381564
2021-05-31 09:57:40,3152.0,381565
2021-05-31 09:57:41,3152.0,381581
2021-05-31 09:57:42,3152.0,381581
2021-05-31 09:57:43,3152.0,381581
2021-05-31 09:57:44,3152.0,381676
2021-05-31 09:57:45,3153.2,382069
2021-05-31 09:57:46,3153.2,382088
2021-05-31 09:57:47,3153.2,382163
2021-05-31 09:57:48,3153.2,382168
2021-05-31 09:57:49,3153.2,382168
2021-05-31 09:57:50,3153.65,382268
2021-05-31 09:57:51,3153.0,382491
2021-05-31 09:57:52,3153.0,382491
2021-05-31 09:57:53,3152.95,382495
2021-05-31 09:57:54,3153.7,382565
2021-05-31 09:57:55,3153.7,382565
2021-05-31 09:57:56,3154.0,382807
2021-05-31 09:57:57,3154.0,382827
2021-05-31 09:57:58,3153.3,383057
2021-05-31 09:57:59,3154.0,383060
2021-05-31 09:58:00,3154.0,383114
2021-05-31 09:58:01,3154.0,383114
2021-05-31 09:58:02,3154.0,383114
2021-05-31 09:58:03,3154.0,383119
2021-05-31 09:58:04,3154.0,383249
2021-05-31 09:58:05,3153.35,383250
2021-05-31 09:58:06,3154.0,383279
2021-05-31 09:58:07,3154.0,383490
2021-05-31 09:58:08,3154.8,383500
2021-05-31 09:58:09,3153.6,383600
2021-05-31 09:58:10,3153.3,383611
2021-05-31 09:58:11,3154.3,383712
2021-05-31 09:58:12,3154.3,383712
2021-05-31 09:58:13,3153.3,383753
2021-05-31 09:58:14,3153.3,383760
2021-05-31 09:58:15,3154.0,383849
2021-05-31 09:58:16,3153.3,383855
2021-05-31 09:58:18,3154.55,384028
2021-05-31 09:58:17,3154.55,384027
2021-05-31 09:58:19,3154.55,384030
2021-05-31 09:58:20,3154.55,384038
2021-05-31 09:58:21,3154.55,384138
2021-05-31 09:58:22,3154.55,384338
2021-05-31 09:58:23,3155.0,384782
2021-05-31 09:58:24,3154.35,384884
2021-05-31 09:58:25,3154.55,384934
2021-05-31 09:58:26,3155.0,384973
2021-05-31 09:58:28,3154.65,385069
2021-05-31 09:58:27,3154.65,385017
2021-05-31 09:58:29,3155.0,385124
2021-05-31 09:58:30,3155.0,385246
2021-05-31 09:58:31,3154.65,385391
2021-05-31 09:58:32,3155.0,385414
2021-05-31 09:58:33,3154.65,385573
2021-05-31 09:58:34,3154.65,385594
2021-05-31 09:58:35,3154.65,385594
2021-05-31 09:58:36,3154.35,385744
2021-05-31 09:58:37,3154.35,385952
2021-05-31 09:58:38,3154.1,385962
2021-05-31 09:58:39,3154.0,386186
2021-05-31 09:58:40,3153.0,386238
2021-05-31 09:58:41,3153.3,387427
2021-05-31 09:58:42,3153.05,387437
2021-05-31 09:58:43,3151.85,387632
2021-05-31 09:58:44,3151.85,387635
2021-05-31 09:58:45,3153.55,387678
2021-05-31 09:58:46,3153.85,387740
2021-05-31 09:58:47,3153.15,387741
2021-05-31 09:58:48,3153.15,387741
2021-05-31 09:58:49,3153.15,387741
2021-05-31 09:58:50,3153.15,387774
2021-05-31 09:58:52,3152.2,388006
2021-05-31 09:58:53,3152.2,388006
2021-05-31 09:58:54,3153.65,388082
2021-05-31 09:58:55,3152.35,388122
2021-05-31 09:58:57,3152.7,388270
2021-05-31 09:58:58,3154.2,388276
2021-05-31 09:58:59,3152.65,388406
2021-05-31 09:59:00,3154.7,388642
2021-05-31 09:59:01,3154.7,388642
2021-05-31 09:59:02,3154.2,388643
2021-05-31 09:59:03,3154.25,388661
2021-05-31 09:59:04,3154.25,388661
2021-05-31 09:59:05,3153.3,388761
2021-05-31 09:59:06,3154.2,388816
2021-05-31 09:59:07,3154.35,388826
2021-05-31 09:59:08,3154.0,388911
2021-05-31 09:59:09,3153.15,389025
2021-05-31 09:59:10,3152.55,389309
2021-05-31 09:59:11,3154.75,389432
2021-05-31 09:59:12,3152.8,389710
2021-05-31 09:59:13,3152.8,389710
2021-05-31 09:59:14,3154.45,389752
2021-05-31 09:59:15,3154.45,389752
2021-05-31 09:59:16,3154.75,390069
2021-05-31 09:59:17,3154.8,390086
2021-05-31 09:59:18,3154.75,390204
2021-05-31 09:59:19,3154.7,390211
2021-05-31 09:59:20,3154.7,390211
2021-05-31 09:59:21,3154.8,390291
2021-05-31 09:59:22,3154.8,390415
2021-05-31 09:59:23,3154.45,390453
2021-05-31 09:59:24,3154.65,390499
2021-05-31 09:59:25,3154.6,390546
2021-05-31 09:59:26,3154.6,390616
2021-05-31 09:59:28,3154.7,390754
2021-05-31 09:59:29,3154.7,390754
2021-05-31 09:59:31,3154.6,390782
2021-05-31 09:59:31,3154.7,390882
2021-05-31 09:59:33,3154.7,390975
2021-05-31 09:59:34,3154.7,390975
2021-05-31 09:59:35,3154.7,390978
2021-05-31 09:59:36,3154.7,391012
2021-05-31 09:59:37,3153.0,393012
2021-05-31 09:59:38,3153.2,393013
2021-05-31 09:59:39,3154.6,393042
2021-05-31 09:59:40,3154.6,393065
2021-05-31 09:59:42,3154.65,393146
2021-05-31 09:59:43,3154.65,393146
2021-05-31 09:59:43,3154.65,393146
2021-05-31 09:59:45,3153.0,393645
2021-05-31 09:59:45,3153.0,393645
2021-05-31 09:59:46,3152.8,393745
2021-05-31 09:59:47,3153.0,393794
2021-05-31 09:59:49,3153.0,394031
2021-05-31 09:59:49,3153.0,394031
2021-05-31 09:59:50,3153.0,394072
2021-05-31 09:59:52,3152.75,394099
2021-05-31 09:59:53,3152.0,396116
2021-05-31 09:59:55,3152.0,396262
2021-05-31 09:59:56,3152.0,396410
2021-05-31 09:59:57,3153.0,396544
2021-05-31 09:59:58,3153.0,396584
2021-05-31 09:59:59,3153.0,396597
2021-05-31 10:00:00,3153.0,396632
2021-05-31 10:00:01,3153.0,396648
2021-05-31 10:00:02,3153.0,398794
2021-05-31 10:00:03,3153.0,398796
2021-05-31 10:00:04,3153.0,398798
2021-05-31 10:00:05,3153.0,398806
2021-05-31 10:00:07,3152.0,399029
2021-05-31 10:00:07,3152.0,399029
2021-05-31 10:00:08,3152.0,399029
2021-05-31 10:00:09,3153.0,399107
2021-05-31 10:00:10,3154.2,399842
2021-05-31 10:00:11,3154.5,399974
2021-05-31 10:00:12,3153.15,400051
2021-05-31 10:00:13,3153.15,400052
2021-05-31 10:00:14,3153.0,400254
2021-05-31 10:00:16,3153.0,400376
2021-05-31 10:00:16,3153.0,400419
2021-05-31 10:00:17,3153.0,400426
2021-05-31 10:00:19,3153.0,400433
2021-05-31 10:00:19,3153.0,400484
2021-05-31 10:00:20,3152.2,400497
2021-05-31 10:00:21,3153.0,400513
2021-05-31 10:00:22,3152.2,400580
2021-05-31 10:00:23,3153.0,400602
2021-05-31 10:00:24,3153.0,400611
2021-05-31 10:00:25,3153.0,400675
2021-05-31 10:00:26,3152.2,400677
2021-05-31 10:00:27,3153.0,400880
2021-05-31 10:00:28,3152.2,400946
2021-05-31 10:00:29,3153.0,401016
2021-05-31 10:00:31,3152.0,402130
2021-05-31 10:00:31,3152.0,402130
2021-05-31 10:00:32,3152.3,402159
2021-05-31 10:00:33,3152.0,402196
2021-05-31 10:00:34,3152.0,402196
2021-05-31 10:00:35,3152.0,402399
2021-05-31 10:00:36,3152.3,402448
2021-05-31 10:00:37,3152.3,402470
2021-05-31 10:00:38,3152.3,402474
2021-05-31 10:00:40,3152.3,402485
2021-05-31 10:00:40,3152.3,402485
2021-05-31 10:00:41,3152.1,402528
2021-05-31 10:00:42,3152.1,402528
2021-05-31 10:00:43,3152.1,402528
2021-05-31 10:00:44,3152.1,402528
2021-05-31 10:00:45,3152.1,402578
2021-05-31 10:00:46,3152.1,402595
2021-05-31 10:00:47,3152.3,402623
2021-05-31 10:00:48,3152.3,402623
2021-05-31 10:00:49,3152.3,402636
2021-05-31 10:00:50,3152.2,402678
2021-05-31 10:00:51,3152.2,402678
2021-05-31 10:00:52,3152.2,402678
2021-05-31 10:00:53,3152.3,402726
2021-05-31 10:00:54,3153.0,402902
2021-05-31 10:00:56,3153.15,402948
2021-05-31 10:00:55,3153.15,402937
2021-05-31 10:00:57,3152.4,402974
2021-05-31 10:00:58,3154.0,403056
2021-05-31 10:00:59,3152.65,403066
2021-05-31 10:01:00,3152.3,403430
2021-05-31 10:01:01,3152.3,403430
2021-05-31 10:01:02,3153.85,403455
2021-05-31 10:01:03,3153.85,403455
2021-05-31 10:01:04,3153.85,403455
2021-05-31 10:01:05,3153.85,403455
2021-05-31 10:01:06,3153.75,403475
2021-05-31 10:01:07,3153.75,403479
2021-05-31 10:01:08,3153.75,403479
2021-05-31 10:01:09,3153.75,403479
2021-05-31 10:01:10,3153.9,403481
2021-05-31 10:01:11,3153.9,403502
2021-05-31 10:01:12,3154.0,403505
2021-05-31 10:01:13,3152.8,403805
2021-05-31 10:01:14,3152.5,403855
2021-05-31 10:01:15,3152.5,403855
2021-05-31 10:01:16,3153.8,404055
2021-05-31 10:01:17,3152.5,404061
2021-05-31 10:01:18,3153.7,404166
2021-05-31 10:01:19,3153.7,404166
2021-05-31 10:01:20,3153.0,404181
2021-05-31 10:01:21,3153.0,404181
2021-05-31 10:01:24,3153.8,404292
2021-05-31 10:01:25,3153.8,404442
2021-05-31 10:01:26,3153.8,404459
2021-05-31 10:01:27,3153.7,404509
2021-05-31 10:01:28,3152.65,404527
2021-05-31 10:01:29,3153.7,404528
2021-05-31 10:01:30,3153.7,404530
2021-05-31 10:01:32,3153.7,404530
2021-05-31 10:01:32,3153.7,404542
2021-05-31 10:01:33,3153.7,404542
2021-05-31 10:01:34,3152.8,404556
2021-05-31 10:01:35,3153.75,404591
2021-05-31 10:01:36,3153.75,404591
2021-05-31 10:01:37,3153.5,404597
2021-05-31 10:01:38,3153.5,404597
2021-05-31 10:01:39,3153.5,404597
2021-05-31 10:01:40,3153.5,404613
2021-05-31 10:01:41,3153.05,404615
2021-05-31 10:01:43,3153.5,404633
2021-05-31 10:01:44,3153.5,404783
2021-05-31 10:01:45,3153.0,404788
2021-05-31 10:01:46,3153.5,404789
2021-05-31 10:01:47,3153.5,404854
2021-05-31 10:01:47,3153.5,404854
2021-05-31 10:01:48,3153.0,404948
2021-05-31 10:01:49,3153.05,404979
2021-05-31 10:01:51,3153.0,405029
2021-05-31 10:01:50,3153.0,405029
2021-05-31 10:01:52,3155.6,412071
2021-05-31 10:01:53,3155.75,412121
2021-05-31 10:01:54,3154.35,412160
2021-05-31 10:01:55,3154.35,412160
2021-05-31 10:01:56,3155.45,412300
2021-05-31 10:01:57,3154.3,412382
2021-05-31 10:01:58,3153.95,412542
2021-05-31 10:01:59,3154.15,412578
2021-05-31 10:02:00,3155.45,412614
2021-05-31 10:02:01,3155.9,412784
2021-05-31 10:02:02,3155.9,412792
2021-05-31 10:02:03,3154.35,412828
2021-05-31 10:02:04,3155.75,413007
2021-05-31 10:02:05,3154.45,413008
2021-05-31 10:02:06,3155.7,413084
2021-05-31 10:02:07,3155.75,413188
2021-05-31 10:02:08,3155.0,413288
2021-05-31 10:02:09,3154.3,413518
2021-05-31 10:02:10,3154.3,413518
2021-05-31 10:02:11,3155.15,413519
2021-05-31 10:02:12,3154.2,413525
2021-05-31 10:02:13,3155.45,413607
2021-05-31 10:02:14,3155.45,413607
2021-05-31 10:02:15,3155.35,413609
2021-05-31 10:02:16,3155.5,413728
2021-05-31 10:02:17,3154.0,413764
2021-05-31 10:02:18,3154.6,414457
2021-05-31 10:02:19,3154.4,414501
2021-05-31 10:02:20,3153.95,414553
2021-05-31 10:02:21,3153.3,414589
2021-05-31 10:02:22,3154.6,414656
2021-05-31 10:02:23,3154.6,414656
2021-05-31 10:02:25,3154.7,414672
2021-05-31 10:02:26,3154.7,414672
2021-05-31 10:02:28,3154.7,414672
2021-05-31 10:02:29,3154.7,414672
2021-05-31 10:02:29,3154.7,414672
2021-05-31 10:02:30,3154.7,414672
2021-05-31 10:02:31,3154.7,414672
2021-05-31 10:02:32,3155.0,414676
2021-05-31 10:02:33,3154.6,414678
2021-05-31 10:02:34,3154.6,414678
2021-05-31 10:02:35,3155.0,414700
2021-05-31 10:02:36,3155.0,414700
2021-05-31 10:02:37,3155.0,414705
2021-05-31 10:02:38,3155.0,414705
2021-05-31 10:02:40,3154.55,414741
2021-05-31 10:02:41,3155.0,414762
2021-05-31 10:02:41,3155.0,414762
2021-05-31 10:02:43,3155.0,414890
2021-05-31 10:02:43,3155.0,414935
2021-05-31 10:02:44,3155.0,414935
2021-05-31 10:02:45,3155.0,414938
2021-05-31 10:02:46,3154.55,415455
2021-05-31 10:02:48,3155.0,415633
2021-05-31 10:02:49,3155.1,415650
2021-05-31 10:02:50,3155.2,415915
2021-05-31 10:02:51,3155.15,415924
2021-05-31 10:02:52,3155.15,415924
2021-05-31 10:02:53,3154.55,415949
2021-05-31 10:02:55,3154.95,416038
2021-05-31 10:02:55,3154.95,416038
2021-05-31 10:02:56,3154.75,416040
2021-05-31 10:02:57,3154.0,416118
2021-05-31 10:02:58,3155.0,416188
2021-05-31 10:03:00,3155.25,416223
2021-05-31 10:03:01,3155.25,416223
2021-05-31 10:03:02,3154.2,416224
2021-05-31 10:03:02,3154.2,416224
2021-05-31 10:03:04,3155.5,416308
2021-05-31 10:03:04,3155.5,416308
2021-05-31 10:03:06,3154.35,416309
2021-05-31 10:03:07,3155.0,416314
2021-05-31 10:03:08,3154.05,416417
2021-05-31 10:03:08,3154.05,416417
2021-05-31 10:03:09,3155.0,416442
2021-05-31 10:03:11,3155.0,416448
2021-05-31 10:03:11,3155.0,416448
2021-05-31 10:03:12,3155.0,416499
2021-05-31 10:03:13,3154.4,416514
2021-05-31 10:03:14,3154.4,416514
2021-05-31 10:03:15,3154.4,416514
2021-05-31 10:03:16,3154.4,416514
2021-05-31 10:03:17,3155.3,416599
2021-05-31 10:03:18,3154.3,416600
2021-05-31 10:03:19,3154.3,416600
2021-05-31 10:03:20,3154.3,416600
2021-05-31 10:03:22,3154.35,416631
2021-05-31 10:03:23,3154.3,416680
2021-05-31 10:03:24,3154.4,416689
2021-05-31 10:03:24,3154.4,416689
2021-05-31 10:03:25,3154.45,416729
2021-05-31 10:03:27,3154.55,416980
2021-05-31 10:03:27,3154.05,417040
2021-05-31 10:03:28,3153.9,418184
2021-05-31 10:03:29,3153.35,418688
2021-05-31 10:03:30,3154.2,418849
2021-05-31 10:03:31,3154.0,418852
2021-05-31 10:03:32,3154.0,418852
2021-05-31 10:03:33,3153.7,419360
2021-05-31 10:03:34,3153.7,419406
2021-05-31 10:03:35,3155.0,419656
2021-05-31 10:03:36,3155.0,419657
2021-05-31 10:03:37,3155.0,419708
2021-05-31 10:03:39,3155.0,419745
2021-05-31 10:03:40,3153.8,419881
2021-05-31 10:03:41,3153.65,419997
2021-05-31 10:03:42,3155.0,419998
2021-05-31 10:03:42,3155.0,419998
2021-05-31 10:03:43,3155.25,420292
2021-05-31 10:03:44,3155.0,420328
2021-05-31 10:03:45,3155.35,420504
2021-05-31 10:03:46,3153.9,420505
2021-05-31 10:03:47,3155.35,420536
2021-05-31 10:03:48,3155.25,420542
2021-05-31 10:03:49,3154.65,420630
2021-05-31 10:03:50,3155.2,420643
2021-05-31 10:03:51,3155.2,420643
2021-05-31 10:03:52,3154.8,420728
2021-05-31 10:03:53,3154.8,420728
2021-05-31 10:03:54,3155.0,420730
2021-05-31 10:03:55,3154.6,420737
2021-05-31 10:03:56,3154.6,420737
2021-05-31 10:03:57,3154.6,420737
2021-05-31 10:03:58,3154.6,420737
2021-05-31 10:03:59,3154.6,420747
2021-05-31 10:04:00,3154.85,420778
2021-05-31 10:04:01,3154.85,420799
2021-05-31 10:04:03,3154.0,420868
2021-05-31 10:04:03,3154.0,420868
2021-05-31 10:04:04,3154.0,420868
2021-05-31 10:04:05,3154.0,420905
2021-05-31 10:04:06,3154.0,420905
2021-05-31 10:04:07,3155.0,420910
2021-05-31 10:04:08,3153.85,420948
2021-05-31 10:04:09,3153.85,420951
2021-05-31 10:04:10,3153.9,420987
2021-05-31 10:04:11,3153.9,420987
2021-05-31 10:04:12,3154.0,420999
2021-05-31 10:04:14,3155.0,421000
2021-05-31 10:04:14,3155.0,421048
2021-05-31 10:04:16,3155.0,421048
2021-05-31 10:04:17,3155.0,421068
2021-05-31 10:04:18,3154.0,421080
2021-05-31 10:04:19,3154.0,421080
2021-05-31 10:04:19,3154.0,421080
2021-05-31 10:04:20,3155.0,421113
2021-05-31 10:04:21,3155.0,421152
2021-05-31 10:04:22,3154.05,421257
2021-05-31 10:04:23,3154.95,421274
2021-05-31 10:04:24,3154.95,421275
2021-05-31 10:04:25,3154.95,421294
2021-05-31 10:04:26,3154.95,421316
2021-05-31 10:04:27,3154.95,421343
2021-05-31 10:04:28,3154.95,421343
2021-05-31 10:04:29,3154.95,421355
2021-05-31 10:04:30,3155.0,421358
2021-05-31 10:04:31,3154.15,421395
2021-05-31 10:04:32,3154.65,421396
2021-05-31 10:04:33,3154.65,421396
2021-05-31 10:04:34,3154.2,421473
2021-05-31 10:04:35,3155.0,421475
2021-05-31 10:04:36,3155.0,421476
2021-05-31 10:04:37,3155.0,421524
2021-05-31 10:04:38,3155.0,421534
2021-05-31 10:04:39,3155.0,421537
2021-05-31 10:04:40,3155.0,421553
2021-05-31 10:04:41,3155.0,421553
2021-05-31 10:04:42,3155.0,421553
2021-05-31 10:04:43,3154.25,421556
2021-05-31 10:04:44,3155.0,421566
2021-05-31 10:04:45,3155.0,421723
2021-05-31 10:04:46,3154.5,421724
2021-05-31 10:04:47,3154.4,421738
2021-05-31 10:04:48,3154.4,421738
2021-05-31 10:04:50,3154.4,421738
2021-05-31 10:04:51,3154.65,421739
2021-05-31 10:04:52,3154.65,421739
2021-05-31 10:04:53,3155.0,421742
