timestamp,ltp,volume
2021-04-16 09:15:05,669.9,54581
2021-04-16 09:15:05,669.9,54581
2021-04-16 09:15:06,669.8,60330
2021-04-16 09:15:07,669.85,62957
2021-04-16 09:15:08,669.3,66970
2021-04-16 09:15:09,669.85,70500
2021-04-16 09:15:10,669.55,73566
2021-04-16 09:15:11,669.9,76805
2021-04-16 09:15:12,670.35,79835
2021-04-16 09:15:13,671.35,86040
2021-04-16 09:15:14,671.9,89602
2021-04-16 09:15:15,672.85,103077
2021-04-16 09:15:16,673.7,110276
2021-04-16 09:15:17,673.35,118676
2021-04-16 09:15:18,674.55,122832
2021-04-16 09:15:19,674.1,130388
2021-04-16 09:15:20,674.55,144024
2021-04-16 09:15:21,672.75,148296
2021-04-16 09:15:22,673.45,157397
2021-04-16 09:15:23,672.15,166116
2021-04-16 09:15:24,671.95,176875
2021-04-16 09:15:25,674.0,193668
2021-04-16 09:15:26,673.4,202071
2021-04-16 09:15:26,673.85,207295
2021-04-16 09:15:27,674.0,223263
2021-04-16 09:15:28,674.0,227729
2021-04-16 09:15:29,673.8,232730
2021-04-16 09:15:30,674.0,242226
2021-04-16 09:15:31,673.6,251980
2021-04-16 09:15:32,672.7,259041
2021-04-16 09:15:33,673.05,259608
2021-04-16 09:15:34,673.85,268512
2021-04-16 09:15:35,673.7,272029
2021-04-16 09:15:36,673.95,279939
2021-04-16 09:15:37,673.45,288532
2021-04-16 09:15:38,673.6,298909
2021-04-16 09:15:39,673.6,303814
2021-04-16 09:15:40,673.8,312979
2021-04-16 09:15:41,673.95,321483
2021-04-16 09:15:43,674.15,332396
2021-04-16 09:15:44,674.15,337564
2021-04-16 09:15:45,674.2,342687
2021-04-16 09:15:46,674.0,350360
2021-04-16 09:15:47,674.55,358913
2021-04-16 09:15:48,674.55,366269
2021-04-16 09:15:49,674.85,371480
2021-04-16 09:15:51,674.4,380465
2021-04-16 09:15:51,674.55,380664
2021-04-16 09:15:52,674.85,395478
2021-04-16 09:15:53,675.0,401335
2021-04-16 09:15:54,674.85,407831
2021-04-16 09:15:55,674.75,411952
2021-04-16 09:15:56,674.85,418650
2021-04-16 09:15:58,674.75,428126
2021-04-16 09:15:59,674.55,433767
2021-04-16 09:16:00,674.55,436803
2021-04-16 09:16:01,674.55,443575
2021-04-16 09:16:02,674.75,448546
2021-04-16 09:16:03,674.15,454163
2021-04-16 09:16:04,674.1,460789
2021-04-16 09:16:05,673.7,463412
2021-04-16 09:16:06,674.1,466586
2021-04-16 09:16:07,673.7,469460
2021-04-16 09:16:08,673.0,473436
2021-04-16 09:16:09,673.05,474257
2021-04-16 09:16:10,672.8,478443
2021-04-16 09:16:11,672.25,480293
2021-04-16 09:16:12,672.55,483554
2021-04-16 09:16:13,672.25,485773
2021-04-16 09:16:14,672.95,489883
2021-04-16 09:16:15,672.55,491109
2021-04-16 09:16:15,672.85,492259
2021-04-16 09:16:16,673.0,494459
2021-04-16 09:16:17,673.1,496430
2021-04-16 09:16:18,673.35,498229
2021-04-16 09:16:19,673.45,500128
2021-04-16 09:16:20,673.3,502488
2021-04-16 09:16:22,673.0,506257
2021-04-16 09:16:23,673.4,507372
2021-04-16 09:16:24,673.4,507737
2021-04-16 09:16:25,673.35,508063
2021-04-16 09:16:26,673.85,510493
2021-04-16 09:16:27,673.4,511580
2021-04-16 09:16:28,673.05,514237
2021-04-16 09:16:29,673.35,514757
2021-04-16 09:16:31,673.1,519155
2021-04-16 09:16:32,673.1,522736
2021-04-16 09:16:33,673.2,524177
2021-04-16 09:16:34,673.25,525117
2021-04-16 09:16:35,673.15,526198
2021-04-16 09:16:36,672.75,530087
2021-04-16 09:16:37,672.95,530842
2021-04-16 09:16:37,672.95,530842
2021-04-16 09:16:38,672.95,533631
2021-04-16 09:16:39,672.6,535139
2021-04-16 09:16:40,672.6,535919
2021-04-16 09:16:42,672.85,537125
2021-04-16 09:16:43,672.5,537240
2021-04-16 09:16:44,672.9,537900
2021-04-16 09:16:45,672.55,538791
2021-04-16 09:16:46,672.6,539871
2021-04-16 09:16:47,672.6,540641
2021-04-16 09:16:48,672.35,541485
2021-04-16 09:16:48,672.55,541298
2021-04-16 09:16:49,672.3,542216
2021-04-16 09:16:50,672.45,543365
2021-04-16 09:16:52,672.6,544701
2021-04-16 09:16:53,672.2,545625
2021-04-16 09:16:54,672.45,547299
2021-04-16 09:16:55,672.0,548488
2021-04-16 09:16:56,672.35,562236
2021-04-16 09:16:57,671.65,566429
2021-04-16 09:16:58,671.65,571451
2021-04-16 09:16:59,671.95,572960
2021-04-16 09:17:00,671.65,576036
2021-04-16 09:17:01,671.6,578750
2021-04-16 09:17:02,671.55,581034
2021-04-16 09:17:03,671.0,587205
2021-04-16 09:17:04,671.45,592781
2021-04-16 09:17:05,671.3,595936
2021-04-16 09:17:06,671.5,600863
2021-04-16 09:17:07,671.2,601840
2021-04-16 09:17:08,671.3,603141
2021-04-16 09:17:09,671.35,604472
2021-04-16 09:17:10,671.65,606010
2021-04-16 09:17:11,671.5,606707
2021-04-16 09:17:12,671.25,607934
2021-04-16 09:17:13,671.25,608584
2021-04-16 09:17:14,671.15,614857
2021-04-16 09:17:14,671.15,614957
2021-04-16 09:17:15,671.15,616034
2021-04-16 09:17:16,671.25,618747
2021-04-16 09:17:17,671.25,619240
2021-04-16 09:17:18,671.3,620946
2021-04-16 09:17:19,671.0,621705
2021-04-16 09:17:20,671.15,623303
2021-04-16 09:17:21,671.25,624783
2021-04-16 09:17:22,671.15,626075
2021-04-16 09:17:23,671.1,627087
2021-04-16 09:17:24,671.05,629684
2021-04-16 09:17:25,671.25,630316
2021-04-16 09:17:27,671.25,632412
2021-04-16 09:17:28,671.1,634450
2021-04-16 09:17:29,671.25,634996
2021-04-16 09:17:30,671.25,635709
2021-04-16 09:17:31,671.3,636707
2021-04-16 09:17:32,671.4,639928
2021-04-16 09:17:32,671.15,639530
2021-04-16 09:17:33,671.15,640247
2021-04-16 09:17:34,671.05,641306
2021-04-16 09:17:35,671.1,642564
2021-04-16 09:17:36,671.5,645183
2021-04-16 09:17:39,671.3,648026
2021-04-16 09:17:40,671.0,652554
2021-04-16 09:17:40,671.05,652609
2021-04-16 09:17:41,670.7,655476
2021-04-16 09:17:43,670.75,661775
2021-04-16 09:17:44,670.75,663443
2021-04-16 09:17:45,670.65,666827
2021-04-16 09:17:46,670.65,668206
2021-04-16 09:17:47,670.3,670263
2021-04-16 09:17:48,670.2,670690
2021-04-16 09:17:49,670.65,671996
2021-04-16 09:17:50,670.3,672045
2021-04-16 09:17:51,670.55,672827
2021-04-16 09:17:52,670.3,673263
2021-04-16 09:17:53,670.5,673727
2021-04-16 09:17:53,670.6,673779
2021-04-16 09:17:54,670.2,674085
2021-04-16 09:17:55,670.55,674945
2021-04-16 09:17:57,670.6,675081
2021-04-16 09:17:58,670.6,675431
2021-04-16 09:17:59,670.6,676601
2021-04-16 09:18:00,670.4,677379
2021-04-16 09:18:01,670.8,677974
2021-04-16 09:18:02,670.6,679128
2021-04-16 09:18:03,670.55,679622
2021-04-16 09:18:04,670.15,683383
2021-04-16 09:18:05,670.1,683733
2021-04-16 09:18:06,670.45,685833
2021-04-16 09:18:07,670.15,686563
2021-04-16 09:18:08,670.2,687192
2021-04-16 09:18:10,670.5,688613
2021-04-16 09:18:10,670.2,688531
2021-04-16 09:18:12,670.45,689123
2021-04-16 09:18:13,670.35,689903
2021-04-16 09:18:14,670.0,696843
2021-04-16 09:18:15,669.25,701751
2021-04-16 09:18:16,669.65,703028
2021-04-16 09:18:17,669.3,709258
2021-04-16 09:18:19,669.2,713364
2021-04-16 09:18:20,669.1,713403
2021-04-16 09:18:21,669.1,714043
2021-04-16 09:18:22,669.1,714386
2021-04-16 09:18:23,669.1,714631
2021-04-16 09:18:23,669.1,714700
2021-04-16 09:18:25,669.0,716094
2021-04-16 09:18:26,669.05,716700
2021-04-16 09:18:27,669.0,720425
2021-04-16 09:18:28,668.95,720768
2021-04-16 09:18:29,668.05,722405
2021-04-16 09:18:30,668.0,723965
2021-04-16 09:18:31,668.1,732448
2021-04-16 09:18:32,667.85,734068
2021-04-16 09:18:32,667.85,734068
2021-04-16 09:18:34,668.0,735531
2021-04-16 09:18:35,667.7,736228
2021-04-16 09:18:36,667.9,737082
2021-04-16 09:18:37,668.1,738377
2021-04-16 09:18:38,667.8,740986
2021-04-16 09:18:39,668.35,748266
2021-04-16 09:18:40,667.95,753800
2021-04-16 09:18:41,667.95,755952
2021-04-16 09:18:42,668.1,756956
2021-04-16 09:18:42,667.9,756145
2021-04-16 09:18:43,667.85,757769
2021-04-16 09:18:45,668.0,758558
2021-04-16 09:18:46,668.0,760409
2021-04-16 09:18:47,668.1,761335
2021-04-16 09:18:48,668.45,764605
2021-04-16 09:18:49,668.4,765356
2021-04-16 09:18:50,668.35,767338
2021-04-16 09:18:51,668.05,768854
2021-04-16 09:18:52,667.9,782719
2021-04-16 09:18:53,667.8,783700
2021-04-16 09:18:53,667.8,784297
2021-04-16 09:18:54,667.75,785308
2021-04-16 09:18:55,667.9,789193
2021-04-16 09:18:56,667.5,794767
2021-04-16 09:18:57,667.2,796998
2021-04-16 09:18:58,667.0,798493
2021-04-16 09:19:00,667.1,801442
2021-04-16 09:19:01,667.2,802368
2021-04-16 09:19:02,667.2,803532
2021-04-16 09:19:03,667.25,805982
2021-04-16 09:19:04,667.45,806444
2021-04-16 09:19:05,668.0,807261
2021-04-16 09:19:06,667.95,807611
2021-04-16 09:19:07,667.75,808227
2021-04-16 09:19:08,668.05,810136
2021-04-16 09:19:09,668.05,810915
2021-04-16 09:19:10,668.0,814017
2021-04-16 09:19:11,668.0,814573
2021-04-16 09:19:12,667.65,816015
2021-04-16 09:19:14,668.0,816857
2021-04-16 09:19:15,667.7,818036
2021-04-16 09:19:17,668.0,820612
2021-04-16 09:19:18,668.15,821034
2021-04-16 09:19:19,667.6,821357
2021-04-16 09:19:21,667.9,821549
2021-04-16 09:19:22,667.9,822509
2021-04-16 09:19:23,667.65,829314
2021-04-16 09:19:24,667.8,829496
2021-04-16 09:19:25,667.5,830458
2021-04-16 09:19:26,667.5,830815
2021-04-16 09:19:26,667.5,830815
2021-04-16 09:19:28,667.55,833196
2021-04-16 09:19:29,667.75,834813
2021-04-16 09:19:30,667.55,835114
2021-04-16 09:19:31,667.35,835628
2021-04-16 09:19:32,667.5,835763
2021-04-16 09:19:33,667.35,840232
2021-04-16 09:19:34,667.35,840252
2021-04-16 09:19:35,667.5,841255
2021-04-16 09:19:36,667.55,842578
2021-04-16 09:19:37,667.25,843495
2021-04-16 09:19:38,667.3,844558
2021-04-16 09:19:39,667.55,844668
2021-04-16 09:19:40,667.55,845316
2021-04-16 09:19:41,667.55,845697
2021-04-16 09:19:42,667.35,845861
2021-04-16 09:19:43,667.55,846121
2021-04-16 09:19:45,667.5,847378
2021-04-16 09:19:47,667.65,849087
2021-04-16 09:19:48,667.45,849453
2021-04-16 09:19:49,667.55,850637
2021-04-16 09:19:50,667.7,853025
2021-04-16 09:19:51,667.8,854445
2021-04-16 09:19:52,667.8,854970
2021-04-16 09:19:53,667.8,855585
2021-04-16 09:19:54,668.0,856217
2021-04-16 09:19:55,667.6,856531
2021-04-16 09:19:56,667.8,856944
2021-04-16 09:19:57,667.6,857236
2021-04-16 09:19:58,667.8,857513
2021-04-16 09:19:59,667.7,857522
2021-04-16 09:20:01,668.5,864698
2021-04-16 09:20:02,669.0,869065
2021-04-16 09:20:03,669.25,871086
2021-04-16 09:20:04,669.65,871520
2021-04-16 09:20:05,669.6,871715
2021-04-16 09:20:06,669.3,872016
2021-04-16 09:20:07,669.3,872237
2021-04-16 09:20:08,669.3,872277
2021-04-16 09:20:09,669.2,873958
2021-04-16 09:20:10,669.05,874163
2021-04-16 09:20:11,669.65,877839
2021-04-16 09:20:12,669.9,878055
2021-04-16 09:20:13,670.55,883956
2021-04-16 09:20:16,670.35,891447
2021-04-16 09:20:17,670.45,892966
2021-04-16 09:20:18,670.25,894356
2021-04-16 09:20:19,670.4,898569
2021-04-16 09:20:20,670.7,900280
2021-04-16 09:20:21,670.7,901546
2021-04-16 09:20:22,670.6,902292
2021-04-16 09:20:23,670.25,902562
2021-04-16 09:20:24,669.95,922689
2021-04-16 09:20:25,669.95,922689
2021-04-16 09:20:26,669.8,923892
2021-04-16 09:20:27,669.8,924621
2021-04-16 09:20:28,669.2,925184
2021-04-16 09:20:29,669.7,933347
2021-04-16 09:20:30,669.6,946077
2021-04-16 09:20:31,669.5,950503
2021-04-16 09:20:32,669.7,952079
2021-04-16 09:20:33,669.45,957727
2021-04-16 09:20:34,669.4,958058
2021-04-16 09:20:35,669.4,958181
2021-04-16 09:20:36,669.0,958241
2021-04-16 09:20:37,669.0,959687
2021-04-16 09:20:38,668.85,959980
2021-04-16 09:20:39,668.9,960689
2021-04-16 09:20:40,668.95,962095
2021-04-16 09:20:41,668.5,963647
2021-04-16 09:20:42,668.6,964723
2021-04-16 09:20:43,668.2,965804
2021-04-16 09:20:44,668.45,966269
2021-04-16 09:20:45,668.2,967528
2021-04-16 09:20:46,668.4,969906
2021-04-16 09:20:47,668.1,973364
2021-04-16 09:20:48,667.9,979088
2021-04-16 09:20:49,667.5,985078
2021-04-16 09:20:50,667.05,988946
2021-04-16 09:20:51,667.0,993962
2021-04-16 09:20:52,667.0,995206
2021-04-16 09:20:53,667.1,995805
2021-04-16 09:20:54,667.4,996970
2021-04-16 09:20:55,666.65,1001321
2021-04-16 09:20:56,666.8,1002182
2021-04-16 09:20:57,666.85,1003633
2021-04-16 09:20:58,666.45,1005044
2021-04-16 09:20:59,666.35,1005870
2021-04-16 09:21:00,666.1,1023970
2021-04-16 09:21:01,666.3,1024713
2021-04-16 09:21:03,666.2,1028930
2021-04-16 09:21:02,666.45,1028672
2021-04-16 09:21:05,666.0,1038717
2021-04-16 09:21:06,665.25,1041879
2021-04-16 09:21:07,665.7,1043363
2021-04-16 09:21:08,665.7,1045477
2021-04-16 09:21:09,665.6,1047479
2021-04-16 09:21:10,666.0,1050385
2021-04-16 09:21:11,666.0,1051772
2021-04-16 09:21:12,666.0,1054618
2021-04-16 09:21:13,665.65,1056257
2021-04-16 09:21:14,665.65,1056257
2021-04-16 09:21:15,665.75,1057484
2021-04-16 09:21:16,665.8,1059034
2021-04-16 09:21:17,665.7,1059480
2021-04-16 09:21:18,665.65,1060410
2021-04-16 09:21:19,665.85,1061101
2021-04-16 09:21:20,665.0,1072619
2021-04-16 09:21:21,665.3,1076955
2021-04-16 09:21:22,665.15,1079675
2021-04-16 09:21:23,665.4,1082886
2021-04-16 09:21:24,665.2,1083217
2021-04-16 09:21:25,665.65,1086945
2021-04-16 09:21:26,665.65,1086945
2021-04-16 09:21:29,665.25,1089155
2021-04-16 09:21:30,665.45,1094192
2021-04-16 09:21:31,665.55,1095865
2021-04-16 09:21:32,665.65,1097972
2021-04-16 09:21:33,665.35,1098308
2021-04-16 09:21:34,665.4,1099068
2021-04-16 09:21:35,665.25,1099276
2021-04-16 09:21:36,665.25,1099332
2021-04-16 09:21:37,665.3,1101829
2021-04-16 09:21:38,665.1,1103955
2021-04-16 09:21:39,664.65,1107158
2021-04-16 09:21:40,664.85,1107868
2021-04-16 09:21:41,664.5,1108969
2021-04-16 09:21:42,664.9,1110737
2021-04-16 09:21:43,665.0,1111491
2021-04-16 09:21:44,664.75,1111724
2021-04-16 09:21:46,665.0,1115833
2021-04-16 09:21:45,664.75,1112341
2021-04-16 09:21:47,664.95,1118426
2021-04-16 09:21:48,665.05,1119146
2021-04-16 09:21:49,665.05,1119508
2021-04-16 09:21:50,664.95,1120190
2021-04-16 09:21:51,664.4,1120735
2021-04-16 09:21:52,664.25,1122276
2021-04-16 09:21:53,664.25,1122948
2021-04-16 09:21:54,664.3,1123207
2021-04-16 09:21:55,664.55,1123928
2021-04-16 09:21:56,664.3,1124030
2021-04-16 09:21:57,664.65,1124576
2021-04-16 09:21:58,664.4,1125114
2021-04-16 09:21:59,664.65,1126214
2021-04-16 09:22:00,664.65,1126214
2021-04-16 09:22:02,664.35,1128678
2021-04-16 09:22:03,664.3,1129234
2021-04-16 09:22:04,664.65,1129812
2021-04-16 09:22:05,664.3,1129882
2021-04-16 09:22:06,664.5,1130873
2021-04-16 09:22:07,664.75,1131164
2021-04-16 09:22:08,664.95,1133723
2021-04-16 09:22:09,664.8,1133914
2021-04-16 09:22:10,664.6,1134457
2021-04-16 09:22:11,664.6,1135023
2021-04-16 09:22:12,664.75,1136607
2021-04-16 09:22:13,664.5,1137094
2021-04-16 09:22:15,664.75,1138582
2021-04-16 09:22:16,664.9,1139158
2021-04-16 09:22:16,664.9,1139158
2021-04-16 09:22:17,664.65,1141772
2021-04-16 09:22:19,664.5,1144889
2021-04-16 09:22:20,664.75,1147290
2021-04-16 09:22:21,664.0,1150764
2021-04-16 09:22:22,664.05,1151147
2021-04-16 09:22:24,664.4,1155531
2021-04-16 09:22:25,664.05,1155963
2021-04-16 09:22:25,664.0,1156143
2021-04-16 09:22:26,663.75,1163209
2021-04-16 09:22:27,663.7,1164184
2021-04-16 09:22:28,663.85,1165447
2021-04-16 09:22:29,663.5,1166043
2021-04-16 09:22:30,663.6,1167834
2021-04-16 09:22:31,663.4,1169211
2021-04-16 09:22:32,663.5,1170455
2021-04-16 09:22:33,663.85,1171842
2021-04-16 09:22:34,663.75,1172056
2021-04-16 09:22:36,663.8,1175220
2021-04-16 09:22:37,663.8,1176139
2021-04-16 09:22:39,664.0,1176977
2021-04-16 09:22:40,663.45,1179233
2021-04-16 09:22:41,663.6,1180214
2021-04-16 09:22:42,663.65,1180688
2021-04-16 09:22:43,663.65,1181832
2021-04-16 09:22:44,663.3,1184845
2021-04-16 09:22:45,663.15,1185740
2021-04-16 09:22:46,663.25,1186273
2021-04-16 09:22:48,662.8,1188951
2021-04-16 09:22:48,662.75,1189009
2021-04-16 09:22:49,662.7,1192600
2021-04-16 09:22:50,662.8,1194238
2021-04-16 09:22:51,663.15,1195918
2021-04-16 09:22:52,663.25,1196631
2021-04-16 09:22:53,663.2,1197478
2021-04-16 09:22:55,663.25,1197797
2021-04-16 09:22:55,663.35,1198010
2021-04-16 09:22:56,663.5,1198220
2021-04-16 09:22:57,663.0,1198378
2021-04-16 09:22:58,663.35,1199264
2021-04-16 09:22:59,663.5,1201794
2021-04-16 09:23:00,663.35,1203373
2021-04-16 09:23:01,663.6,1205322
2021-04-16 09:23:02,663.7,1205764
2021-04-16 09:23:03,663.95,1206981
2021-04-16 09:23:04,664.05,1208005
2021-04-16 09:23:05,664.05,1208206
2021-04-16 09:23:06,664.05,1208938
2021-04-16 09:23:07,663.7,1209163
2021-04-16 09:23:08,664.05,1209504
2021-04-16 09:23:10,664.25,1210083
2021-04-16 09:23:10,664.1,1210087
2021-04-16 09:23:11,664.05,1210192
2021-04-16 09:23:12,664.2,1210422
2021-04-16 09:23:13,664.15,1210752
2021-04-16 09:23:14,664.1,1212192
2021-04-16 09:23:17,663.95,1213075
2021-04-16 09:23:19,663.85,1214418
2021-04-16 09:23:19,663.7,1214619
2021-04-16 09:23:20,663.8,1214675
2021-04-16 09:23:21,663.75,1215038
2021-04-16 09:23:22,663.5,1215338
2021-04-16 09:23:23,663.55,1216392
2021-04-16 09:23:24,664.0,1217528
2021-04-16 09:23:25,663.75,1217672
2021-04-16 09:23:26,663.8,1217955
2021-04-16 09:23:27,663.95,1218297
2021-04-16 09:23:28,663.7,1218756
2021-04-16 09:23:30,664.0,1219638
2021-04-16 09:23:31,663.75,1220377
2021-04-16 09:23:31,663.75,1220377
2021-04-16 09:23:32,664.05,1223507
2021-04-16 09:23:33,664.4,1223929
2021-04-16 09:23:34,664.05,1224424
2021-04-16 09:23:35,664.1,1224497
2021-04-16 09:23:36,664.5,1224621
2021-04-16 09:23:37,664.5,1227707
2021-04-16 09:23:38,664.6,1228217
2021-04-16 09:23:40,664.8,1232444
2021-04-16 09:23:41,664.6,1233049
2021-04-16 09:23:42,664.7,1233557
2021-04-16 09:23:43,664.5,1233872
2021-04-16 09:23:44,664.25,1233894
2021-04-16 09:23:44,664.4,1233879
2021-04-16 09:23:45,664.15,1237421
2021-04-16 09:23:46,664.05,1238196
2021-04-16 09:23:47,664.2,1239068
2021-04-16 09:23:48,664.3,1241070
2021-04-16 09:23:51,663.75,1244594
2021-04-16 09:23:52,663.6,1249222
2021-04-16 09:23:54,663.5,1250638
2021-04-16 09:23:54,663.35,1250718
2021-04-16 09:23:55,663.4,1251121
2021-04-16 09:23:56,663.55,1252232
2021-04-16 09:23:57,663.2,1254123
2021-04-16 09:23:58,663.2,1254559
2021-04-16 09:23:59,663.2,1254732
2021-04-16 09:24:00,663.2,1254878
2021-04-16 09:24:01,663.55,1255478
2021-04-16 09:24:02,663.95,1256175
2021-04-16 09:24:03,663.95,1256256
2021-04-16 09:24:04,664.25,1258051
2021-04-16 09:24:06,664.3,1259567
2021-04-16 09:24:06,664.3,1259723
2021-04-16 09:24:07,664.3,1260357
2021-04-16 09:24:08,664.5,1260880
2021-04-16 09:24:09,664.35,1261030
2021-04-16 09:24:11,664.45,1262247
2021-04-16 09:24:12,664.25,1264473
2021-04-16 09:24:13,664.45,1266206
2021-04-16 09:24:15,664.35,1268522
2021-04-16 09:24:16,664.5,1268771
2021-04-16 09:24:17,664.55,1270259
2021-04-16 09:24:18,664.5,1270693
2021-04-16 09:24:19,664.7,1272118
2021-04-16 09:24:21,664.8,1272453
2021-04-16 09:24:22,664.7,1274052
2021-04-16 09:24:23,664.35,1274297
2021-04-16 09:24:23,664.65,1274300
2021-04-16 09:24:28,663.7,1280942
2021-04-16 09:24:29,663.7,1281710
2021-04-16 09:24:30,663.85,1283659
2021-04-16 09:24:31,663.85,1284451
2021-04-16 09:24:32,663.8,1284603
2021-04-16 09:24:33,663.9,1285011
2021-04-16 09:24:34,663.9,1285126
2021-04-16 09:24:35,663.5,1286184
2021-04-16 09:24:37,663.3,1287833
2021-04-16 09:24:38,663.2,1288309
2021-04-16 09:24:38,663.2,1288309
2021-04-16 09:24:39,663.35,1289244
2021-04-16 09:24:40,663.05,1290627
2021-04-16 09:24:41,663.35,1291234
2021-04-16 09:24:42,663.1,1291925
2021-04-16 09:24:43,662.9,1304094
2021-04-16 09:24:44,662.95,1304789
2021-04-16 09:24:45,662.9,1307028
2021-04-16 09:24:46,662.9,1307736
2021-04-16 09:24:48,662.7,1308585
2021-04-16 09:24:49,662.85,1309181
2021-04-16 09:24:50,662.9,1309997
2021-04-16 09:24:51,662.9,1310821
2021-04-16 09:24:51,662.9,1310821
2021-04-16 09:24:52,663.1,1311351
2021-04-16 09:24:53,663.05,1311543
2021-04-16 09:24:55,663.1,1311985
2021-04-16 09:24:56,662.9,1312023
2021-04-16 09:24:56,663.1,1312013
2021-04-16 09:24:57,663.1,1312365
2021-04-16 09:24:58,663.7,1314412
2021-04-16 09:24:59,663.8,1314677
2021-04-16 09:25:00,663.4,1314877
2021-04-16 09:25:02,663.35,1315114
2021-04-16 09:25:03,663.65,1315503
2021-04-16 09:25:03,663.3,1317223
2021-04-16 09:25:04,663.7,1317602
2021-04-16 09:25:05,663.85,1318993
2021-04-16 09:25:07,663.85,1321466
2021-04-16 09:25:08,664.0,1321667
2021-04-16 09:25:09,664.05,1322189
2021-04-16 09:25:09,664.35,1322469
2021-04-16 09:25:10,664.35,1322949
2021-04-16 09:25:11,664.1,1322950
2021-04-16 09:25:12,664.0,1323152
2021-04-16 09:25:13,664.0,1324700
2021-04-16 09:25:15,664.0,1325317
2021-04-16 09:25:16,664.0,1325611
2021-04-16 09:25:17,663.7,1326379
2021-04-16 09:25:17,663.9,1326314
2021-04-16 09:25:18,663.45,1326773
2021-04-16 09:25:22,663.0,1335482
2021-04-16 09:25:23,663.05,1336613
2021-04-16 09:25:23,662.95,1336713
2021-04-16 09:25:24,662.9,1337217
2021-04-16 09:25:25,663.0,1337968
2021-04-16 09:25:26,663.15,1339626
2021-04-16 09:25:27,662.8,1341237
2021-04-16 09:25:29,662.95,1341628
2021-04-16 09:25:30,663.3,1342071
2021-04-16 09:25:31,663.45,1342908
2021-04-16 09:25:32,663.15,1343823
2021-04-16 09:25:33,663.0,1344151
2021-04-16 09:25:34,662.9,1344220
2021-04-16 09:25:34,662.9,1344220
2021-04-16 09:25:35,662.95,1344725
2021-04-16 09:25:36,663.05,1345713
2021-04-16 09:25:37,663.25,1346906
2021-04-16 09:25:38,663.05,1347878
2021-04-16 09:25:39,663.05,1348439
2021-04-16 09:25:41,663.0,1349068
2021-04-16 09:25:42,663.1,1349563
2021-04-16 09:25:42,663.1,1349563
2021-04-16 09:25:43,663.25,1350134
2021-04-16 09:25:44,663.15,1350337
2021-04-16 09:25:45,663.25,1351104
2021-04-16 09:25:47,663.35,1351284
2021-04-16 09:25:48,663.35,1351695
2021-04-16 09:25:48,663.35,1351695
2021-04-16 09:25:49,663.25,1352735
2021-04-16 09:25:50,663.05,1353805
2021-04-16 09:25:52,663.15,1353994
2021-04-16 09:25:53,663.4,1354323
2021-04-16 09:25:53,663.1,1354308
2021-04-16 09:25:54,663.35,1354452
2021-04-16 09:25:55,663.55,1355482
2021-04-16 09:25:56,663.35,1355590
2021-04-16 09:25:57,663.45,1356190
2021-04-16 09:25:59,663.45,1356230
2021-04-16 09:26:00,663.3,1356585
2021-04-16 09:26:01,663.3,1356788
2021-04-16 09:26:02,663.6,1357852
2021-04-16 09:26:02,663.35,1357872
2021-04-16 09:26:03,663.85,1359500
2021-04-16 09:26:04,663.85,1359550
2021-04-16 09:26:05,663.9,1359696
2021-04-16 09:26:06,663.9,1359872
2021-04-16 09:26:07,663.75,1359891
2021-04-16 09:26:08,663.8,1360392
2021-04-16 09:26:10,663.6,1361933
2021-04-16 09:26:11,663.6,1363019
2021-04-16 09:26:12,663.75,1363264
2021-04-16 09:26:13,663.75,1363628
2021-04-16 09:26:13,663.75,1363628
2021-04-16 09:26:14,663.8,1364833
2021-04-16 09:26:15,663.85,1365880
2021-04-16 09:26:16,663.75,1366326
2021-04-16 09:26:17,663.6,1366741
2021-04-16 09:26:18,663.8,1366801
2021-04-16 09:26:19,663.75,1366901
2021-04-16 09:26:20,663.65,1367547
2021-04-16 09:26:22,663.5,1368132
2021-04-16 09:26:23,663.55,1368462
2021-04-16 09:26:24,663.55,1369224
2021-04-16 09:26:25,663.5,1369300
2021-04-16 09:26:26,663.4,1369722
2021-04-16 09:26:27,663.25,1370970
2021-04-16 09:26:27,663.25,1370829
2021-04-16 09:26:28,663.25,1371661
2021-04-16 09:26:29,663.6,1372090
2021-04-16 09:26:30,663.05,1377458
2021-04-16 09:26:32,663.05,1378602
2021-04-16 09:26:33,663.05,1378748
2021-04-16 09:26:34,663.2,1381374
2021-04-16 09:26:35,663.2,1381396
2021-04-16 09:26:36,663.0,1381916
2021-04-16 09:26:38,662.8,1383306
2021-04-16 09:26:39,663.2,1383704
2021-04-16 09:26:40,663.25,1384015
2021-04-16 09:26:41,663.05,1384277
2021-04-16 09:26:41,663.05,1384277
2021-04-16 09:26:42,663.1,1384511
2021-04-16 09:26:44,663.0,1384702
2021-04-16 09:26:45,663.25,1384789
2021-04-16 09:26:46,663.0,1385402
2021-04-16 09:26:47,663.15,1385598
2021-04-16 09:26:47,663.0,1385630
2021-04-16 09:26:48,663.0,1386178
2021-04-16 09:26:50,663.15,1386454
2021-04-16 09:26:51,663.0,1386768
2021-04-16 09:26:52,663.25,1387298
2021-04-16 09:26:54,663.0,1388128
2021-04-16 09:26:56,663.3,1391557
2021-04-16 09:26:57,663.6,1392046
2021-04-16 09:26:57,663.6,1392046
2021-04-16 09:26:58,663.5,1393506
2021-04-16 09:26:59,663.6,1393888
2021-04-16 09:27:01,663.45,1393976
2021-04-16 09:27:02,663.9,1395210
2021-04-16 09:27:03,663.8,1395665
2021-04-16 09:27:03,663.65,1395765
2021-04-16 09:27:04,663.75,1396114
2021-04-16 09:27:06,664.0,1396614
2021-04-16 09:27:07,664.65,1407561
2021-04-16 09:27:08,664.8,1408570
2021-04-16 09:27:09,664.65,1409302
2021-04-16 09:27:09,664.65,1409302
2021-04-16 09:27:10,664.65,1410954
2021-04-16 09:27:12,664.5,1411594
2021-04-16 09:27:13,664.1,1413621
2021-04-16 09:27:14,663.95,1413938
2021-04-16 09:27:14,663.95,1414038
2021-04-16 09:27:15,663.85,1415306
2021-04-16 09:27:17,663.65,1415902
2021-04-16 09:27:18,663.3,1416195
2021-04-16 09:27:19,663.6,1416909
2021-04-16 09:27:19,663.6,1416909
2021-04-16 09:27:20,663.4,1417290
2021-04-16 09:27:22,663.7,1417750
2021-04-16 09:27:23,664.0,1418257
2021-04-16 09:27:24,664.0,1418257
2021-04-16 09:27:24,664.1,1418367
2021-04-16 09:27:25,664.1,1418367
2021-04-16 09:27:26,663.9,1418467
2021-04-16 09:27:28,663.7,1418667
2021-04-16 09:27:29,663.5,1419442
2021-04-16 09:27:30,663.7,1419522
2021-04-16 09:27:31,663.7,1420072
2021-04-16 09:27:32,663.7,1420072
2021-04-16 09:27:32,663.4,1422454
2021-04-16 09:27:33,663.3,1423470
2021-04-16 09:27:35,663.25,1424094
2021-04-16 09:27:36,663.45,1424255
2021-04-16 09:27:37,663.45,1424658
2021-04-16 09:27:37,663.6,1425177
2021-04-16 09:27:38,663.7,1425352
2021-04-16 09:27:39,663.7,1425373
2021-04-16 09:27:40,663.5,1425708
2021-04-16 09:27:42,663.65,1426608
2021-04-16 09:27:43,663.5,1426854
2021-04-16 09:27:44,663.6,1427339
2021-04-16 09:27:44,663.6,1427339
2021-04-16 09:27:45,663.7,1427456
2021-04-16 09:27:48,663.85,1428902
2021-04-16 09:27:49,663.6,1429112
2021-04-16 09:27:50,663.85,1430200
2021-04-16 09:27:50,663.6,1430696
2021-04-16 09:27:51,663.75,1431088
2021-04-16 09:27:53,663.5,1431276
2021-04-16 09:27:54,663.9,1432277
2021-04-16 09:27:55,664.0,1432488
2021-04-16 09:27:56,663.8,1432705
2021-04-16 09:27:57,664.0,1432758
2021-04-16 09:27:58,663.85,1434001
2021-04-16 09:27:58,663.85,1434049
2021-04-16 09:27:59,663.8,1434403
2021-04-16 09:28:03,664.0,1436750
2021-04-16 09:28:04,663.5,1437210
2021-04-16 09:28:04,663.6,1437160
2021-04-16 09:28:05,663.6,1440177
2021-04-16 09:28:06,663.65,1440274
2021-04-16 09:28:07,663.65,1440901
2021-04-16 09:28:08,663.7,1442157
2021-04-16 09:28:09,663.7,1442810
2021-04-16 09:28:12,663.8,1443077
2021-04-16 09:28:13,663.8,1443611
2021-04-16 09:28:14,663.55,1443823
2021-04-16 09:28:15,663.8,1443911
2021-04-16 09:28:16,663.7,1443912
2021-04-16 09:28:17,663.8,1444042
2021-04-16 09:28:18,663.9,1444528
2021-04-16 09:28:18,663.9,1444528
2021-04-16 09:28:19,663.8,1444558
2021-04-16 09:28:20,663.9,1444615
2021-04-16 09:28:22,664.0,1445003
2021-04-16 09:28:23,664.0,1445042
2021-04-16 09:28:24,664.0,1445197
2021-04-16 09:28:24,664.0,1445197
2021-04-16 09:28:25,664.0,1445497
2021-04-16 09:28:27,663.95,1445902
2021-04-16 09:28:28,663.9,1446024
2021-04-16 09:28:29,663.9,1446276
2021-04-16 09:28:30,663.95,1446284
2021-04-16 09:28:31,663.95,1446314
2021-04-16 09:28:32,663.65,1447679
2021-04-16 09:28:33,663.65,1448004
2021-04-16 09:28:33,663.65,1448818
2021-04-16 09:28:34,663.5,1449000
2021-04-16 09:28:35,663.65,1449309
2021-04-16 09:28:37,663.45,1453765
2021-04-16 09:28:38,663.5,1454587
2021-04-16 09:28:39,663.4,1455687
2021-04-16 09:28:39,663.55,1455762
2021-04-16 09:28:40,663.3,1456127
2021-04-16 09:28:42,663.05,1459090
2021-04-16 09:28:43,663.25,1460327
2021-04-16 09:28:44,663.25,1460396
2021-04-16 09:28:45,663.25,1460685
2021-04-16 09:28:46,663.4,1461778
2021-04-16 09:28:47,663.45,1462003
2021-04-16 09:28:48,663.4,1462076
2021-04-16 09:28:48,663.4,1462076
2021-04-16 09:28:50,663.4,1462176
2021-04-16 09:28:51,663.4,1462209
2021-04-16 09:28:52,663.4,1462386
2021-04-16 09:28:53,663.4,1462503
2021-04-16 09:28:54,663.4,1462713
2021-04-16 09:28:55,663.25,1462914
2021-04-16 09:28:56,663.4,1463649
2021-04-16 09:28:57,663.45,1464018
2021-04-16 09:28:57,663.45,1464018
2021-04-16 09:28:59,663.4,1464232
2021-04-16 09:29:00,663.55,1467397
2021-04-16 09:29:01,663.6,1467934
2021-04-16 09:29:02,663.45,1468569
2021-04-16 09:29:03,663.8,1469054
2021-04-16 09:29:03,663.6,1469000
2021-04-16 09:29:05,664.2,1471736
2021-04-16 09:29:06,664.3,1471859
2021-04-16 09:29:08,664.3,1471951
2021-04-16 09:29:09,663.8,1472560
2021-04-16 09:29:09,664.0,1472798
2021-04-16 09:29:11,663.95,1473114
2021-04-16 09:29:12,663.8,1473215
2021-04-16 09:29:13,663.6,1473325
2021-04-16 09:29:14,663.55,1473787
2021-04-16 09:29:15,663.75,1475115
2021-04-16 09:29:16,663.65,1475253
2021-04-16 09:29:17,663.45,1476724
2021-04-16 09:29:18,663.3,1479621
2021-04-16 09:29:19,663.05,1481704
2021-04-16 09:29:20,663.05,1497983
2021-04-16 09:29:21,663.0,1498167
2021-04-16 09:29:22,662.8,1500809
2021-04-16 09:29:23,662.75,1501232
2021-04-16 09:29:24,662.7,1504061
2021-04-16 09:29:25,662.85,1505170
2021-04-16 09:29:26,663.3,1508108
2021-04-16 09:29:26,663.4,1508118
2021-04-16 09:29:28,663.5,1509538
2021-04-16 09:29:29,663.5,1510060
2021-04-16 09:29:30,663.6,1511301
2021-04-16 09:29:31,663.95,1511398
2021-04-16 09:29:32,663.9,1511459
2021-04-16 09:29:33,663.65,1511543
2021-04-16 09:29:34,663.65,1512127
2021-04-16 09:29:34,663.65,1512127
2021-04-16 09:29:36,663.8,1512227
2021-04-16 09:29:37,663.6,1512348
2021-04-16 09:29:38,663.6,1512450
2021-04-16 09:29:39,663.6,1512450
2021-04-16 09:29:40,663.4,1512808
2021-04-16 09:29:42,663.55,1513226
2021-04-16 09:29:43,663.5,1513580
2021-04-16 09:29:44,663.5,1513580
2021-04-16 09:29:45,663.55,1513581
2021-04-16 09:29:46,663.5,1513611
2021-04-16 09:29:47,663.55,1513675
2021-04-16 09:29:48,663.7,1514618
2021-04-16 09:29:49,663.65,1514619
2021-04-16 09:29:51,663.65,1514620
2021-04-16 09:29:52,663.8,1514775
2021-04-16 09:29:53,664.1,1516976
2021-04-16 09:29:54,663.65,1517272
2021-04-16 09:29:55,663.45,1518426
2021-04-16 09:29:56,663.6,1519490
2021-04-16 09:29:57,663.35,1519767
2021-04-16 09:29:58,663.35,1520119
2021-04-16 09:29:59,663.2,1521157
2021-04-16 09:29:59,663.45,1521023
2021-04-16 09:30:00,663.15,1521561
2021-04-16 09:30:02,663.25,1522041
2021-04-16 09:30:03,663.5,1522696
2021-04-16 09:30:04,663.45,1522852
2021-04-16 09:30:05,663.4,1523057
2021-04-16 09:30:06,664.0,1524267
2021-04-16 09:30:06,663.85,1524304
2021-04-16 09:30:07,664.05,1524554
2021-04-16 09:30:09,663.9,1525119
2021-04-16 09:30:12,664.0,1526340
2021-04-16 09:30:13,663.8,1526664
2021-04-16 09:30:14,663.8,1526715
2021-04-16 09:30:15,663.9,1527203
2021-04-16 09:30:16,663.6,1527385
2021-04-16 09:30:17,663.9,1527444
2021-04-16 09:30:18,663.75,1527926
2021-04-16 09:30:19,664.0,1528056
2021-04-16 09:30:20,664.25,1528561
2021-04-16 09:30:21,664.65,1530769
2021-04-16 09:30:21,664.7,1530789
2021-04-16 09:30:22,664.35,1531407
2021-04-16 09:30:23,664.9,1532442
2021-04-16 09:30:24,664.45,1532935
2021-04-16 09:30:25,665.0,1537131
2021-04-16 09:30:26,665.1,1538089
2021-04-16 09:30:27,665.25,1538319
2021-04-16 09:30:28,665.1,1538618
2021-04-16 09:30:29,664.75,1539036
2021-04-16 09:30:31,664.8,1539207
2021-04-16 09:30:32,664.75,1539576
2021-04-16 09:30:33,664.75,1539694
2021-04-16 09:30:34,664.75,1540138
2021-04-16 09:30:35,664.55,1540301
2021-04-16 09:30:36,664.55,1540650
2021-04-16 09:30:37,664.7,1542559
2021-04-16 09:30:38,664.7,1542668
2021-04-16 09:30:39,664.3,1543010
2021-04-16 09:30:41,664.55,1543846
2021-04-16 09:30:43,664.1,1544049
2021-04-16 09:30:44,664.25,1545326
2021-04-16 09:30:44,664.25,1545326
2021-04-16 09:30:46,664.0,1547027
2021-04-16 09:30:47,664.15,1547276
2021-04-16 09:30:48,664.25,1548486
2021-04-16 09:30:49,664.35,1549190
2021-04-16 09:30:50,664.25,1549690
2021-04-16 09:30:51,664.25,1549690
2021-04-16 09:30:52,664.4,1550098
2021-04-16 09:30:53,664.3,1550269
2021-04-16 09:30:54,664.35,1550394
2021-04-16 09:30:55,664.35,1550509
2021-04-16 09:30:57,664.4,1551159
2021-04-16 09:30:56,664.4,1551159
2021-04-16 09:30:58,664.25,1551757
2021-04-16 09:30:59,664.25,1552255
2021-04-16 09:31:00,664.25,1552774
2021-04-16 09:31:01,664.0,1553034
2021-04-16 09:31:02,664.3,1553555
2021-04-16 09:31:04,664.25,1556792
2021-04-16 09:31:05,664.4,1557206
2021-04-16 09:31:06,664.4,1557206
2021-04-16 09:31:07,664.25,1557722
2021-04-16 09:31:08,664.25,1558150
2021-04-16 09:31:09,664.55,1559130
2021-04-16 09:31:10,664.55,1559563
2021-04-16 09:31:11,664.55,1559807
2021-04-16 09:31:12,664.55,1560407
2021-04-16 09:31:13,664.55,1561140
2021-04-16 09:31:14,664.55,1561645
2021-04-16 09:31:15,664.55,1561645
2021-04-16 09:31:16,664.4,1561735
2021-04-16 09:31:17,664.5,1561776
2021-04-16 09:31:18,664.55,1561832
2021-04-16 09:31:19,664.55,1561890
2021-04-16 09:31:20,664.3,1562865
2021-04-16 09:31:21,664.55,1564961
2021-04-16 09:31:22,664.25,1567674
2021-04-16 09:31:23,664.1,1567803
2021-04-16 09:31:24,664.05,1572011
2021-04-16 09:31:25,663.9,1572028
2021-04-16 09:31:26,663.8,1572621
2021-04-16 09:31:27,664.4,1576196
2021-04-16 09:31:28,664.45,1576397
2021-04-16 09:31:29,664.35,1576895
2021-04-16 09:31:30,664.0,1577350
2021-04-16 09:31:31,663.95,1577477
2021-04-16 09:31:32,664.2,1577507
2021-04-16 09:31:33,664.2,1577642
2021-04-16 09:31:34,664.35,1577651
2021-04-16 09:31:35,664.05,1577678
2021-04-16 09:31:36,664.3,1577728
2021-04-16 09:31:37,664.1,1578978
2021-04-16 09:31:38,664.05,1579201
2021-04-16 09:31:39,664.15,1579240
2021-04-16 09:31:40,664.25,1580547
2021-04-16 09:31:41,664.0,1580798
2021-04-16 09:31:42,664.2,1581089
2021-04-16 09:31:43,664.15,1581159
2021-04-16 09:31:44,664.15,1581461
2021-04-16 09:31:45,664.05,1581781
2021-04-16 09:31:46,664.35,1582474
2021-04-16 09:31:47,664.4,1582762
2021-04-16 09:31:48,664.4,1582772
2021-04-16 09:31:49,664.4,1583045
2021-04-16 09:31:50,664.4,1583251
2021-04-16 09:31:51,664.25,1583671
2021-04-16 09:31:52,664.15,1583785
2021-04-16 09:31:53,664.15,1583840
2021-04-16 09:31:54,664.2,1583845
2021-04-16 09:31:55,664.0,1583980
2021-04-16 09:31:56,664.15,1584080
2021-04-16 09:31:57,664.15,1584080
2021-04-16 09:31:58,663.9,1584280
2021-04-16 09:31:59,664.0,1584500
2021-04-16 09:32:00,663.8,1585328
2021-04-16 09:32:01,663.85,1586113
2021-04-16 09:32:02,664.05,1586590
2021-04-16 09:32:03,664.05,1586616
2021-04-16 09:32:04,664.0,1587253
2021-04-16 09:32:05,664.0,1587436
2021-04-16 09:32:07,664.25,1587771
2021-04-16 09:32:08,664.25,1587821
2021-04-16 09:32:09,664.3,1588399
2021-04-16 09:32:11,664.2,1588837
2021-04-16 09:32:12,664.2,1590672
2021-04-16 09:32:13,663.95,1591205
2021-04-16 09:32:14,663.95,1591205
2021-04-16 09:32:15,663.95,1591553
2021-04-16 09:32:16,664.25,1591790
2021-04-16 09:32:17,664.2,1591812
2021-04-16 09:32:18,664.0,1592563
2021-04-16 09:32:20,663.85,1593336
2021-04-16 09:32:19,663.85,1593336
2021-04-16 09:32:21,663.85,1593872
2021-04-16 09:32:22,664.0,1594923
2021-04-16 09:32:23,663.9,1595109
2021-04-16 09:32:24,663.6,1595777
2021-04-16 09:32:25,663.85,1595827
2021-04-16 09:32:26,663.85,1595827
2021-04-16 09:32:27,663.85,1596163
2021-04-16 09:32:28,663.8,1596661
2021-04-16 09:32:29,664.1,1599023
2021-04-16 09:32:30,664.0,1599237
2021-04-16 09:32:31,664.1,1599447
2021-04-16 09:32:32,664.1,1599573
2021-04-16 09:32:33,664.1,1599776
2021-04-16 09:32:34,664.0,1599782
2021-04-16 09:32:35,664.0,1599816
2021-04-16 09:32:36,664.0,1599816
2021-04-16 09:32:37,664.0,1599823
2021-04-16 09:32:40,664.55,1605584
2021-04-16 09:32:41,664.1,1605969
2021-04-16 09:32:42,664.25,1606084
2021-04-16 09:32:43,664.15,1606544
2021-04-16 09:32:44,664.0,1606645
2021-04-16 09:32:45,664.0,1606770
2021-04-16 09:32:46,664.15,1606939
2021-04-16 09:32:47,664.25,1607189
2021-04-16 09:32:48,664.15,1607440
2021-04-16 09:32:50,664.3,1607890
2021-04-16 09:32:49,664.3,1607890
2021-04-16 09:32:51,664.1,1608239
2021-04-16 09:32:52,664.15,1608792
2021-04-16 09:32:53,664.1,1608932
2021-04-16 09:32:54,664.3,1609258
2021-04-16 09:32:55,664.3,1609258
2021-04-16 09:32:57,664.15,1609643
2021-04-16 09:32:58,664.3,1609778
2021-04-16 09:32:59,664.3,1609778
2021-04-16 09:33:01,664.35,1610282
2021-04-16 09:33:02,664.2,1610338
2021-04-16 09:33:03,664.35,1611303
2021-04-16 09:33:03,664.35,1611303
2021-04-16 09:33:04,664.45,1612454
2021-04-16 09:33:05,664.3,1612455
2021-04-16 09:33:06,664.45,1612570
2021-04-16 09:33:08,664.45,1613278
2021-04-16 09:33:09,664.45,1613278
2021-04-16 09:33:11,664.35,1613383
2021-04-16 09:33:12,664.35,1613528
2021-04-16 09:33:12,664.55,1613628
2021-04-16 09:33:13,664.4,1613803
2021-04-16 09:33:14,664.4,1614629
2021-04-16 09:33:15,664.75,1616322
2021-04-16 09:33:16,664.8,1616937
2021-04-16 09:33:17,664.75,1617102
2021-04-16 09:33:18,664.9,1617177
2021-04-16 09:33:20,665.0,1622813
2021-04-16 09:33:21,665.35,1625770
2021-04-16 09:33:21,665.25,1626020
2021-04-16 09:33:22,665.4,1626493
2021-04-16 09:33:23,665.3,1626631
2021-04-16 09:33:24,665.35,1626790
2021-04-16 09:33:25,664.75,1627101
2021-04-16 09:33:26,665.0,1627230
2021-04-16 09:33:27,664.9,1627942
2021-04-16 09:33:28,664.65,1627963
2021-04-16 09:33:29,665.0,1628264
2021-04-16 09:33:30,664.85,1628684
2021-04-16 09:33:31,664.75,1628981
2021-04-16 09:33:32,664.85,1629085
2021-04-16 09:33:33,665.0,1629385
2021-04-16 09:33:34,664.85,1629387
2021-04-16 09:33:36,665.0,1629890
2021-04-16 09:33:36,665.0,1629940
2021-04-16 09:33:37,665.0,1630052
2021-04-16 09:33:38,664.85,1630100
2021-04-16 09:33:39,664.95,1630708
2021-04-16 09:33:40,664.9,1630799
2021-04-16 09:33:41,664.95,1630835
2021-04-16 09:33:42,664.9,1631285
2021-04-16 09:33:45,664.85,1632597
2021-04-16 09:33:46,665.0,1632929
2021-04-16 09:33:47,665.0,1633048
2021-04-16 09:33:48,664.95,1634490
2021-04-16 09:33:49,665.2,1638452
2021-04-16 09:33:50,665.2,1638988
2021-04-16 09:33:52,665.0,1639249
2021-04-16 09:33:52,665.2,1639449
2021-04-16 09:33:53,665.0,1640149
2021-04-16 09:33:54,665.2,1640204
2021-04-16 09:33:55,665.3,1641496
2021-04-16 09:33:57,665.0,1641856
2021-04-16 09:33:57,665.1,1641704
2021-04-16 09:33:58,664.9,1643024
2021-04-16 09:33:59,665.0,1643211
2021-04-16 09:34:00,664.95,1643634
2021-04-16 09:34:01,665.05,1644174
2021-04-16 09:34:02,664.9,1644336
2021-04-16 09:34:04,664.9,1644467
2021-04-16 09:34:04,664.9,1644467
2021-04-16 09:34:05,664.85,1645037
2021-04-16 09:34:06,665.05,1645202
2021-04-16 09:34:07,665.05,1645202
2021-04-16 09:34:08,664.85,1652925
2021-04-16 09:34:09,664.7,1654376
2021-04-16 09:34:10,664.65,1655225
2021-04-16 09:34:11,664.55,1658820
2021-04-16 09:34:12,664.5,1659425
2021-04-16 09:34:13,664.7,1659975
2021-04-16 09:34:15,664.7,1660513
2021-04-16 09:34:16,664.7,1660874
2021-04-16 09:34:16,664.7,1660874
2021-04-16 09:34:17,664.7,1660879
2021-04-16 09:34:18,664.7,1661274
2021-04-16 09:34:19,664.6,1661388
2021-04-16 09:34:20,664.8,1662132
2021-04-16 09:34:21,664.85,1662345
2021-04-16 09:34:22,664.85,1662531
2021-04-16 09:34:23,664.8,1662591
2021-04-16 09:34:24,664.8,1662591
2021-04-16 09:34:25,664.75,1663580
2021-04-16 09:34:27,664.8,1664001
2021-04-16 09:34:27,664.75,1663849
2021-04-16 09:34:29,664.75,1665510
2021-04-16 09:34:30,664.8,1665962
2021-04-16 09:34:32,664.9,1670012
2021-04-16 09:34:32,664.8,1670312
2021-04-16 09:34:34,664.1,1673032
2021-04-16 09:34:35,664.1,1673053
2021-04-16 09:34:35,664.2,1673183
2021-04-16 09:34:36,664.25,1673404
2021-04-16 09:34:37,664.1,1674735
2021-04-16 09:34:38,664.25,1674961
2021-04-16 09:34:39,664.45,1675115
2021-04-16 09:34:40,664.45,1675115
2021-04-16 09:34:41,664.5,1675145
2021-04-16 09:34:42,664.45,1675171
2021-04-16 09:34:43,664.5,1675204
2021-04-16 09:34:45,664.55,1675327
2021-04-16 09:34:46,664.45,1676154
2021-04-16 09:34:47,664.55,1676833
2021-04-16 09:34:48,664.55,1677139
2021-04-16 09:34:49,664.45,1677247
2021-04-16 09:34:50,664.55,1677820
2021-04-16 09:34:52,664.5,1678105
2021-04-16 09:34:52,664.45,1678205
2021-04-16 09:34:53,664.55,1678391
2021-04-16 09:34:54,664.5,1679804
2021-04-16 09:34:55,664.55,1680098
2021-04-16 09:34:56,664.5,1680471
2021-04-16 09:34:57,664.45,1680675
2021-04-16 09:34:58,664.5,1680915
2021-04-16 09:34:59,664.5,1681300
2021-04-16 09:35:01,664.45,1682180
2021-04-16 09:35:01,664.45,1682180
2021-04-16 09:35:02,664.3,1682241
2021-04-16 09:35:03,664.05,1688042
2021-04-16 09:35:04,664.15,1689207
2021-04-16 09:35:06,664.25,1690314
2021-04-16 09:35:06,664.2,1690350
2021-04-16 09:35:07,664.2,1690502
2021-04-16 09:35:09,664.35,1692817
2021-04-16 09:35:12,664.45,1693233
2021-04-16 09:35:12,664.45,1693233
2021-04-16 09:35:13,664.3,1693533
2021-04-16 09:35:14,664.55,1693659
2021-04-16 09:35:15,664.55,1694327
2021-04-16 09:35:16,664.55,1694348
2021-04-16 09:35:18,664.7,1694399
2021-04-16 09:35:19,664.7,1694399
2021-04-16 09:35:19,664.7,1694399
2021-04-16 09:35:20,664.75,1694472
2021-04-16 09:35:21,664.75,1694496
2021-04-16 09:35:22,664.75,1694496
2021-04-16 09:35:23,664.8,1694711
2021-04-16 09:35:25,664.65,1694886
2021-04-16 09:35:26,664.65,1694886
2021-04-16 09:35:26,664.65,1694886
2021-04-16 09:35:27,664.85,1694907
2021-04-16 09:35:28,664.8,1694931
2021-04-16 09:35:30,664.75,1695400
2021-04-16 09:35:31,665.0,1696519
2021-04-16 09:35:32,665.0,1696630
2021-04-16 09:35:33,665.0,1696760
2021-04-16 09:35:34,665.0,1698486
2021-04-16 09:35:35,665.05,1698746
2021-04-16 09:35:35,665.0,1698486
2021-04-16 09:35:36,665.3,1703030
2021-04-16 09:35:37,665.35,1703075
2021-04-16 09:35:38,665.6,1706036
2021-04-16 09:35:39,665.7,1706227
2021-04-16 09:35:40,665.55,1707642
2021-04-16 09:35:41,665.9,1708914
2021-04-16 09:35:42,665.5,1709283
2021-04-16 09:35:43,665.4,1709715
2021-04-16 09:35:45,665.4,1709839
2021-04-16 09:35:46,665.1,1709969
2021-04-16 09:35:47,665.3,1710501
2021-04-16 09:35:49,665.5,1710861
2021-04-16 09:35:50,665.3,1710994
2021-04-16 09:35:51,665.3,1711153
2021-04-16 09:35:53,665.15,1711864
2021-04-16 09:35:54,665.15,1712065
2021-04-16 09:35:54,665.0,1713356
2021-04-16 09:35:55,665.1,1713766
2021-04-16 09:35:56,665.05,1714173
2021-04-16 09:35:57,665.0,1714913
2021-04-16 09:35:58,665.0,1715099
2021-04-16 09:36:00,664.75,1716576
2021-04-16 09:36:01,664.95,1716723
2021-04-16 09:36:01,664.65,1716725
2021-04-16 09:36:02,665.05,1717748
2021-04-16 09:36:03,664.85,1717884
2021-04-16 09:36:05,664.85,1717885
2021-04-16 09:36:06,664.7,1717959
2021-04-16 09:36:07,664.7,1718054
2021-04-16 09:36:08,664.6,1718148
2021-04-16 09:36:09,664.3,1720747
2021-04-16 09:36:10,664.2,1723563
2021-04-16 09:36:11,664.1,1740175
2021-04-16 09:36:12,664.15,1741289
2021-04-16 09:36:12,664.35,1742028
2021-04-16 09:36:13,664.4,1743064
2021-04-16 09:36:14,664.6,1745683
2021-04-16 09:36:15,664.6,1748170
2021-04-16 09:36:17,664.55,1751384
2021-04-16 09:36:19,664.3,1751901
2021-04-16 09:36:20,664.5,1752116
2021-04-16 09:36:20,664.2,1752131
2021-04-16 09:36:21,664.0,1753714
2021-04-16 09:36:22,664.35,1754449
2021-04-16 09:36:25,664.55,1755666
2021-04-16 09:36:27,664.7,1755959
2021-04-16 09:36:28,664.55,1758950
2021-04-16 09:36:29,664.65,1759066
2021-04-16 09:36:30,664.65,1759709
2021-04-16 09:36:31,664.7,1760798
2021-04-16 09:36:32,664.45,1761128
2021-04-16 09:36:33,664.7,1761470
2021-04-16 09:36:34,664.75,1761707
2021-04-16 09:36:34,664.75,1761707
2021-04-16 09:36:35,664.45,1761792
2021-04-16 09:36:36,664.5,1763119
2021-04-16 09:36:37,664.8,1764007
2021-04-16 09:36:39,664.9,1765032
2021-04-16 09:36:41,664.9,1765538
2021-04-16 09:36:42,664.55,1765889
2021-04-16 09:36:43,664.75,1766265
2021-04-16 09:36:43,664.75,1766265
2021-04-16 09:36:44,664.4,1766525
2021-04-16 09:36:45,664.65,1766585
2021-04-16 09:36:46,664.45,1766595
2021-04-16 09:36:48,664.4,1766773
2021-04-16 09:36:49,664.4,1766873
2021-04-16 09:36:50,664.15,1767619
2021-04-16 09:36:51,664.1,1768195
2021-04-16 09:36:52,664.3,1769003
2021-04-16 09:36:54,664.35,1770262
2021-04-16 09:36:54,664.6,1770374
2021-04-16 09:36:55,664.6,1771315
2021-04-16 09:36:56,664.5,1771379
2021-04-16 09:36:57,664.8,1772640
2021-04-16 09:36:58,664.85,1773995
2021-04-16 09:36:59,664.9,1774670
2021-04-16 09:37:00,665.0,1776179
2021-04-16 09:37:01,664.9,1777060
2021-04-16 09:37:03,665.0,1779975
2021-04-16 09:37:04,665.0,1781282
2021-04-16 09:37:05,665.3,1782702
2021-04-16 09:37:05,665.3,1782749
2021-04-16 09:37:06,665.3,1783649
2021-04-16 09:37:07,665.2,1783772
2021-04-16 09:37:08,665.0,1784372
2021-04-16 09:37:09,665.2,1784488
2021-04-16 09:37:10,665.25,1785251
2021-04-16 09:37:12,665.1,1785352
2021-04-16 09:37:13,665.1,1785352
2021-04-16 09:37:14,665.35,1785509
2021-04-16 09:37:15,665.4,1785845
2021-04-16 09:37:16,665.45,1786192
2021-04-16 09:37:16,665.35,1786193
2021-04-16 09:37:17,665.45,1786285
2021-04-16 09:37:18,665.45,1786591
2021-04-16 09:37:20,665.45,1787122
2021-04-16 09:37:21,665.55,1792313
2021-04-16 09:37:21,665.75,1792484
2021-04-16 09:37:22,665.9,1794795
2021-04-16 09:37:24,665.9,1795224
2021-04-16 09:37:25,665.9,1796898
2021-04-16 09:37:26,666.15,1809761
2021-04-16 09:37:26,666.4,1809550
2021-04-16 09:37:27,666.25,1811660
2021-04-16 09:37:28,665.9,1813991
2021-04-16 09:37:30,665.9,1814913
2021-04-16 09:37:31,666.1,1815135
2021-04-16 09:37:32,665.25,1815941
2021-04-16 09:37:33,665.25,1816652
2021-04-16 09:37:33,665.5,1816650
2021-04-16 09:37:34,665.6,1818837
2021-04-16 09:37:35,665.9,1820072
2021-04-16 09:37:36,666.0,1820853
2021-04-16 09:37:38,665.9,1822022
2021-04-16 09:37:39,666.0,1823095
2021-04-16 09:37:40,665.95,1823863
2021-04-16 09:37:41,665.7,1824295
2021-04-16 09:37:42,665.8,1824354
2021-04-16 09:37:43,665.8,1825511
2021-04-16 09:37:45,665.85,1825821
2021-04-16 09:37:46,665.65,1825829
2021-04-16 09:37:47,665.85,1825978
2021-04-16 09:37:48,665.7,1826068
2021-04-16 09:37:49,666.0,1828627
2021-04-16 09:37:49,665.95,1826488
2021-04-16 09:37:50,665.9,1830495
2021-04-16 09:37:51,665.8,1830595
2021-04-16 09:37:52,665.75,1830782
2021-04-16 09:37:53,665.75,1830986
2021-04-16 09:37:54,665.9,1831215
2021-04-16 09:37:55,665.9,1831215
2021-04-16 09:37:57,665.75,1831565
2021-04-16 09:37:57,665.95,1833207
2021-04-16 09:37:58,666.0,1834894
2021-04-16 09:37:59,666.05,1834942
2021-04-16 09:38:01,666.1,1835732
2021-04-16 09:38:02,666.15,1836203
2021-04-16 09:38:03,666.15,1836253
2021-04-16 09:38:04,666.1,1838968
2021-04-16 09:38:05,666.1,1839284
2021-04-16 09:38:06,666.15,1842735
2021-04-16 09:38:07,665.8,1844227
2021-04-16 09:38:07,666.1,1844277
2021-04-16 09:38:08,666.05,1845412
2021-04-16 09:38:09,666.05,1846249
2021-04-16 09:38:10,665.7,1846493
2021-04-16 09:38:12,666.0,1847012
2021-04-16 09:38:13,665.85,1847375
2021-04-16 09:38:14,665.85,1852303
2021-04-16 09:38:15,665.85,1854643
2021-04-16 09:38:16,666.0,1858631
2021-04-16 09:38:17,666.05,1859151
2021-04-16 09:38:18,666.05,1859941
2021-04-16 09:38:19,666.1,1860590
2021-04-16 09:38:19,666.0,1860870
2021-04-16 09:38:20,665.85,1861007
2021-04-16 09:38:21,665.95,1861157
2021-04-16 09:38:22,665.8,1861210
2021-04-16 09:38:25,666.05,1861970
2021-04-16 09:38:27,665.85,1863194
2021-04-16 09:38:28,665.75,1863420
2021-04-16 09:38:29,666.0,1863626
2021-04-16 09:38:29,666.0,1863651
2021-04-16 09:38:30,665.95,1864056
2021-04-16 09:38:31,665.95,1864226
2021-04-16 09:38:32,665.9,1865081
2021-04-16 09:38:33,666.0,1865356
2021-04-16 09:38:34,665.85,1865663
2021-04-16 09:38:36,665.9,1865814
2021-04-16 09:38:37,665.95,1867049
2021-04-16 09:38:38,666.05,1867422
2021-04-16 09:38:39,666.0,1867609
2021-04-16 09:38:40,666.05,1868110
2021-04-16 09:38:41,666.1,1870771
2021-04-16 09:38:42,666.15,1871415
2021-04-16 09:38:42,666.15,1871415
2021-04-16 09:38:43,666.15,1873409
2021-04-16 09:38:44,666.1,1873532
2021-04-16 09:38:46,666.05,1873718
2021-04-16 09:38:47,666.05,1874203
2021-04-16 09:38:48,665.85,1874677
2021-04-16 09:38:49,665.75,1874954
2021-04-16 09:38:50,665.8,1875051
2021-04-16 09:38:51,666.05,1875820
2021-04-16 09:38:52,665.9,1876056
2021-04-16 09:38:52,665.9,1876056
2021-04-16 09:38:53,666.25,1877744
2021-04-16 09:38:55,665.85,1877942
2021-04-16 09:38:56,666.05,1878247
2021-04-16 09:38:57,665.95,1878557
2021-04-16 09:38:58,666.15,1879031
2021-04-16 09:38:58,666.15,1879031
2021-04-16 09:38:59,666.15,1879319
2021-04-16 09:39:00,666.05,1879858
2021-04-16 09:39:01,665.95,1879942
2021-04-16 09:39:03,665.5,1880443
2021-04-16 09:39:04,665.5,1881063
2021-04-16 09:39:05,665.5,1882880
2021-04-16 09:39:05,665.5,1882880
2021-04-16 09:39:06,665.6,1883375
2021-04-16 09:39:07,665.6,1884372
2021-04-16 09:39:08,665.55,1884803
2021-04-16 09:39:09,665.45,1885044
2021-04-16 09:39:10,665.3,1885279
2021-04-16 09:39:11,665.3,1885279
2021-04-16 09:39:13,665.3,1885279
2021-04-16 09:39:14,665.1,1885558
2021-04-16 09:39:15,664.9,1895142
2021-04-16 09:39:15,664.9,1895142
2021-04-16 09:39:16,665.1,1897027
2021-04-16 09:39:18,665.3,1898561
2021-04-16 09:39:19,665.35,1900428
2021-04-16 09:39:20,665.25,1901356
2021-04-16 09:39:20,665.25,1901368
2021-04-16 09:39:21,665.2,1902265
2021-04-16 09:39:22,665.1,1902614
2021-04-16 09:39:23,665.1,1902847
2021-04-16 09:39:25,665.0,1902900
2021-04-16 09:39:26,665.0,1903018
2021-04-16 09:39:27,665.05,1903316
2021-04-16 09:39:28,665.25,1904048
2021-04-16 09:39:29,665.25,1904391
2021-04-16 09:39:30,665.25,1904981
2021-04-16 09:39:31,664.8,1905909
2021-04-16 09:39:32,664.85,1906061
2021-04-16 09:39:33,664.8,1906336
2021-04-16 09:39:34,665.1,1906919
2021-04-16 09:39:36,665.0,1908195
2021-04-16 09:39:37,665.25,1908304
2021-04-16 09:39:38,665.2,1908634
2021-04-16 09:39:39,665.3,1909298
2021-04-16 09:39:40,665.1,1909510
2021-04-16 09:39:41,665.3,1910101
2021-04-16 09:39:42,665.5,1910400
2021-04-16 09:39:43,665.55,1911182
2021-04-16 09:39:44,665.6,1911970
2021-04-16 09:39:45,665.9,1912107
2021-04-16 09:39:46,665.9,1912269
2021-04-16 09:39:47,665.55,1912906
2021-04-16 09:39:48,665.85,1913258
2021-04-16 09:39:48,665.55,1913758
2021-04-16 09:39:49,665.9,1914029
2021-04-16 09:39:50,665.75,1914490
2021-04-16 09:39:51,665.75,1916622
2021-04-16 09:39:53,665.75,1917536
2021-04-16 09:39:54,666.1,1921502
2021-04-16 09:39:55,666.1,1922997
2021-04-16 09:39:56,666.2,1923107
2021-04-16 09:39:57,666.15,1925899
2021-04-16 09:39:58,665.8,1926006
2021-04-16 09:39:59,665.95,1926449
2021-04-16 09:40:00,665.9,1927440
2021-04-16 09:40:01,665.5,1928332
2021-04-16 09:40:02,665.5,1928655
2021-04-16 09:40:03,665.55,1928984
2021-04-16 09:40:03,665.55,1928984
2021-04-16 09:40:05,665.5,1929291
2021-04-16 09:40:06,665.55,1929308
2021-04-16 09:40:07,665.5,1930924
2021-04-16 09:40:08,665.45,1931232
2021-04-16 09:40:09,665.3,1932172
2021-04-16 09:40:10,665.3,1933465
2021-04-16 09:40:11,665.55,1933703
2021-04-16 09:40:12,665.5,1933779
2021-04-16 09:40:13,665.4,1934475
2021-04-16 09:40:13,665.4,1934475
2021-04-16 09:40:15,665.15,1935439
2021-04-16 09:40:16,665.3,1935500
2021-04-16 09:40:17,665.45,1935800
2021-04-16 09:40:18,665.45,1935800
2021-04-16 09:40:19,665.1,1936413
2021-04-16 09:40:20,664.85,1938596
2021-04-16 09:40:21,664.9,1939211
2021-04-16 09:40:22,664.9,1939489
2021-04-16 09:40:24,664.6,1941250
2021-04-16 09:40:25,664.7,1942276
2021-04-16 09:40:25,664.45,1942291
2021-04-16 09:40:26,664.5,1943326
2021-04-16 09:40:28,664.45,1943753
2021-04-16 09:40:29,664.35,1943978
2021-04-16 09:40:30,664.5,1945431
2021-04-16 09:40:31,664.9,1945921
2021-04-16 09:40:32,664.85,1945942
2021-04-16 09:40:33,664.8,1947340
2021-04-16 09:40:34,665.0,1948620
2021-04-16 09:40:34,665.35,1948634
2021-04-16 09:40:36,665.35,1949311
2021-04-16 09:40:37,665.4,1949337
2021-04-16 09:40:38,665.5,1949547
2021-04-16 09:40:39,665.4,1950216
2021-04-16 09:40:40,665.4,1950216
2021-04-16 09:40:41,665.7,1950782
2021-04-16 09:40:42,665.5,1951115
2021-04-16 09:40:43,665.6,1951212
2021-04-16 09:40:44,665.65,1951262
2021-04-16 09:40:45,665.9,1951647
2021-04-16 09:40:45,665.9,1951645
2021-04-16 09:40:47,665.9,1951682
2021-04-16 09:40:48,666.35,1958040
2021-04-16 09:40:49,666.35,1958230
2021-04-16 09:40:50,666.15,1958647
2021-04-16 09:40:51,666.35,1958864
2021-04-16 09:40:51,666.35,1959064
2021-04-16 09:40:53,666.25,1959206
2021-04-16 09:40:54,666.4,1959982
2021-04-16 09:40:55,666.3,1960454
2021-04-16 09:40:56,666.25,1961725
2021-04-16 09:40:59,666.15,1962104
2021-04-16 09:41:00,666.15,1962525
2021-04-16 09:41:01,666.4,1963101
2021-04-16 09:41:01,666.35,1964287
2021-04-16 09:41:04,666.25,1964552
2021-04-16 09:41:05,666.25,1964553
2021-04-16 09:41:06,666.25,1964553
2021-04-16 09:41:07,666.25,1964710
2021-04-16 09:41:08,666.0,1964760
2021-04-16 09:41:09,666.15,1964920
2021-04-16 09:41:10,666.3,1965691
2021-04-16 09:41:11,666.3,1965813
2021-04-16 09:41:12,666.3,1965957
2021-04-16 09:41:12,666.55,1974647
2021-04-16 09:41:14,666.6,1975289
2021-04-16 09:41:15,666.65,1975965
2021-04-16 09:41:16,666.35,1976185
2021-04-16 09:41:17,666.4,1976580
2021-04-16 09:41:18,666.25,1977001
2021-04-16 09:41:19,666.4,1977020
2021-04-16 09:41:20,666.15,1977056
2021-04-16 09:41:21,666.3,1977108
2021-04-16 09:41:23,666.1,1977468
2021-04-16 09:41:24,666.15,1979869
2021-04-16 09:41:24,666.15,1979866
2021-04-16 09:41:25,666.0,1979967
2021-04-16 09:41:26,666.05,1980153
2021-04-16 09:41:28,665.9,1980288
2021-04-16 09:41:29,665.85,1980504
2021-04-16 09:41:30,665.7,1980579
2021-04-16 09:41:31,665.6,1981055
2021-04-16 09:41:32,665.5,1982305
2021-04-16 09:41:33,666.05,1983223
2021-04-16 09:41:34,665.8,1983500
2021-04-16 09:41:35,665.95,1983651
2021-04-16 09:41:37,665.95,1983742
2021-04-16 09:41:36,665.75,1983737
2021-04-16 09:41:38,665.75,1983861
2021-04-16 09:41:39,665.85,1983933
2021-04-16 09:41:40,665.9,1984226
2021-04-16 09:41:41,665.9,1984238
2021-04-16 09:41:42,665.9,1984349
2021-04-16 09:41:43,665.75,1984528
2021-04-16 09:41:44,665.85,1984877
2021-04-16 09:41:45,665.7,1985026
2021-04-16 09:41:47,665.4,1985244
2021-04-16 09:41:46,665.7,1985155
2021-04-16 09:41:48,665.35,1985466
2021-04-16 09:41:49,665.45,1985630
2021-04-16 09:41:50,665.65,1985805
2021-04-16 09:41:51,665.65,1986138
2021-04-16 09:41:52,665.8,1986933
2021-04-16 09:41:53,665.85,1987809
2021-04-16 09:41:54,666.0,1989591
2021-04-16 09:41:55,666.0,1989695
2021-04-16 09:41:56,666.0,1989961
2021-04-16 09:41:57,666.05,1990520
2021-04-16 09:41:58,666.05,1990520
2021-04-16 09:41:59,666.2,1991144
2021-04-16 09:42:00,666.2,1991269
2021-04-16 09:42:01,666.2,1991269
2021-04-16 09:42:02,666.15,1992286
2021-04-16 09:42:03,666.0,1993386
2021-04-16 09:42:04,665.85,1994452
2021-04-16 09:42:05,665.8,1994538
2021-04-16 09:42:06,666.05,1995188
2021-04-16 09:42:07,666.05,1995188
2021-04-16 09:42:08,666.3,1995627
2021-04-16 09:42:09,666.0,1995701
2021-04-16 09:42:10,666.25,1995800
2021-04-16 09:42:11,666.05,1996001
2021-04-16 09:42:12,666.05,1996001
2021-04-16 09:42:13,666.25,1996137
2021-04-16 09:42:14,666.1,1997138
2021-04-16 09:42:15,666.3,1997703
2021-04-16 09:42:16,666.0,1997812
2021-04-16 09:42:17,666.0,1998065
2021-04-16 09:42:18,666.0,1998065
2021-04-16 09:42:19,666.0,1998065
2021-04-16 09:42:20,666.2,1998300
2021-04-16 09:42:21,666.0,1998304
2021-04-16 09:42:22,665.8,1998915
2021-04-16 09:42:23,665.8,1999294
2021-04-16 09:42:24,666.0,1999394
2021-04-16 09:42:25,666.0,1999499
2021-04-16 09:42:26,665.8,1999666
2021-04-16 09:42:27,665.85,1999674
2021-04-16 09:42:28,665.85,1999674
2021-04-16 09:42:29,665.8,1999707
2021-04-16 09:42:31,665.95,2000331
2021-04-16 09:42:32,666.0,2000359
2021-04-16 09:42:33,666.0,2000451
2021-04-16 09:42:34,665.65,2001070
2021-04-16 09:42:35,665.85,2001188
2021-04-16 09:42:36,665.7,2001294
2021-04-16 09:42:37,665.75,2001795
2021-04-16 09:42:38,665.75,2001795
2021-04-16 09:42:39,665.65,2002098
2021-04-16 09:42:40,665.8,2002148
2021-04-16 09:42:41,665.6,2002160
2021-04-16 09:42:42,665.9,2002170
2021-04-16 09:42:43,665.65,2002171
2021-04-16 09:42:44,665.65,2002171
2021-04-16 09:42:45,665.75,2002327
2021-04-16 09:42:46,665.75,2002327
2021-04-16 09:42:47,665.75,2002327
2021-04-16 09:42:48,665.75,2002327
2021-04-16 09:42:49,666.0,2002378
2021-04-16 09:42:50,666.0,2002378
2021-04-16 09:42:51,665.7,2003453
2021-04-16 09:42:52,665.7,2003653
2021-04-16 09:42:53,665.8,2003853
2021-04-16 09:42:54,665.65,2004066
2021-04-16 09:42:55,665.6,2004241
2021-04-16 09:42:56,665.75,2004251
2021-04-16 09:42:58,665.55,2004261
2021-04-16 09:42:57,665.55,2004261
2021-04-16 09:42:59,665.55,2004261
2021-04-16 09:43:00,665.65,2007088
2021-04-16 09:43:01,665.5,2009156
2021-04-16 09:43:02,665.6,2009978
2021-04-16 09:43:03,665.5,2010114
2021-04-16 09:43:04,665.4,2010121
2021-04-16 09:43:05,665.4,2010141
2021-04-16 09:43:07,665.55,2010597
2021-04-16 09:43:06,665.55,2010597
2021-04-16 09:43:08,665.55,2011039
2021-04-16 09:43:09,665.55,2011252
2021-04-16 09:43:10,665.25,2011403
2021-04-16 09:43:11,665.3,2011834
2021-04-16 09:43:12,665.4,2012448
2021-04-16 09:43:13,665.3,2012604
2021-04-16 09:43:15,665.1,2012609
2021-04-16 09:43:14,665.1,2012609
2021-04-16 09:43:17,665.0,2013899
2021-04-16 09:43:18,665.0,2015122
2021-04-16 09:43:19,665.0,2015449
2021-04-16 09:43:20,665.15,2015610
2021-04-16 09:43:21,665.0,2015622
2021-04-16 09:43:22,665.0,2015622
2021-04-16 09:43:24,665.0,2017122
2021-04-16 09:43:23,665.0,2017122
2021-04-16 09:43:25,665.05,2017361
2021-04-16 09:43:26,665.05,2017361
2021-04-16 09:43:27,665.1,2017411
2021-04-16 09:43:28,665.0,2017736
2021-04-16 09:43:29,665.0,2018155
2021-04-16 09:43:30,665.1,2018184
2021-04-16 09:43:31,665.1,2018184
2021-04-16 09:43:32,665.1,2018184
2021-04-16 09:43:33,665.05,2018383
2021-04-16 09:43:34,665.1,2018774
2021-04-16 09:43:35,665.1,2018828
2021-04-16 09:43:37,665.1,2019099
2021-04-16 09:43:36,665.0,2019096
2021-04-16 09:43:38,665.1,2019099
2021-04-16 09:43:39,665.25,2019510
2021-04-16 09:43:40,665.05,2019610
2021-04-16 09:43:42,665.25,2019658
2021-04-16 09:43:43,665.2,2019673
2021-04-16 09:43:44,665.0,2020532
2021-04-16 09:43:45,665.0,2020853
2021-04-16 09:43:47,664.95,2022404
2021-04-16 09:43:47,665.1,2022403
2021-04-16 09:43:48,664.95,2023029
2021-04-16 09:43:49,665.0,2023477
2021-04-16 09:43:50,665.1,2023544
2021-04-16 09:43:52,664.95,2023744
2021-04-16 09:43:52,664.95,2023744
2021-04-16 09:43:53,665.15,2024445
2021-04-16 09:43:54,665.0,2024661
2021-04-16 09:43:55,664.55,2026580
2021-04-16 09:43:56,664.55,2026799
2021-04-16 09:43:57,664.5,2027298
2021-04-16 09:43:58,664.7,2027620
2021-04-16 09:44:00,664.8,2027825
2021-04-16 09:44:01,664.9,2028584
2021-04-16 09:44:02,664.9,2028635
2021-04-16 09:44:03,664.7,2029035
2021-04-16 09:44:04,664.7,2029135
2021-04-16 09:44:06,664.8,2029420
2021-04-16 09:44:07,664.8,2029475
2021-04-16 09:44:08,664.8,2029475
2021-04-16 09:44:08,664.95,2029476
2021-04-16 09:44:09,664.5,2029936
2021-04-16 09:44:10,664.6,2029943
2021-04-16 09:44:11,664.9,2030209
2021-04-16 09:44:12,664.7,2030319
2021-04-16 09:44:14,665.0,2030424
2021-04-16 09:44:14,664.7,2030443
2021-04-16 09:44:16,664.5,2030516
2021-04-16 09:44:17,664.5,2030716
2021-04-16 09:44:18,664.75,2030883
2021-04-16 09:44:20,664.5,2032649
2021-04-16 09:44:20,664.5,2032649
2021-04-16 09:44:21,664.45,2032655
2021-04-16 09:44:22,664.4,2035761
2021-04-16 09:44:23,664.5,2037084
2021-04-16 09:44:24,664.45,2038066
2021-04-16 09:44:25,664.2,2038352
2021-04-16 09:44:26,664.2,2038790
2021-04-16 09:44:28,664.15,2039011
2021-04-16 09:44:30,664.35,2039112
2021-04-16 09:44:30,664.35,2039050
2021-04-16 09:44:31,664.35,2039156
2021-04-16 09:44:32,664.25,2039283
2021-04-16 09:44:33,664.05,2040864
2021-04-16 09:44:34,664.35,2044340
2021-04-16 09:44:35,664.3,2045248
2021-04-16 09:44:37,664.3,2045615
2021-04-16 09:44:37,664.3,2045630
2021-04-16 09:44:38,664.3,2045830
2021-04-16 09:44:39,664.3,2047902
2021-04-16 09:44:40,664.1,2048657
2021-04-16 09:44:41,664.5,2050135
2021-04-16 09:44:42,664.5,2050495
2021-04-16 09:44:44,664.3,2050828
2021-04-16 09:44:44,664.3,2050828
2021-04-16 09:44:45,664.3,2051135
2021-04-16 09:44:46,664.55,2051764
2021-04-16 09:44:47,664.55,2051902
2021-04-16 09:44:49,664.5,2052300
2021-04-16 09:44:49,664.5,2052300
2021-04-16 09:44:50,664.7,2052302
2021-04-16 09:44:51,664.7,2052594
2021-04-16 09:44:52,664.7,2052669
2021-04-16 09:44:53,664.6,2052702
2021-04-16 09:44:55,664.55,2053130
2021-04-16 09:44:56,664.55,2053130
2021-04-16 09:44:56,664.7,2053193
2021-04-16 09:44:57,664.7,2053210
2021-04-16 09:44:58,664.55,2053231
2021-04-16 09:44:59,664.4,2053331
2021-04-16 09:45:01,664.4,2053442
2021-04-16 09:45:01,664.4,2053442
2021-04-16 09:45:02,664.35,2054145
2021-04-16 09:45:03,664.35,2054181
2021-04-16 09:45:04,664.4,2054342
2021-04-16 09:45:05,664.35,2055095
2021-04-16 09:45:06,664.7,2055664
2021-04-16 09:45:08,664.75,2056114
2021-04-16 09:45:08,664.75,2056157
2021-04-16 09:45:09,664.75,2056183
2021-04-16 09:45:10,664.9,2057193
2021-04-16 09:45:11,665.0,2059423
2021-04-16 09:45:13,665.1,2059456
2021-04-16 09:45:13,665.1,2059456
2021-04-16 09:45:14,665.25,2059736
2021-04-16 09:45:15,665.3,2059875
2021-04-16 09:45:16,665.3,2063090
2021-04-16 09:45:17,666.0,2064756
2021-04-16 09:45:18,666.0,2066020
2021-04-16 09:45:19,666.0,2066261
2021-04-16 09:45:23,666.05,2072033
2021-04-16 09:45:23,666.05,2072033
2021-04-16 09:45:24,666.05,2072235
2021-04-16 09:45:25,666.05,2072881
2021-04-16 09:45:26,666.2,2075729
2021-04-16 09:45:27,666.3,2077417
2021-04-16 09:45:28,666.3,2077823
2021-04-16 09:45:30,666.1,2078071
2021-04-16 09:45:30,666.1,2078058
2021-04-16 09:45:31,666.0,2078718
2021-04-16 09:45:32,666.3,2079969
2021-04-16 09:45:33,666.25,2080183
2021-04-16 09:45:34,666.3,2080600
2021-04-16 09:45:35,666.2,2081254
2021-04-16 09:45:37,666.2,2081629
2021-04-16 09:45:37,666.25,2081886
2021-04-16 09:45:38,666.2,2083886
2021-04-16 09:45:39,666.2,2084134
2021-04-16 09:45:40,666.2,2084582
2021-04-16 09:45:41,666.35,2085529
2021-04-16 09:45:42,666.6,2090561
2021-04-16 09:45:43,666.7,2091158
2021-04-16 09:45:45,666.9,2092648
2021-04-16 09:45:45,666.9,2092707
2021-04-16 09:45:46,666.9,2093891
2021-04-16 09:45:47,666.75,2094465
2021-04-16 09:45:48,667.45,2104931
2021-04-16 09:45:49,667.5,2107492
2021-04-16 09:45:51,667.5,2110141
2021-04-16 09:45:52,667.55,2110846
2021-04-16 09:45:54,667.7,2112382
2021-04-16 09:45:54,667.7,2112382
2021-04-16 09:45:55,667.95,2116243
2021-04-16 09:45:56,667.7,2117826
2021-04-16 09:45:57,667.95,2119619
2021-04-16 09:45:58,668.4,2126347
2021-04-16 09:45:59,668.4,2131118
2021-04-16 09:46:00,668.15,2132559
2021-04-16 09:46:02,667.8,2135255
2021-04-16 09:46:03,667.75,2136784
2021-04-16 09:46:03,667.55,2137082
2021-04-16 09:46:04,667.2,2137801
2021-04-16 09:46:05,667.25,2139093
2021-04-16 09:46:06,667.4,2142755
2021-04-16 09:46:07,667.55,2143554
2021-04-16 09:46:09,667.25,2144555
2021-04-16 09:46:10,667.55,2145042
2021-04-16 09:46:11,667.45,2145231
2021-04-16 09:46:11,667.5,2146594
2021-04-16 09:46:12,667.15,2148040
2021-04-16 09:46:13,667.3,2148489
2021-04-16 09:46:15,666.95,2149542
2021-04-16 09:46:16,666.95,2149791
2021-04-16 09:46:17,666.95,2149896
2021-04-16 09:46:18,667.0,2150001
2021-04-16 09:46:19,666.85,2150070
2021-04-16 09:46:20,666.95,2150210
2021-04-16 09:46:21,667.0,2151332
2021-04-16 09:46:22,667.4,2152240
2021-04-16 09:46:23,667.6,2153340
2021-04-16 09:46:24,667.6,2153443
2021-04-16 09:46:26,667.45,2153603
2021-04-16 09:46:27,667.45,2153687
2021-04-16 09:46:28,667.5,2158834
2021-04-16 09:46:29,667.55,2159199
2021-04-16 09:46:29,667.65,2159249
2021-04-16 09:46:30,667.55,2161711
2021-04-16 09:46:31,667.65,2162947
2021-04-16 09:46:33,667.5,2163525
2021-04-16 09:46:34,667.2,2166208
2021-04-16 09:46:34,667.2,2166208
2021-04-16 09:46:35,667.25,2166847
2021-04-16 09:46:36,667.25,2167857
2021-04-16 09:46:38,667.15,2168988
2021-04-16 09:46:39,667.25,2169186
2021-04-16 09:46:40,667.85,2177896
2021-04-16 09:46:40,667.85,2177896
2021-04-16 09:46:42,668.35,2184225
2021-04-16 09:46:43,668.3,2188004
2021-04-16 09:46:45,668.15,2188958
2021-04-16 09:46:46,667.95,2192633
2021-04-16 09:46:46,668.25,2192635
2021-04-16 09:46:47,668.1,2193379
2021-04-16 09:46:48,668.05,2195704
2021-04-16 09:46:49,668.9,2206903
2021-04-16 09:46:50,668.95,2209074
2021-04-16 09:46:52,668.5,2210942
2021-04-16 09:46:53,668.6,2213097
2021-04-16 09:46:54,668.4,2213701
2021-04-16 09:46:54,668.4,2213701
2021-04-16 09:46:55,668.25,2214160
2021-04-16 09:46:57,668.1,2215793
2021-04-16 09:46:58,667.85,2216164
2021-04-16 09:46:58,668.15,2216108
2021-04-16 09:46:59,667.75,2217890
2021-04-16 09:47:00,667.7,2218404
2021-04-16 09:47:01,667.65,2221026
2021-04-16 09:47:02,667.85,2222227
2021-04-16 09:47:03,668.15,2228360
2021-04-16 09:47:04,668.15,2230333
2021-04-16 09:47:06,668.15,2231020
2021-04-16 09:47:07,668.05,2231685
2021-04-16 09:47:08,668.1,2231797
2021-04-16 09:47:08,668.1,2231847
2021-04-16 09:47:09,668.15,2232063
2021-04-16 09:47:10,668.15,2233277
2021-04-16 09:47:11,667.95,2233328
2021-04-16 09:47:12,667.95,2233910
2021-04-16 09:47:13,667.95,2234042
2021-04-16 09:47:14,668.0,2235929
2021-04-16 09:47:15,667.95,2236156
2021-04-16 09:47:17,667.8,2236819
2021-04-16 09:47:18,667.75,2238319
2021-04-16 09:47:19,667.7,2238905
2021-04-16 09:47:20,667.7,2239531
2021-04-16 09:47:21,667.95,2240333
2021-04-16 09:47:21,667.7,2240331
2021-04-16 09:47:22,667.75,2240590
2021-04-16 09:47:23,667.95,2241586
2021-04-16 09:47:25,667.75,2242386
2021-04-16 09:47:26,668.0,2243421
2021-04-16 09:47:26,668.0,2243421
2021-04-16 09:47:27,667.7,2244630
2021-04-16 09:47:29,668.0,2246031
2021-04-16 09:47:30,667.8,2246323
2021-04-16 09:47:32,667.8,2246325
2021-04-16 09:47:34,668.0,2246891
2021-04-16 09:47:35,667.8,2247342
2021-04-16 09:47:35,667.8,2247352
2021-04-16 09:47:36,667.8,2247712
2021-04-16 09:47:37,668.0,2247778
2021-04-16 09:47:38,668.0,2248323
2021-04-16 09:47:40,667.8,2248853
2021-04-16 09:47:41,667.8,2249163
2021-04-16 09:47:43,667.95,2251045
2021-04-16 09:47:44,667.7,2251214
2021-04-16 09:47:45,667.7,2251639
2021-04-16 09:47:45,667.7,2251664
2021-04-16 09:47:46,667.65,2251707
2021-04-16 09:47:47,667.65,2252022
2021-04-16 09:47:48,667.75,2252421
2021-04-16 09:47:49,668.0,2252826
2021-04-16 09:47:50,668.0,2253052
2021-04-16 09:47:52,667.8,2254303
2021-04-16 09:47:53,667.7,2254455
2021-04-16 09:47:54,667.5,2256731
2021-04-16 09:47:54,667.5,2256731
2021-04-16 09:47:55,667.5,2257230
2021-04-16 09:47:56,667.6,2258042
2021-04-16 09:47:57,667.55,2258310
2021-04-16 09:47:58,667.3,2258357
2021-04-16 09:48:00,667.2,2259773
2021-04-16 09:48:01,667.45,2259923
2021-04-16 09:48:02,667.45,2260072
2021-04-16 09:48:02,667.25,2260087
2021-04-16 09:48:03,667.3,2260321
2021-04-16 09:48:04,667.25,2260962
2021-04-16 09:48:05,667.45,2261162
2021-04-16 09:48:07,667.5,2261430
2021-04-16 09:48:08,667.25,2261574
2021-04-16 09:48:09,667.0,2263056
2021-04-16 09:48:10,666.65,2265032
2021-04-16 09:48:11,666.65,2265681
2021-04-16 09:48:12,666.65,2266327
2021-04-16 09:48:13,666.6,2266530
2021-04-16 09:48:15,666.5,2267250
2021-04-16 09:48:16,666.55,2267273
2021-04-16 09:48:17,666.5,2267472
2021-04-16 09:48:18,666.5,2267477
2021-04-16 09:48:19,667.05,2267590
2021-04-16 09:48:19,667.05,2267590
2021-04-16 09:48:20,667.4,2270137
2021-04-16 09:48:21,667.5,2270169
2021-04-16 09:48:22,667.55,2270354
2021-04-16 09:48:24,667.8,2270383
2021-04-16 09:48:25,667.8,2270597
2021-04-16 09:48:26,667.75,2270723
2021-04-16 09:48:27,667.5,2270898
2021-04-16 09:48:28,667.4,2271013
2021-04-16 09:48:29,667.1,2272254
2021-04-16 09:48:29,667.1,2272254
2021-04-16 09:48:30,667.5,2273556
2021-04-16 09:48:31,667.5,2273556
2021-04-16 09:48:32,667.45,2273666
2021-04-16 09:48:33,667.35,2274554
2021-04-16 09:48:34,667.5,2275144
2021-04-16 09:48:35,667.65,2275632
2021-04-16 09:48:36,667.3,2275848
2021-04-16 09:48:38,667.55,2275955
2021-04-16 09:48:39,667.2,2277333
2021-04-16 09:48:40,667.2,2277333
2021-04-16 09:48:40,667.2,2277546
2021-04-16 09:48:41,667.45,2277971
2021-04-16 09:48:42,667.3,2278257
2021-04-16 09:48:43,667.35,2279077
2021-04-16 09:48:45,667.35,2279393
2021-04-16 09:48:46,667.35,2279430
2021-04-16 09:48:47,667.3,2279536
2021-04-16 09:48:48,667.3,2279536
2021-04-16 09:48:49,667.3,2279665
2021-04-16 09:48:49,667.3,2279665
2021-04-16 09:48:50,667.35,2279674
2021-04-16 09:48:51,667.35,2279681
2021-04-16 09:48:52,667.5,2279781
2021-04-16 09:48:54,667.7,2280138
2021-04-16 09:48:55,667.8,2281126
2021-04-16 09:48:56,667.85,2281593
2021-04-16 09:48:57,667.9,2281643
2021-04-16 09:48:58,667.75,2281644
2021-04-16 09:48:59,667.55,2281795
2021-04-16 09:49:00,667.55,2282320
2021-04-16 09:49:00,667.55,2282331
2021-04-16 09:49:01,667.7,2282431
2021-04-16 09:49:02,667.7,2283197
2021-04-16 09:49:03,667.9,2283268
2021-04-16 09:49:04,668.0,2283577
2021-04-16 09:49:06,667.7,2284150
2021-04-16 09:49:07,668.0,2284631
2021-04-16 09:49:08,668.0,2291523
2021-04-16 09:49:09,668.05,2291524
2021-04-16 09:49:10,668.1,2291828
2021-04-16 09:49:10,668.1,2291763
2021-04-16 09:49:11,667.9,2291994
2021-04-16 09:49:13,668.0,2293038
2021-04-16 09:49:15,668.0,2293112
2021-04-16 09:49:15,668.0,2293313
2021-04-16 09:49:16,668.1,2294093
2021-04-16 09:49:17,667.85,2294239
2021-04-16 09:49:18,667.85,2294239
2021-04-16 09:49:19,668.2,2295542
2021-04-16 09:49:21,668.1,2295615
2021-04-16 09:49:22,668.15,2296650
2021-04-16 09:49:23,668.05,2297077
2021-04-16 09:49:24,667.9,2297373
2021-04-16 09:49:25,668.05,2298085
2021-04-16 09:49:25,668.05,2298085
2021-04-16 09:49:26,667.85,2298275
2021-04-16 09:49:27,667.95,2298325
2021-04-16 09:49:28,667.8,2299000
2021-04-16 09:49:30,667.75,2304923
2021-04-16 09:49:31,668.1,2306565
2021-04-16 09:49:32,667.75,2306750
2021-04-16 09:49:33,668.0,2307267
2021-04-16 09:49:34,667.75,2307448
2021-04-16 09:49:35,667.85,2307678
2021-04-16 09:49:35,667.85,2307678
2021-04-16 09:49:36,667.65,2307680
2021-04-16 09:49:37,668.0,2307785
2021-04-16 09:49:39,668.0,2307785
2021-04-16 09:49:40,668.05,2308345
2021-04-16 09:49:41,667.65,2308445
2021-04-16 09:49:41,667.65,2308445
2021-04-16 09:49:42,667.65,2308642
2021-04-16 09:49:43,667.85,2308843
2021-04-16 09:49:44,667.35,2309590
2021-04-16 09:49:46,667.55,2310590
2021-04-16 09:49:47,667.5,2310635
2021-04-16 09:49:48,667.35,2310732
2021-04-16 09:49:49,667.3,2312153
2021-04-16 09:49:50,667.5,2313517
2021-04-16 09:49:50,667.45,2313532
2021-04-16 09:49:51,667.5,2314077
2021-04-16 09:49:52,667.3,2314143
2021-04-16 09:49:53,667.55,2314249
2021-04-16 09:49:55,667.6,2314567
2021-04-16 09:49:56,667.35,2315141
2021-04-16 09:49:57,667.3,2315466
2021-04-16 09:49:58,667.4,2315642
2021-04-16 09:49:59,667.4,2315812
2021-04-16 09:49:59,667.4,2315812
2021-04-16 09:50:00,667.45,2316006
2021-04-16 09:50:01,667.6,2318126
2021-04-16 09:50:03,667.65,2318530
2021-04-16 09:50:03,667.4,2319134
2021-04-16 09:50:04,667.6,2319177
2021-04-16 09:50:06,667.4,2319336
2021-04-16 09:50:07,667.4,2319336
2021-04-16 09:50:08,667.6,2319637
2021-04-16 09:50:09,667.4,2319693
2021-04-16 09:50:10,667.6,2319838
2021-04-16 09:50:11,667.5,2320180
2021-04-16 09:50:11,667.65,2320231
2021-04-16 09:50:12,667.65,2320399
2021-04-16 09:50:13,667.4,2323399
2021-04-16 09:50:14,667.4,2324649
2021-04-16 09:50:16,667.5,2324809
2021-04-16 09:50:17,667.55,2324930
2021-04-16 09:50:18,667.55,2325109
2021-04-16 09:50:19,667.4,2325209
2021-04-16 09:50:20,667.15,2325235
2021-04-16 09:50:20,667.4,2325247
2021-04-16 09:50:21,667.15,2325266
2021-04-16 09:50:23,667.4,2325506
2021-04-16 09:50:24,667.4,2325797
2021-04-16 09:50:25,667.3,2326028
2021-04-16 09:50:26,667.05,2326242
2021-04-16 09:50:27,667.4,2326250
2021-04-16 09:50:28,667.3,2327538
2021-04-16 09:50:29,667.35,2327609
2021-04-16 09:50:30,667.55,2327697
2021-04-16 09:50:30,667.55,2327697
2021-04-16 09:50:31,667.35,2327904
2021-04-16 09:50:33,667.35,2328220
2021-04-16 09:50:34,667.45,2328241
2021-04-16 09:50:35,667.3,2328380
2021-04-16 09:50:36,667.2,2328430
2021-04-16 09:50:37,667.25,2328899
2021-04-16 09:50:37,667.25,2328909
2021-04-16 09:50:38,667.25,2329194
2021-04-16 09:50:39,667.3,2329294
2021-04-16 09:50:41,667.1,2329427
2021-04-16 09:50:41,667.05,2329502
2021-04-16 09:50:42,667.0,2331007
2021-04-16 09:50:43,667.3,2331164
2021-04-16 09:50:44,667.05,2331248
2021-04-16 09:50:45,667.3,2331908
2021-04-16 09:50:47,667.3,2331908
2021-04-16 09:50:48,667.15,2331934
2021-04-16 09:50:49,667.15,2331945
2021-04-16 09:50:50,667.35,2333107
2021-04-16 09:50:51,667.05,2334072
2021-04-16 09:50:51,667.3,2334177
2021-04-16 09:50:52,667.0,2334479
2021-04-16 09:50:53,667.25,2334747
2021-04-16 09:50:54,667.25,2334747
2021-04-16 09:50:56,667.0,2334865
2021-04-16 09:50:57,667.0,2334865
2021-04-16 09:50:58,667.35,2336200
2021-04-16 09:50:59,667.05,2336457
2021-04-16 09:50:59,667.3,2336545
2021-04-16 09:51:00,667.0,2336995
2021-04-16 09:51:01,666.9,2339246
2021-04-16 09:51:03,667.25,2339756
2021-04-16 09:51:04,666.9,2339927
2021-04-16 09:51:05,667.15,2341252
2021-04-16 09:51:06,667.0,2341601
2021-04-16 09:51:07,667.35,2342331
2021-04-16 09:51:08,667.5,2342996
2021-04-16 09:51:09,667.7,2343326
2021-04-16 09:51:10,667.35,2344916
2021-04-16 09:51:11,667.6,2345199
2021-04-16 09:51:12,667.35,2345249
2021-04-16 09:51:13,667.25,2345343
2021-04-16 09:51:14,667.1,2346054
2021-04-16 09:51:15,667.0,2346271
2021-04-16 09:51:15,667.0,2346271
2021-04-16 09:51:16,667.2,2346494
2021-04-16 09:51:18,667.0,2346697
2021-04-16 09:51:19,667.25,2346917
2021-04-16 09:51:20,667.0,2346939
2021-04-16 09:51:21,666.95,2347859
2021-04-16 09:51:22,667.1,2348025
2021-04-16 09:51:23,667.15,2348026
2021-04-16 09:51:24,667.35,2348082
2021-04-16 09:51:25,667.25,2348097
2021-04-16 09:51:26,667.15,2348248
2021-04-16 09:51:28,667.25,2348279
2021-04-16 09:51:29,667.3,2348281
2021-04-16 09:51:30,667.5,2348316
2021-04-16 09:51:31,667.7,2349316
2021-04-16 09:51:32,667.55,2349493
2021-04-16 09:51:33,667.7,2349758
2021-04-16 09:51:34,667.35,2349913
2021-04-16 09:51:34,667.35,2349913
2021-04-16 09:51:35,667.6,2350268
2021-04-16 09:51:37,667.6,2350293
2021-04-16 09:51:38,667.35,2350450
2021-04-16 09:51:39,667.3,2355653
2021-04-16 09:51:40,667.25,2356397
2021-04-16 09:51:41,667.6,2356779
2021-04-16 09:51:42,667.35,2357209
2021-04-16 09:51:43,667.7,2359016
2021-04-16 09:51:43,667.45,2358966
2021-04-16 09:51:44,667.35,2364741
2021-04-16 09:51:46,667.35,2365544
2021-04-16 09:51:47,667.2,2369223
2021-04-16 09:51:48,667.15,2369523
2021-04-16 09:51:49,667.15,2370453
2021-04-16 09:51:50,667.0,2371810
2021-04-16 09:51:51,666.95,2371830
2021-04-16 09:51:52,667.05,2372173
2021-04-16 09:51:52,667.1,2372562
2021-04-16 09:51:53,667.05,2372690
2021-04-16 09:51:55,667.05,2372713
2021-04-16 09:51:57,667.0,2372863
2021-04-16 09:51:58,666.55,2374291
2021-04-16 09:51:59,666.45,2376304
2021-04-16 09:52:00,666.45,2377165
2021-04-16 09:52:01,666.5,2377903
2021-04-16 09:52:02,666.45,2378126
2021-04-16 09:52:03,666.6,2378515
2021-04-16 09:52:03,666.6,2378530
2021-04-16 09:52:06,667.0,2380470
2021-04-16 09:52:07,667.35,2385491
2021-04-16 09:52:08,667.45,2386049
2021-04-16 09:52:09,667.6,2387033
2021-04-16 09:52:10,667.55,2387109
2021-04-16 09:52:11,667.5,2387445
2021-04-16 09:52:11,667.65,2387477
2021-04-16 09:52:12,667.45,2387485
2021-04-16 09:52:14,667.5,2387552
2021-04-16 09:52:15,667.95,2391872
2021-04-16 09:52:16,668.0,2398631
2021-04-16 09:52:17,668.0,2399295
2021-04-16 09:52:18,668.2,2400996
2021-04-16 09:52:19,668.2,2401541
2021-04-16 09:52:20,668.1,2401785
2021-04-16 09:52:21,668.3,2401843
2021-04-16 09:52:21,668.3,2401843
2021-04-16 09:52:22,668.3,2402155
2021-04-16 09:52:24,668.3,2402298
2021-04-16 09:52:25,668.2,2402347
2021-04-16 09:52:26,668.25,2414608
2021-04-16 09:52:27,668.75,2419786
2021-04-16 09:52:28,668.6,2421794
2021-04-16 09:52:29,668.25,2422447
2021-04-16 09:52:30,668.5,2422963
2021-04-16 09:52:31,668.45,2423096
2021-04-16 09:52:32,668.2,2423288
2021-04-16 09:52:33,668.15,2423446
2021-04-16 09:52:34,668.3,2423516
2021-04-16 09:52:35,668.5,2426142
2021-04-16 09:52:36,668.15,2427265
2021-04-16 09:52:39,668.25,2428456
2021-04-16 09:52:40,668.3,2429035
2021-04-16 09:52:41,668.25,2429114
2021-04-16 09:52:42,667.95,2429234
2021-04-16 09:52:43,667.95,2429234
2021-04-16 09:52:44,668.25,2429756
2021-04-16 09:52:45,668.5,2439784
2021-04-16 09:52:46,668.25,2439968
2021-04-16 09:52:47,668.2,2440861
2021-04-16 09:52:49,668.1,2441159
2021-04-16 09:52:50,668.1,2441531
2021-04-16 09:52:51,668.0,2442438
2021-04-16 09:52:52,668.05,2443719
2021-04-16 09:52:53,668.45,2449413
2021-04-16 09:52:54,668.45,2450743
2021-04-16 09:52:55,668.45,2451289
2021-04-16 09:52:56,668.45,2451344
2021-04-16 09:52:57,668.65,2451444
2021-04-16 09:52:58,668.6,2451771
2021-04-16 09:52:59,668.7,2452016
2021-04-16 09:53:00,668.75,2452524
2021-04-16 09:53:01,668.75,2453226
2021-04-16 09:53:02,668.85,2453912
2021-04-16 09:53:03,668.5,2454312
2021-04-16 09:53:04,668.5,2454704
2021-04-16 09:53:05,668.75,2454805
2021-04-16 09:53:06,668.75,2462209
2021-04-16 09:53:08,669.2,2464167
2021-04-16 09:53:09,669.0,2464586
2021-04-16 09:53:10,669.2,2465005
2021-04-16 09:53:11,669.0,2465412
2021-04-16 09:53:12,669.05,2466057
2021-04-16 09:53:13,669.2,2467404
2021-04-16 09:53:14,669.2,2467404
2021-04-16 09:53:15,669.05,2468253
2021-04-16 09:53:16,668.8,2468688
2021-04-16 09:53:17,669.15,2474588
2021-04-16 09:53:18,669.15,2474588
2021-04-16 09:53:19,669.1,2475084
2021-04-16 09:53:20,669.15,2475377
2021-04-16 09:53:21,669.15,2475544
2021-04-16 09:53:22,669.05,2475719
2021-04-16 09:53:23,669.3,2476009
2021-04-16 09:53:24,669.25,2476492
2021-04-16 09:53:25,669.05,2477320
2021-04-16 09:53:26,669.0,2477630
2021-04-16 09:53:27,669.15,2478305
2021-04-16 09:53:28,669.05,2478896
2021-04-16 09:53:29,669.1,2478921
2021-04-16 09:53:30,669.35,2480341
2021-04-16 09:53:31,669.25,2480662
2021-04-16 09:53:32,669.25,2480812
2021-04-16 09:53:33,669.0,2481220
2021-04-16 09:53:34,669.0,2481935
2021-04-16 09:53:35,669.0,2482371
2021-04-16 09:53:36,669.0,2482936
2021-04-16 09:53:37,669.3,2483281
2021-04-16 09:53:38,669.3,2483604
2021-04-16 09:53:39,669.35,2483957
2021-04-16 09:53:42,669.45,2485299
2021-04-16 09:53:43,669.4,2486048
2021-04-16 09:53:44,669.5,2486476
2021-04-16 09:53:45,669.35,2486910
2021-04-16 09:53:46,669.6,2490487
2021-04-16 09:53:47,669.6,2491148
2021-04-16 09:53:48,669.7,2492103
2021-04-16 09:53:49,669.6,2492291
2021-04-16 09:53:50,669.55,2492712
2021-04-16 09:53:51,669.65,2493333
2021-04-16 09:53:52,669.6,2493587
2021-04-16 09:53:53,669.6,2494848
2021-04-16 09:53:54,669.5,2495347
2021-04-16 09:53:55,669.35,2495572
2021-04-16 09:53:56,669.4,2495598
2021-04-16 09:53:57,669.3,2495849
2021-04-16 09:53:58,669.55,2497090
2021-04-16 09:53:59,669.6,2497954
2021-04-16 09:54:00,669.65,2498288
2021-04-16 09:54:01,669.65,2498891
2021-04-16 09:54:02,669.65,2498901
2021-04-16 09:54:03,669.65,2500080
2021-04-16 09:54:04,669.65,2500435
2021-04-16 09:54:05,669.65,2500690
2021-04-16 09:54:06,670.0,2506925
2021-04-16 09:54:07,670.0,2525815
2021-04-16 09:54:08,670.25,2529095
2021-04-16 09:54:09,670.0,2529099
2021-04-16 09:54:10,670.25,2530371
2021-04-16 09:54:11,670.3,2531450
2021-04-16 09:54:12,670.3,2532108
2021-04-16 09:54:13,669.9,2532775
2021-04-16 09:54:14,670.3,2532925
2021-04-16 09:54:15,670.25,2533301
2021-04-16 09:54:16,669.85,2534920
2021-04-16 09:54:17,669.95,2535304
2021-04-16 09:54:18,670.15,2535665
2021-04-16 09:54:19,670.05,2536418
2021-04-16 09:54:20,669.65,2537108
2021-04-16 09:54:21,669.6,2540070
2021-04-16 09:54:22,669.4,2540344
2021-04-16 09:54:23,669.6,2540924
2021-04-16 09:54:25,669.65,2541648
2021-04-16 09:54:26,669.85,2542341
2021-04-16 09:54:27,669.9,2545019
2021-04-16 09:54:28,669.95,2545637
2021-04-16 09:54:29,669.95,2546026
2021-04-16 09:54:30,670.0,2546714
2021-04-16 09:54:31,670.0,2546947
2021-04-16 09:54:32,670.0,2547458
2021-04-16 09:54:33,669.95,2549986
2021-04-16 09:54:34,670.0,2550672
2021-04-16 09:54:35,669.7,2551651
2021-04-16 09:54:36,670.0,2552064
2021-04-16 09:54:37,669.95,2552644
2021-04-16 09:54:39,670.0,2553051
2021-04-16 09:54:39,669.95,2552939
2021-04-16 09:54:40,670.0,2553123
2021-04-16 09:54:41,670.0,2555816
2021-04-16 09:54:42,669.95,2557477
2021-04-16 09:54:44,670.1,2558864
2021-04-16 09:54:45,670.2,2559703
2021-04-16 09:54:46,670.2,2561054
2021-04-16 09:54:47,670.0,2562092
2021-04-16 09:54:48,670.25,2563145
2021-04-16 09:54:49,670.25,2563662
2021-04-16 09:54:50,670.0,2564513
2021-04-16 09:54:52,670.2,2569145
2021-04-16 09:54:52,670.2,2569145
2021-04-16 09:54:53,670.25,2569663
2021-04-16 09:54:54,670.25,2571208
2021-04-16 09:54:55,670.25,2571764
2021-04-16 09:54:56,670.25,2572805
2021-04-16 09:54:57,670.0,2573265
2021-04-16 09:54:58,669.85,2574085
2021-04-16 09:54:59,670.3,2577092
2021-04-16 09:55:01,670.2,2578311
2021-04-16 09:55:01,670.35,2578637
2021-04-16 09:55:02,670.5,2581383
2021-04-16 09:55:03,670.25,2581821
2021-04-16 09:55:04,670.5,2582605
2021-04-16 09:55:05,670.25,2583555
2021-04-16 09:55:06,670.25,2583820
2021-04-16 09:55:07,670.3,2584309
2021-04-16 09:55:08,670.25,2584663
2021-04-16 09:55:09,670.15,2586172
2021-04-16 09:55:10,670.25,2586716
2021-04-16 09:55:12,670.25,2587956
2021-04-16 09:55:12,670.3,2588306
2021-04-16 09:55:13,670.3,2588422
2021-04-16 09:55:14,670.2,2588708
2021-04-16 09:55:15,670.4,2589064
2021-04-16 09:55:16,670.4,2589127
2021-04-16 09:55:17,670.25,2589290
2021-04-16 09:55:18,670.3,2590160
2021-04-16 09:55:19,670.25,2591256
2021-04-16 09:55:20,669.9,2594465
2021-04-16 09:55:21,670.05,2595671
2021-04-16 09:55:22,670.0,2595936
2021-04-16 09:55:24,669.75,2598670
2021-04-16 09:55:24,670.1,2599811
2021-04-16 09:55:25,670.1,2600205
2021-04-16 09:55:26,670.25,2600729
2021-04-16 09:55:27,670.2,2601073
2021-04-16 09:55:28,670.15,2601845
2021-04-16 09:55:29,670.15,2602618
2021-04-16 09:55:30,670.1,2602889
2021-04-16 09:55:31,669.75,2605522
2021-04-16 09:55:32,670.05,2606040
2021-04-16 09:55:33,669.75,2606584
2021-04-16 09:55:34,670.0,2607685
2021-04-16 09:55:36,670.05,2609061
2021-04-16 09:55:36,670.05,2609440
2021-04-16 09:55:37,669.95,2609880
2021-04-16 09:55:38,670.0,2610018
2021-04-16 09:55:39,670.15,2610628
2021-04-16 09:55:40,669.9,2610790
2021-04-16 09:55:41,669.85,2610953
2021-04-16 09:55:42,669.8,2611191
2021-04-16 09:55:43,669.95,2612696
2021-04-16 09:55:44,670.15,2612734
2021-04-16 09:55:46,669.95,2614249
2021-04-16 09:55:46,670.2,2614549
2021-04-16 09:55:47,670.2,2614711
2021-04-16 09:55:48,670.2,2615507
2021-04-16 09:55:49,669.95,2616822
2021-04-16 09:55:51,670.0,2617789
2021-04-16 09:55:52,670.15,2617897
2021-04-16 09:55:53,670.0,2618473
2021-04-16 09:55:54,670.05,2618538
2021-04-16 09:55:55,669.95,2619088
2021-04-16 09:55:56,669.95,2619109
2021-04-16 09:55:57,669.9,2619252
2021-04-16 09:55:59,670.1,2619577
2021-04-16 09:55:59,670.1,2619577
2021-04-16 09:56:00,669.95,2620425
2021-04-16 09:56:01,669.95,2620479
2021-04-16 09:56:02,670.0,2620741
2021-04-16 09:56:03,670.0,2620841
2021-04-16 09:56:04,670.0,2620981
2021-04-16 09:56:05,670.0,2620981
2021-04-16 09:56:06,669.8,2621238
2021-04-16 09:56:07,669.85,2623002
2021-04-16 09:56:08,669.8,2623086
2021-04-16 09:56:10,669.7,2623452
2021-04-16 09:56:10,669.9,2623447
2021-04-16 09:56:11,669.55,2624277
2021-04-16 09:56:12,669.7,2624717
2021-04-16 09:56:13,669.65,2625538
2021-04-16 09:56:14,669.45,2626359
2021-04-16 09:56:17,669.1,2626753
2021-04-16 09:56:17,669.1,2626753
2021-04-16 09:56:18,669.4,2626909
2021-04-16 09:56:19,669.0,2627335
2021-04-16 09:56:20,669.0,2627671
2021-04-16 09:56:21,669.4,2628371
2021-04-16 09:56:22,668.9,2630589
2021-04-16 09:56:24,669.15,2630822
2021-04-16 09:56:24,669.15,2631472
2021-04-16 09:56:25,668.75,2631787
2021-04-16 09:56:26,668.7,2631936
2021-04-16 09:56:27,668.55,2631978
2021-04-16 09:56:28,668.8,2634513
2021-04-16 09:56:29,668.75,2635184
2021-04-16 09:56:31,668.35,2637882
2021-04-16 09:56:31,668.35,2637875
2021-04-16 09:56:32,668.3,2638461
2021-04-16 09:56:33,668.55,2639015
2021-04-16 09:56:34,669.0,2639509
2021-04-16 09:56:35,668.75,2642102
2021-04-16 09:56:36,669.0,2643154
2021-04-16 09:56:37,668.95,2644617
2021-04-16 09:56:38,668.7,2644782
2021-04-16 09:56:40,668.75,2645077
2021-04-16 09:56:40,669.1,2645212
2021-04-16 09:56:41,668.95,2645326
2021-04-16 09:56:42,668.95,2645331
2021-04-16 09:56:43,669.0,2645641
2021-04-16 09:56:44,668.6,2645881
2021-04-16 09:56:45,669.0,2646002
2021-04-16 09:56:46,669.0,2646002
2021-04-16 09:56:48,668.95,2646111
2021-04-16 09:56:49,668.85,2646353
2021-04-16 09:56:50,669.0,2646383
2021-04-16 09:56:51,668.8,2646663
2021-04-16 09:56:51,668.8,2646554
2021-04-16 09:56:52,669.0,2646693
2021-04-16 09:56:53,669.0,2646821
2021-04-16 09:56:54,668.95,2646922
2021-04-16 09:56:55,669.0,2647684
2021-04-16 09:56:56,668.8,2648352
2021-04-16 09:56:58,669.0,2649029
2021-04-16 09:56:59,668.8,2649179
2021-04-16 09:57:00,668.75,2651217
2021-04-16 09:57:00,669.1,2651283
2021-04-16 09:57:01,669.2,2652023
2021-04-16 09:57:02,669.25,2652368
2021-04-16 09:57:03,669.25,2652368
2021-04-16 09:57:04,669.3,2652494
2021-04-16 09:57:05,669.3,2652499
2021-04-16 09:57:06,669.4,2652601
2021-04-16 09:57:08,669.35,2652623
2021-04-16 09:57:09,669.25,2652684
2021-04-16 09:57:10,669.2,2652699
2021-04-16 09:57:11,669.3,2652830
2021-04-16 09:57:11,669.3,2652837
2021-04-16 09:57:12,669.3,2652911
2021-04-16 09:57:13,669.25,2652961
2021-04-16 09:57:14,669.25,2652967
2021-04-16 09:57:15,669.1,2653469
2021-04-16 09:57:16,669.25,2653523
2021-04-16 09:57:17,669.3,2653777
2021-04-16 09:57:18,669.25,2654069
2021-04-16 09:57:20,669.05,2654639
2021-04-16 09:57:21,669.05,2654952
2021-04-16 09:57:22,669.05,2655213
2021-04-16 09:57:23,669.05,2655213
2021-04-16 09:57:24,669.0,2655214
2021-04-16 09:57:25,669.0,2655298
2021-04-16 09:57:25,669.0,2655298
2021-04-16 09:57:26,669.0,2655653
2021-04-16 09:57:27,668.8,2658930
2021-04-16 09:57:28,668.8,2659479
2021-04-16 09:57:29,669.0,2660374
2021-04-16 09:57:30,669.0,2661409
2021-04-16 09:57:31,669.0,2661719
2021-04-16 09:57:33,668.7,2661944
2021-04-16 09:57:34,668.65,2662649
2021-04-16 09:57:35,668.65,2663077
2021-04-16 09:57:35,668.65,2663077
2021-04-16 09:57:36,669.0,2663332
2021-04-16 09:57:37,668.85,2663402
2021-04-16 09:57:38,668.85,2663427
2021-04-16 09:57:40,669.0,2663627
2021-04-16 09:57:41,669.0,2665798
2021-04-16 09:57:41,669.0,2665798
2021-04-16 09:57:42,669.0,2665798
2021-04-16 09:57:43,669.0,2666104
2021-04-16 09:57:44,669.0,2666123
2021-04-16 09:57:46,669.0,2666386
2021-04-16 09:57:47,668.7,2666496
2021-04-16 09:57:48,668.65,2666512
2021-04-16 09:57:49,668.6,2666956
2021-04-16 09:57:49,668.6,2667122
2021-04-16 09:57:50,669.0,2667632
2021-04-16 09:57:51,668.9,2667744
2021-04-16 09:57:52,668.6,2668092
2021-04-16 09:57:53,668.6,2668143
2021-04-16 09:57:55,668.55,2669518
2021-04-16 09:57:56,668.6,2670296
2021-04-16 09:57:57,668.6,2670331
2021-04-16 09:57:57,668.6,2670331
2021-04-16 09:57:58,668.5,2670665
2021-04-16 09:57:59,668.4,2672637
2021-04-16 09:58:00,668.6,2672798
2021-04-16 09:58:01,668.85,2674542
2021-04-16 09:58:03,668.5,2674552
2021-04-16 09:58:04,668.25,2676684
2021-04-16 09:58:04,668.55,2676709
2021-04-16 09:58:05,668.6,2677281
2021-04-16 09:58:06,668.7,2677561
2021-04-16 09:58:07,668.3,2677974
2021-04-16 09:58:08,668.35,2677975
2021-04-16 09:58:09,668.35,2678095
2021-04-16 09:58:10,668.55,2678245
2021-04-16 09:58:11,668.25,2678535
2021-04-16 09:58:13,668.25,2679390
2021-04-16 09:58:14,668.4,2679552
2021-04-16 09:58:15,668.3,2680232
2021-04-16 09:58:15,668.3,2680232
2021-04-16 09:58:16,668.5,2680584
2021-04-16 09:58:17,668.65,2680944
2021-04-16 09:58:18,668.55,2681012
2021-04-16 09:58:19,668.65,2681285
2021-04-16 09:58:21,668.4,2681766
2021-04-16 09:58:22,668.65,2682023
2021-04-16 09:58:22,668.65,2682023
2021-04-16 09:58:23,668.5,2682185
2021-04-16 09:58:24,668.65,2682599
2021-04-16 09:58:26,668.4,2682781
2021-04-16 09:58:27,668.4,2683461
2021-04-16 09:58:28,668.7,2683819
2021-04-16 09:58:28,668.7,2683819
2021-04-16 09:58:29,668.4,2683933
2021-04-16 09:58:30,668.65,2684156
2021-04-16 09:58:31,668.75,2684563
2021-04-16 09:58:32,668.4,2684663
2021-04-16 09:58:33,668.4,2684897
2021-04-16 09:58:35,668.5,2685050
2021-04-16 09:58:36,668.65,2685112
2021-04-16 09:58:37,668.65,2685147
2021-04-16 09:58:37,668.65,2685147
2021-04-16 09:58:38,668.65,2685147
2021-04-16 09:58:39,668.5,2685535
2021-04-16 09:58:40,668.65,2685586
2021-04-16 09:58:41,668.4,2686168
2021-04-16 09:58:42,668.4,2686253
2021-04-16 09:58:44,668.35,2686363
2021-04-16 09:58:45,668.25,2686756
2021-04-16 09:58:46,668.4,2686856
2021-04-16 09:58:46,668.4,2686956
2021-04-16 09:58:47,668.2,2687604
2021-04-16 09:58:48,668.1,2687973
2021-04-16 09:58:49,668.1,2688183
2021-04-16 09:58:50,668.1,2688206
2021-04-16 09:58:51,668.1,2688224
2021-04-16 09:58:52,668.2,2688229
2021-04-16 09:58:54,668.2,2688354
2021-04-16 09:58:55,668.1,2689372
2021-04-16 09:58:56,668.25,2689947
2021-04-16 09:58:57,668.05,2690147
2021-04-16 09:58:57,668.1,2690066
2021-04-16 09:58:58,668.2,2691241
2021-04-16 09:58:59,668.25,2691488
2021-04-16 09:59:00,668.0,2691702
2021-04-16 09:59:02,668.0,2692059
2021-04-16 09:59:03,668.0,2692069
2021-04-16 09:59:04,668.0,2692069
2021-04-16 09:59:05,668.3,2692748
2021-04-16 09:59:06,668.1,2692839
2021-04-16 09:59:07,668.35,2693114
2021-04-16 09:59:08,668.25,2693209
2021-04-16 09:59:09,668.1,2693346
2021-04-16 09:59:10,668.05,2693487
2021-04-16 09:59:10,668.0,2693687
2021-04-16 09:59:11,668.0,2707818
2021-04-16 09:59:12,668.0,2708621
2021-04-16 09:59:13,668.05,2708864
2021-04-16 09:59:14,667.8,2709157
2021-04-16 09:59:16,668.0,2710109
2021-04-16 09:59:17,667.7,2710112
2021-04-16 09:59:18,667.65,2710212
2021-04-16 09:59:19,667.65,2710784
2021-04-16 09:59:20,667.6,2714045
2021-04-16 09:59:21,667.7,2714204
2021-04-16 09:59:22,667.9,2714461
2021-04-16 09:59:23,667.7,2714852
2021-04-16 09:59:24,667.5,2715203
2021-04-16 09:59:25,667.75,2715771
2021-04-16 09:59:27,667.6,2715960
2021-04-16 09:59:28,667.4,2716055
2021-04-16 09:59:29,667.4,2716896
2021-04-16 09:59:30,667.45,2717165
2021-04-16 09:59:30,667.45,2717165
2021-04-16 09:59:32,667.6,2717440
2021-04-16 09:59:33,667.8,2717975
2021-04-16 09:59:34,667.8,2717975
2021-04-16 09:59:36,667.85,2718120
2021-04-16 09:59:37,667.65,2718270
2021-04-16 09:59:38,667.8,2718285
2021-04-16 09:59:38,667.8,2718285
2021-04-16 09:59:39,667.75,2718722
2021-04-16 09:59:40,668.0,2720347
2021-04-16 09:59:41,667.8,2723147
2021-04-16 09:59:43,667.75,2723545
2021-04-16 09:59:44,667.75,2723823
2021-04-16 09:59:45,667.85,2724008
2021-04-16 09:59:46,667.85,2724008
2021-04-16 09:59:47,668.0,2724038
2021-04-16 09:59:50,667.85,2724399
2021-04-16 09:59:50,667.85,2724379
2021-04-16 09:59:51,667.75,2725160
2021-04-16 09:59:53,667.75,2730686
2021-04-16 09:59:55,667.95,2731003
2021-04-16 09:59:56,667.75,2731398
2021-04-16 09:59:57,667.55,2731701
2021-04-16 09:59:58,667.65,2731756
2021-04-16 09:59:58,667.65,2731756
2021-04-16 09:59:59,667.6,2732481
2021-04-16 10:00:00,667.55,2732691
2021-04-16 10:00:01,667.9,2733191
2021-04-16 10:00:02,667.8,2733356
2021-04-16 10:00:04,667.85,2734496
2021-04-16 10:00:05,667.7,2734900
2021-04-16 10:00:06,668.0,2735080
2021-04-16 10:00:07,668.1,2743454
2021-04-16 10:00:07,668.1,2743454
2021-04-16 10:00:08,668.15,2743785
2021-04-16 10:00:09,668.15,2744318
2021-04-16 10:00:11,668.3,2745928
2021-04-16 10:00:12,668.4,2746109
2021-04-16 10:00:13,668.45,2746297
2021-04-16 10:00:14,668.6,2746322
2021-04-16 10:00:15,668.6,2746343
2021-04-16 10:00:15,668.6,2746343
2021-04-16 10:00:16,668.6,2746343
2021-04-16 10:00:17,668.7,2746489
2021-04-16 10:00:18,668.5,2746549
2021-04-16 10:00:21,668.5,2746581
2021-04-16 10:00:22,668.7,2746706
2021-04-16 10:00:23,668.5,2746716
2021-04-16 10:00:24,668.7,2746731
2021-04-16 10:00:25,668.7,2747151
2021-04-16 10:00:26,668.5,2747161
2021-04-16 10:00:26,668.7,2747428
2021-04-16 10:00:27,668.5,2747430
2021-04-16 10:00:28,668.5,2747940
2021-04-16 10:00:29,668.5,2748054
2021-04-16 10:00:30,668.45,2748549
2021-04-16 10:00:34,668.45,2749230
2021-04-16 10:00:35,668.7,2749648
2021-04-16 10:00:36,668.35,2749806
2021-04-16 10:00:37,668.2,2749859
2021-04-16 10:00:38,668.2,2749859
2021-04-16 10:00:38,668.2,2749859
2021-04-16 10:00:39,668.25,2749951
2021-04-16 10:00:40,668.1,2749973
2021-04-16 10:00:41,668.15,2750025
2021-04-16 10:00:43,668.3,2750350
2021-04-16 10:00:44,668.0,2750456
2021-04-16 10:00:45,668.2,2750571
2021-04-16 10:00:46,668.4,2750573
2021-04-16 10:00:47,668.2,2750853
2021-04-16 10:00:48,668.25,2750953
2021-04-16 10:00:48,668.45,2750967
2021-04-16 10:00:49,668.45,2751014
2021-04-16 10:00:51,668.6,2751175
2021-04-16 10:00:53,668.45,2751197
2021-04-16 10:00:54,668.45,2751197
2021-04-16 10:00:55,667.9,2756254
2021-04-16 10:00:56,667.7,2757326
2021-04-16 10:00:57,667.7,2758159
2021-04-16 10:00:58,667.9,2758410
2021-04-16 10:00:59,667.9,2759020
2021-04-16 10:01:00,667.65,2759811
2021-04-16 10:01:02,667.9,2759948
2021-04-16 10:01:03,667.6,2759998
2021-04-16 10:01:04,667.85,2760259
2021-04-16 10:01:05,667.55,2760288
2021-04-16 10:01:06,667.55,2760467
2021-04-16 10:01:07,667.2,2762265
2021-04-16 10:01:08,667.2,2762265
2021-04-16 10:01:08,667.3,2762401
2021-04-16 10:01:09,667.35,2762531
2021-04-16 10:01:11,667.15,2762646
2021-04-16 10:01:12,667.35,2762884
2021-04-16 10:01:13,667.1,2762987
2021-04-16 10:01:14,667.25,2765079
2021-04-16 10:01:15,667.0,2765774
2021-04-16 10:01:16,667.25,2766663
2021-04-16 10:01:17,667.0,2766866
2021-04-16 10:01:17,667.4,2767946
2021-04-16 10:01:18,667.25,2768339
2021-04-16 10:01:19,667.25,2768370
2021-04-16 10:01:20,667.05,2768399
2021-04-16 10:01:22,667.0,2774275
2021-04-16 10:01:23,667.0,2779721
2021-04-16 10:01:24,666.9,2780395
2021-04-16 10:01:24,666.85,2780424
2021-04-16 10:01:26,666.55,2780516
2021-04-16 10:01:27,666.5,2780845
2021-04-16 10:01:29,666.35,2784136
2021-04-16 10:01:30,666.0,2787808
2021-04-16 10:01:31,666.5,2788692
2021-04-16 10:01:32,666.45,2789426
2021-04-16 10:01:33,666.5,2790013
2021-04-16 10:01:33,666.55,2790014
2021-04-16 10:01:35,666.35,2790110
2021-04-16 10:01:36,666.3,2791114
2021-04-16 10:01:37,666.05,2792414
2021-04-16 10:01:38,666.0,2794082
2021-04-16 10:01:39,666.05,2794568
2021-04-16 10:01:40,666.0,2794835
2021-04-16 10:01:41,666.0,2795884
2021-04-16 10:01:42,666.45,2797607
2021-04-16 10:01:43,666.4,2798296
2021-04-16 10:01:43,666.45,2797760
2021-04-16 10:01:44,666.45,2798499
2021-04-16 10:01:45,666.3,2798707
2021-04-16 10:01:47,666.2,2799068
2021-04-16 10:01:48,666.3,2800919
2021-04-16 10:01:49,666.45,2801060
2021-04-16 10:01:50,666.2,2802552
2021-04-16 10:01:51,666.05,2802595
2021-04-16 10:01:52,665.8,2803984
2021-04-16 10:01:53,665.85,2804407
2021-04-16 10:01:54,665.7,2804687
2021-04-16 10:01:54,666.0,2804787
2021-04-16 10:01:56,665.8,2804938
2021-04-16 10:01:56,665.75,2805163
2021-04-16 10:01:57,666.0,2805404
2021-04-16 10:01:58,666.0,2805653
2021-04-16 10:02:00,665.65,2805921
2021-04-16 10:02:01,665.85,2805933
2021-04-16 10:02:02,666.05,2807658
2021-04-16 10:02:03,666.05,2807679
2021-04-16 10:02:04,666.2,2808226
2021-04-16 10:02:05,666.25,2808346
2021-04-16 10:02:06,666.25,2808346
2021-04-16 10:02:06,666.1,2808406
2021-04-16 10:02:07,666.25,2808556
2021-04-16 10:02:08,666.25,2808725
2021-04-16 10:02:09,666.25,2808735
2021-04-16 10:02:11,666.35,2809065
2021-04-16 10:02:12,666.35,2809100
2021-04-16 10:02:13,666.25,2809179
2021-04-16 10:02:14,666.1,2810538
2021-04-16 10:02:15,666.05,2810688
2021-04-16 10:02:16,666.3,2810903
2021-04-16 10:02:17,666.0,2811404
2021-04-16 10:02:18,666.2,2811837
2021-04-16 10:02:19,666.0,2811863
2021-04-16 10:02:19,666.2,2811886
2021-04-16 10:02:20,666.25,2811928
2021-04-16 10:02:23,666.0,2812205
2021-04-16 10:02:24,666.15,2812206
2021-04-16 10:02:25,665.6,2815065
2021-04-16 10:02:26,665.6,2815709
2021-04-16 10:02:27,665.8,2816315
2021-04-16 10:02:28,665.9,2816723
2021-04-16 10:02:29,665.6,2816855
2021-04-16 10:02:29,665.85,2816906
2021-04-16 10:02:30,665.65,2818926
2021-04-16 10:02:32,665.95,2819241
2021-04-16 10:02:33,665.6,2819412
2021-04-16 10:02:34,665.5,2821115
2021-04-16 10:02:35,665.5,2821418
2021-04-16 10:02:36,665.7,2821718
2021-04-16 10:02:37,665.75,2821892
2021-04-16 10:02:38,665.7,2822750
2021-04-16 10:02:39,665.9,2822755
2021-04-16 10:02:40,666.0,2823265
2021-04-16 10:02:41,665.65,2823320
2021-04-16 10:02:42,665.7,2823621
2021-04-16 10:02:43,665.5,2823641
2021-04-16 10:02:45,665.5,2826777
2021-04-16 10:02:46,665.5,2826857
2021-04-16 10:02:47,665.75,2827293
2021-04-16 10:02:48,665.5,2827834
2021-04-16 10:02:49,665.55,2829146
2021-04-16 10:02:50,665.4,2829256
2021-04-16 10:02:51,665.4,2831061
2021-04-16 10:02:51,665.45,2831317
2021-04-16 10:02:52,665.1,2831486
2021-04-16 10:02:53,665.15,2833099
2021-04-16 10:02:55,665.3,2833519
2021-04-16 10:02:56,665.4,2833594
2021-04-16 10:02:57,665.55,2833999
2021-04-16 10:02:58,665.5,2834099
2021-04-16 10:02:59,665.65,2834254
2021-04-16 10:03:00,665.3,2834415
2021-04-16 10:03:01,665.5,2835083
2021-04-16 10:03:02,665.7,2835967
2021-04-16 10:03:03,665.7,2836415
2021-04-16 10:03:04,665.35,2836486
2021-04-16 10:03:05,665.5,2836888
2021-04-16 10:03:06,665.4,2836939
2021-04-16 10:03:07,665.5,2837973
2021-04-16 10:03:08,665.7,2839472
2021-04-16 10:03:10,665.45,2839805
2021-04-16 10:03:11,665.6,2839943
2021-04-16 10:03:12,665.7,2840016
2021-04-16 10:03:13,665.7,2840254
2021-04-16 10:03:14,665.4,2840713
2021-04-16 10:03:15,665.65,2840880
2021-04-16 10:03:16,665.4,2840972
2021-04-16 10:03:17,665.4,2841095
2021-04-16 10:03:19,665.5,2841220
2021-04-16 10:03:20,665.5,2841220
2021-04-16 10:03:21,665.5,2841292
2021-04-16 10:03:22,665.7,2841592
2021-04-16 10:03:23,665.5,2841595
2021-04-16 10:03:24,665.7,2846765
2021-04-16 10:03:25,665.85,2846770
2021-04-16 10:03:26,665.85,2847095
2021-04-16 10:03:27,665.85,2847095
2021-04-16 10:03:28,666.0,2847792
2021-04-16 10:03:29,665.75,2847798
2021-04-16 10:03:30,666.0,2848192
2021-04-16 10:03:31,666.0,2848362
2021-04-16 10:03:32,666.0,2848706
2021-04-16 10:03:33,666.0,2848911
2021-04-16 10:03:34,666.0,2849926
2021-04-16 10:03:35,665.8,2850147
2021-04-16 10:03:36,665.85,2850362
2021-04-16 10:03:37,665.95,2850506
2021-04-16 10:03:38,666.0,2850571
2021-04-16 10:03:39,666.0,2850621
2021-04-16 10:03:40,666.0,2850671
2021-04-16 10:03:41,665.95,2850682
2021-04-16 10:03:43,665.95,2851235
2021-04-16 10:03:44,666.05,2852629
2021-04-16 10:03:45,666.05,2852629
2021-04-16 10:03:46,666.15,2852916
2021-04-16 10:03:47,666.15,2852916
2021-04-16 10:03:49,666.05,2853274
2021-04-16 10:03:48,666.2,2853116
2021-04-16 10:03:50,666.2,2853404
2021-04-16 10:03:51,666.25,2853904
2021-04-16 10:03:52,666.25,2853928
2021-04-16 10:03:53,666.1,2854147
2021-04-16 10:03:54,666.3,2854217
2021-04-16 10:03:55,666.1,2854243
2021-04-16 10:03:56,666.2,2854253
2021-04-16 10:03:57,666.3,2854357
2021-04-16 10:03:58,666.3,2857671
2021-04-16 10:03:59,666.3,2857751
2021-04-16 10:04:00,666.1,2860785
2021-04-16 10:04:01,666.05,2860797
2021-04-16 10:04:02,665.85,2862603
2021-04-16 10:04:04,665.45,2864916
2021-04-16 10:04:03,665.45,2864916
2021-04-16 10:04:05,665.4,2865461
2021-04-16 10:04:06,665.35,2865551
2021-04-16 10:04:07,665.35,2865826
2021-04-16 10:04:08,665.1,2866620
2021-04-16 10:04:09,665.05,2866720
2021-04-16 10:04:10,665.25,2866925
2021-04-16 10:04:11,665.05,2867286
2021-04-16 10:04:12,665.05,2867498
2021-04-16 10:04:13,665.05,2870775
2021-04-16 10:04:14,665.05,2871187
2021-04-16 10:04:15,665.25,2871941
2021-04-16 10:04:16,665.0,2872304
2021-04-16 10:04:17,665.25,2872776
2021-04-16 10:04:18,665.35,2873409
2021-04-16 10:04:19,665.35,2873409
2021-04-16 10:04:20,665.15,2873485
2021-04-16 10:04:21,665.15,2873485
2021-04-16 10:04:22,665.15,2873485
2021-04-16 10:04:23,665.1,2873735
2021-04-16 10:04:24,665.1,2873839
2021-04-16 10:04:25,665.05,2874053
2021-04-16 10:04:26,665.25,2874473
2021-04-16 10:04:27,665.35,2874789
2021-04-16 10:04:28,665.35,2874789
2021-04-16 10:04:29,665.65,2875544
2021-04-16 10:04:30,665.3,2877599
2021-04-16 10:04:31,665.25,2877966
2021-04-16 10:04:32,665.35,2878256
2021-04-16 10:04:33,665.35,2878256
2021-04-16 10:04:34,665.7,2878568
2021-04-16 10:04:35,665.75,2879185
2021-04-16 10:04:36,665.65,2879195
2021-04-16 10:04:37,665.65,2879205
2021-04-16 10:04:39,665.6,2879322
2021-04-16 10:04:38,665.7,2879300
2021-04-16 10:04:40,665.6,2879397
2021-04-16 10:04:41,665.6,2879497
2021-04-16 10:04:42,665.5,2879499
2021-04-16 10:04:43,665.65,2879575
2021-04-16 10:04:44,665.5,2879580
2021-04-16 10:04:45,665.5,2879580
2021-04-16 10:04:46,665.55,2879940
2021-04-16 10:04:47,665.25,2880040
2021-04-16 10:04:48,665.25,2880257
2021-04-16 10:04:49,665.45,2880270
2021-04-16 10:04:50,665.6,2880483
2021-04-16 10:04:51,665.6,2880483
2021-04-16 10:04:52,665.6,2880538
2021-04-16 10:04:53,665.6,2880538
2021-04-16 10:04:54,665.6,2880538
2021-04-16 10:04:55,665.6,2880538
2021-04-16 10:04:56,665.25,2880948
2021-04-16 10:04:57,665.5,2881303
2021-04-16 10:04:58,665.5,2881567
2021-04-16 10:04:59,665.5,2881568
2021-04-16 10:05:01,665.5,2881718
2021-04-16 10:05:02,665.4,2881742
2021-04-16 10:05:03,665.4,2881742
2021-04-16 10:05:04,665.4,2881815
2021-04-16 10:05:05,665.4,2881886
2021-04-16 10:05:06,665.4,2881886
2021-04-16 10:05:07,665.4,2881957
2021-04-16 10:05:08,665.4,2882007
2021-04-16 10:05:09,665.5,2882150
2021-04-16 10:05:10,665.4,2882250
2021-04-16 10:05:11,665.5,2882446
2021-04-16 10:05:12,665.4,2882546
2021-04-16 10:05:13,665.4,2882548
2021-04-16 10:05:14,665.55,2883961
2021-04-16 10:05:15,665.5,2884272
2021-04-16 10:05:16,665.5,2884272
2021-04-16 10:05:17,665.65,2884352
2021-04-16 10:05:18,665.5,2884553
2021-04-16 10:05:19,665.25,2885613
2021-04-16 10:05:20,665.35,2886730
2021-04-16 10:05:21,665.35,2887010
2021-04-16 10:05:22,665.4,2887474
2021-04-16 10:05:23,665.4,2887499
2021-04-16 10:05:24,665.55,2887501
2021-04-16 10:05:25,665.6,2887594
2021-04-16 10:05:26,665.6,2887594
2021-04-16 10:05:28,665.45,2887680
2021-04-16 10:05:29,665.3,2887856
2021-04-16 10:05:30,665.45,2887859
2021-04-16 10:05:31,665.55,2888013
2021-04-16 10:05:32,665.4,2888113
2021-04-16 10:05:33,665.6,2888563
2021-04-16 10:05:34,665.3,2888711
2021-04-16 10:05:36,664.85,2908677
2021-04-16 10:05:37,664.75,2909341
2021-04-16 10:05:37,664.75,2908854
2021-04-16 10:05:38,664.75,2915147
2021-04-16 10:05:39,664.8,2916660
2021-04-16 10:05:40,664.65,2917945
2021-04-16 10:05:41,665.0,2918619
