timestamp,ltp,volume
2021-04-16 09:15:05,2552.05,12020
2021-04-16 09:15:06,2556.75,12922
2021-04-16 09:15:07,2558.35,15123
2021-04-16 09:15:08,2556.55,16144
2021-04-16 09:15:09,2559.4,17664
2021-04-16 09:15:10,2558.45,20673
2021-04-16 09:15:11,2560.0,21838
2021-04-16 09:15:12,2561.2,24920
2021-04-16 09:15:13,2560.0,25709
2021-04-16 09:15:14,2562.0,26601
2021-04-16 09:15:14,2561.1,26432
2021-04-16 09:15:15,2563.55,28594
2021-04-16 09:15:16,2564.5,29874
2021-04-16 09:15:17,2564.5,31040
2021-04-16 09:15:18,2565.0,32121
2021-04-16 09:15:20,2567.5,33804
2021-04-16 09:15:21,2564.5,34614
2021-04-16 09:15:22,2564.6,36478
2021-04-16 09:15:23,2564.55,38687
2021-04-16 09:15:24,2562.55,40850
2021-04-16 09:15:25,2563.45,42876
2021-04-16 09:15:26,2564.15,44856
2021-04-16 09:15:27,2564.15,47481
2021-04-16 09:15:28,2565.5,48887
2021-04-16 09:15:29,2564.85,50551
2021-04-16 09:15:30,2564.5,51108
2021-04-16 09:15:30,2565.7,51289
2021-04-16 09:15:31,2564.9,52017
2021-04-16 09:15:32,2566.8,52584
2021-04-16 09:15:33,2565.5,53749
2021-04-16 09:15:34,2567.2,55920
2021-04-16 09:15:35,2566.2,56953
2021-04-16 09:15:36,2566.55,57744
2021-04-16 09:15:38,2566.55,59813
2021-04-16 09:15:39,2567.9,62000
2021-04-16 09:15:40,2566.2,62870
2021-04-16 09:15:41,2568.45,63672
2021-04-16 09:15:43,2568.3,67509
2021-04-16 09:15:44,2569.8,67982
2021-04-16 09:15:45,2568.85,70613
2021-04-16 09:15:46,2570.9,71096
2021-04-16 09:15:47,2570.9,71751
2021-04-16 09:15:48,2570.65,74842
2021-04-16 09:15:48,2570.8,75284
2021-04-16 09:15:50,2567.95,77715
2021-04-16 09:15:51,2567.8,78080
2021-04-16 09:15:52,2567.75,78806
2021-04-16 09:15:53,2569.05,79240
2021-04-16 09:15:54,2566.75,81655
2021-04-16 09:15:55,2564.55,83792
2021-04-16 09:15:55,2566.0,84317
2021-04-16 09:15:56,2567.1,84719
2021-04-16 09:15:58,2566.0,84967
2021-04-16 09:15:59,2566.2,85249
2021-04-16 09:16:00,2567.65,86132
2021-04-16 09:16:01,2566.45,87360
2021-04-16 09:16:02,2568.25,87633
2021-04-16 09:16:02,2568.3,87657
2021-04-16 09:16:03,2565.8,88614
2021-04-16 09:16:05,2566.2,89165
2021-04-16 09:16:06,2567.4,90040
2021-04-16 09:16:07,2566.25,90631
2021-04-16 09:16:08,2566.05,91137
2021-04-16 09:16:08,2565.95,91223
2021-04-16 09:16:10,2565.0,92448
2021-04-16 09:16:11,2562.55,93346
2021-04-16 09:16:13,2565.0,93821
2021-04-16 09:16:14,2566.0,94359
2021-04-16 09:16:14,2566.65,94763
2021-04-16 09:16:15,2566.95,94982
2021-04-16 09:16:17,2567.65,95256
2021-04-16 09:16:18,2566.05,95881
2021-04-16 09:16:19,2566.2,96033
2021-04-16 09:16:20,2566.45,96609
2021-04-16 09:16:21,2564.3,97180
2021-04-16 09:16:22,2566.25,97345
2021-04-16 09:16:22,2566.25,97273
2021-04-16 09:16:23,2564.95,98530
2021-04-16 09:16:25,2566.25,98853
2021-04-16 09:16:26,2565.35,99145
2021-04-16 09:16:27,2566.95,99463
2021-04-16 09:16:28,2566.3,100721
2021-04-16 09:16:29,2567.0,101127
2021-04-16 09:16:29,2568.45,101490
2021-04-16 09:16:31,2568.45,101543
2021-04-16 09:16:32,2568.5,102367
2021-04-16 09:16:33,2568.5,102884
2021-04-16 09:16:34,2570.0,103379
2021-04-16 09:16:35,2569.85,105702
2021-04-16 09:16:36,2569.55,106054
2021-04-16 09:16:37,2570.1,106835
2021-04-16 09:16:38,2569.8,108868
2021-04-16 09:16:38,2569.9,108913
2021-04-16 09:16:39,2567.4,109504
2021-04-16 09:16:41,2568.75,109638
2021-04-16 09:16:42,2569.3,109759
2021-04-16 09:16:43,2569.8,109836
2021-04-16 09:16:44,2569.45,109938
2021-04-16 09:16:45,2568.15,110323
2021-04-16 09:16:45,2567.05,110424
2021-04-16 09:16:47,2565.85,111608
2021-04-16 09:16:48,2566.45,112224
2021-04-16 09:16:49,2567.0,112354
2021-04-16 09:16:50,2567.0,112830
2021-04-16 09:16:51,2567.0,113394
2021-04-16 09:16:51,2567.35,113484
2021-04-16 09:16:53,2568.15,113748
2021-04-16 09:16:54,2568.25,113868
2021-04-16 09:16:55,2568.6,114044
2021-04-16 09:16:56,2569.3,114176
2021-04-16 09:16:57,2568.6,114358
2021-04-16 09:16:58,2566.35,115419
2021-04-16 09:16:59,2568.6,115569
2021-04-16 09:17:00,2568.35,116557
2021-04-16 09:17:01,2568.35,116757
2021-04-16 09:17:01,2568.3,117247
2021-04-16 09:17:02,2567.1,117748
2021-04-16 09:17:03,2567.05,117921
2021-04-16 09:17:05,2567.7,118106
2021-04-16 09:17:06,2566.35,118154
2021-04-16 09:17:07,2567.05,118216
2021-04-16 09:17:08,2566.9,118821
2021-04-16 09:17:09,2565.8,118865
2021-04-16 09:17:10,2565.75,119093
2021-04-16 09:17:12,2566.35,119190
2021-04-16 09:17:11,2565.75,119186
2021-04-16 09:17:13,2566.75,119265
2021-04-16 09:17:14,2565.75,119486
2021-04-16 09:17:15,2566.25,119593
2021-04-16 09:17:17,2566.0,119861
2021-04-16 09:17:16,2565.0,119849
2021-04-16 09:17:18,2566.5,120027
2021-04-16 09:17:19,2566.1,120171
2021-04-16 09:17:20,2565.1,120326
2021-04-16 09:17:21,2566.15,120389
2021-04-16 09:17:22,2564.6,121724
2021-04-16 09:17:23,2563.2,123055
2021-04-16 09:17:24,2563.35,123252
2021-04-16 09:17:25,2563.75,123318
2021-04-16 09:17:26,2563.35,123380
2021-04-16 09:17:27,2562.45,123502
2021-04-16 09:17:28,2562.45,123553
2021-04-16 09:17:29,2562.7,123651
2021-04-16 09:17:30,2562.0,123830
2021-04-16 09:17:31,2562.0,123830
2021-04-16 09:17:32,2562.7,123846
2021-04-16 09:17:33,2562.0,123992
2021-04-16 09:17:34,2561.65,124130
2021-04-16 09:17:35,2561.6,124284
2021-04-16 09:17:36,2560.1,124453
2021-04-16 09:17:38,2561.45,124656
2021-04-16 09:17:39,2561.45,124826
2021-04-16 09:17:40,2560.3,125191
2021-04-16 09:17:41,2560.4,125381
2021-04-16 09:17:42,2561.7,125429
2021-04-16 09:17:43,2560.25,125847
2021-04-16 09:17:44,2558.35,128572
2021-04-16 09:17:45,2559.75,129844
2021-04-16 09:17:46,2559.75,129975
2021-04-16 09:17:47,2558.5,130342
2021-04-16 09:17:48,2558.5,130482
2021-04-16 09:17:49,2559.7,130879
2021-04-16 09:17:50,2559.9,130997
2021-04-16 09:17:52,2558.6,132191
2021-04-16 09:17:53,2558.55,132899
2021-04-16 09:17:54,2558.0,133747
2021-04-16 09:17:55,2558.5,133839
2021-04-16 09:17:56,2559.55,134732
2021-04-16 09:17:57,2560.4,135264
2021-04-16 09:17:58,2561.4,135414
2021-04-16 09:17:59,2562.0,135710
2021-04-16 09:18:00,2561.7,135959
2021-04-16 09:18:01,2561.7,136595
2021-04-16 09:18:02,2561.6,136824
2021-04-16 09:18:03,2561.65,138185
2021-04-16 09:18:04,2561.1,138392
2021-04-16 09:18:05,2560.45,138982
2021-04-16 09:18:06,2561.95,139070
2021-04-16 09:18:07,2560.55,139288
2021-04-16 09:18:08,2561.7,139356
2021-04-16 09:18:09,2562.1,139684
2021-04-16 09:18:10,2562.1,139779
2021-04-16 09:18:11,2562.7,140077
2021-04-16 09:18:12,2562.9,140118
2021-04-16 09:18:13,2562.8,140636
2021-04-16 09:18:14,2562.1,140745
2021-04-16 09:18:15,2562.75,141168
2021-04-16 09:18:17,2562.6,141277
2021-04-16 09:18:16,2562.1,141247
2021-04-16 09:18:18,2562.0,141531
2021-04-16 09:18:19,2563.1,142233
2021-04-16 09:18:20,2561.1,143053
2021-04-16 09:18:21,2561.5,143603
2021-04-16 09:18:23,2562.2,143895
2021-04-16 09:18:22,2562.2,143859
2021-04-16 09:18:24,2562.2,144615
2021-04-16 09:18:25,2562.1,145899
2021-04-16 09:18:26,2562.05,146683
2021-04-16 09:18:27,2560.7,147348
2021-04-16 09:18:28,2561.9,147446
2021-04-16 09:18:29,2560.7,148355
2021-04-16 09:18:30,2560.55,148802
2021-04-16 09:18:31,2559.05,149979
2021-04-16 09:18:32,2557.0,151290
2021-04-16 09:18:33,2557.65,151896
2021-04-16 09:18:34,2556.5,153125
2021-04-16 09:18:35,2557.6,153469
2021-04-16 09:18:36,2556.5,153974
2021-04-16 09:18:37,2556.0,154384
2021-04-16 09:18:38,2557.4,155720
2021-04-16 09:18:39,2557.4,156037
2021-04-16 09:18:40,2558.0,156159
2021-04-16 09:18:43,2559.55,156590
2021-04-16 09:18:42,2559.4,156388
2021-04-16 09:18:44,2559.75,156651
2021-04-16 09:18:45,2559.75,156907
2021-04-16 09:18:46,2560.0,156954
2021-04-16 09:18:47,2560.0,157097
2021-04-16 09:18:48,2560.0,157618
2021-04-16 09:18:49,2560.0,158215
2021-04-16 09:18:50,2559.0,158850
2021-04-16 09:18:51,2559.35,159232
2021-04-16 09:18:52,2559.25,159263
2021-04-16 09:18:53,2559.5,159407
2021-04-16 09:18:54,2559.55,159535
2021-04-16 09:18:55,2558.75,159715
2021-04-16 09:18:56,2559.45,159935
2021-04-16 09:18:57,2559.4,159980
2021-04-16 09:18:58,2559.15,160008
2021-04-16 09:18:59,2559.15,160304
2021-04-16 09:19:00,2558.9,160711
2021-04-16 09:19:01,2559.1,160793
2021-04-16 09:19:02,2559.15,160863
2021-04-16 09:19:04,2559.15,161040
2021-04-16 09:19:05,2559.25,161434
2021-04-16 09:19:06,2559.15,161630
2021-04-16 09:19:07,2559.7,161695
2021-04-16 09:19:08,2559.0,162375
2021-04-16 09:19:09,2559.15,162528
2021-04-16 09:19:10,2559.15,162942
2021-04-16 09:19:11,2559.95,162981
2021-04-16 09:19:12,2559.9,163022
2021-04-16 09:19:13,2559.9,163751
2021-04-16 09:19:14,2559.65,164579
2021-04-16 09:19:15,2559.0,165874
2021-04-16 09:19:16,2560.0,166126
2021-04-16 09:19:17,2560.05,167002
2021-04-16 09:19:18,2561.0,167111
2021-04-16 09:19:19,2561.0,168436
2021-04-16 09:19:21,2560.95,168624
2021-04-16 09:19:21,2561.1,168945
2021-04-16 09:19:22,2560.1,169360
2021-04-16 09:19:23,2561.25,169521
2021-04-16 09:19:24,2561.2,169581
2021-04-16 09:19:26,2560.15,169663
2021-04-16 09:19:26,2560.9,169664
2021-04-16 09:19:27,2561.1,169684
2021-04-16 09:19:28,2560.15,169775
2021-04-16 09:19:29,2560.9,169812
2021-04-16 09:19:31,2560.15,169861
2021-04-16 09:19:31,2560.9,169880
2021-04-16 09:19:32,2560.15,169912
2021-04-16 09:19:33,2560.0,171163
2021-04-16 09:19:34,2559.05,171244
2021-04-16 09:19:36,2559.0,171901
2021-04-16 09:19:36,2559.0,171901
2021-04-16 09:19:37,2560.0,172148
2021-04-16 09:19:38,2558.9,172181
2021-04-16 09:19:39,2560.0,172251
2021-04-16 09:19:41,2559.05,172279
2021-04-16 09:19:41,2559.05,172300
2021-04-16 09:19:42,2559.0,172307
2021-04-16 09:19:43,2559.45,172390
2021-04-16 09:19:44,2559.05,172402
2021-04-16 09:19:46,2558.9,172754
2021-04-16 09:19:46,2559.95,172455
2021-04-16 09:19:47,2560.0,172865
2021-04-16 09:19:48,2560.0,172870
2021-04-16 09:19:49,2560.0,172893
2021-04-16 09:19:50,2559.45,172955
2021-04-16 09:19:51,2560.0,173192
2021-04-16 09:19:52,2560.0,173237
2021-04-16 09:19:54,2560.0,173325
2021-04-16 09:19:55,2560.0,173921
2021-04-16 09:19:56,2559.55,173993
2021-04-16 09:19:57,2560.0,174110
2021-04-16 09:19:59,2560.0,174226
2021-04-16 09:19:59,2559.55,174187
2021-04-16 09:20:01,2560.0,175818
2021-04-16 09:20:02,2560.05,177298
2021-04-16 09:20:03,2561.4,178136
2021-04-16 09:20:05,2561.95,179328
2021-04-16 09:20:05,2562.0,179963
2021-04-16 09:20:08,2562.0,181424
2021-04-16 09:20:09,2562.3,181574
2021-04-16 09:20:10,2562.9,182170
2021-04-16 09:20:11,2564.1,190711
2021-04-16 09:20:13,2566.15,192211
2021-04-16 09:20:13,2565.9,191750
2021-04-16 09:20:14,2566.95,192346
2021-04-16 09:20:15,2567.85,193263
2021-04-16 09:20:16,2567.7,196125
2021-04-16 09:20:17,2567.9,197475
2021-04-16 09:20:18,2567.95,197978
2021-04-16 09:20:20,2568.65,199048
2021-04-16 09:20:21,2568.65,199312
2021-04-16 09:20:21,2568.85,199774
2021-04-16 09:20:22,2568.9,200336
2021-04-16 09:20:23,2567.8,202126
2021-04-16 09:20:26,2566.05,204553
2021-04-16 09:20:26,2567.35,204253
2021-04-16 09:20:27,2567.3,204656
2021-04-16 09:20:28,2567.05,205220
2021-04-16 09:20:29,2567.3,205546
2021-04-16 09:20:31,2567.5,205608
2021-04-16 09:20:31,2566.55,205605
2021-04-16 09:20:32,2566.55,205680
2021-04-16 09:20:33,2565.65,206976
2021-04-16 09:20:34,2566.55,207678
2021-04-16 09:20:35,2565.45,208913
2021-04-16 09:20:37,2565.45,209027
2021-04-16 09:20:37,2565.45,209044
2021-04-16 09:20:38,2565.85,209109
2021-04-16 09:20:40,2565.35,209364
2021-04-16 09:20:42,2565.3,209427
2021-04-16 09:20:42,2565.3,209427
2021-04-16 09:20:43,2565.4,209440
2021-04-16 09:20:44,2565.25,209595
2021-04-16 09:20:45,2565.35,209762
2021-04-16 09:20:46,2563.95,209981
2021-04-16 09:20:48,2563.8,210108
2021-04-16 09:20:48,2563.8,210108
2021-04-16 09:20:49,2562.0,210718
2021-04-16 09:20:51,2561.1,211807
2021-04-16 09:20:52,2561.1,211865
2021-04-16 09:20:54,2560.8,211898
2021-04-16 09:20:54,2561.5,211945
2021-04-16 09:20:55,2562.0,212106
2021-04-16 09:20:56,2560.6,212673
2021-04-16 09:20:57,2561.0,212702
2021-04-16 09:20:58,2561.45,212884
2021-04-16 09:20:59,2560.2,212985
2021-04-16 09:21:01,2560.2,213465
2021-04-16 09:21:01,2560.0,213446
2021-04-16 09:21:02,2560.2,213638
2021-04-16 09:21:04,2558.35,215021
2021-04-16 09:21:05,2559.25,215428
2021-04-16 09:21:07,2557.2,217573
2021-04-16 09:21:07,2557.4,217963
2021-04-16 09:21:08,2556.45,218141
2021-04-16 09:21:09,2556.6,218209
2021-04-16 09:21:10,2556.8,218635
2021-04-16 09:21:13,2557.8,218828
2021-04-16 09:21:14,2558.2,218957
2021-04-16 09:21:14,2557.35,218977
2021-04-16 09:21:15,2557.65,219032
2021-04-16 09:21:16,2557.65,219147
2021-04-16 09:21:17,2557.65,219266
2021-04-16 09:21:18,2557.1,219476
2021-04-16 09:21:19,2557.65,219518
2021-04-16 09:21:21,2557.4,219580
2021-04-16 09:21:21,2556.25,219685
2021-04-16 09:21:22,2556.2,220037
2021-04-16 09:21:23,2555.65,220360
2021-04-16 09:21:24,2556.6,220375
2021-04-16 09:21:25,2555.55,220426
2021-04-16 09:21:26,2555.85,220533
2021-04-16 09:21:27,2555.45,221474
2021-04-16 09:21:28,2557.0,221829
2021-04-16 09:21:29,2556.1,222407
2021-04-16 09:21:30,2556.35,222545
2021-04-16 09:21:31,2556.75,222640
2021-04-16 09:21:33,2556.9,222665
2021-04-16 09:21:34,2556.8,222700
2021-04-16 09:21:35,2556.2,222765
2021-04-16 09:21:36,2556.75,223091
2021-04-16 09:21:36,2556.8,223102
2021-04-16 09:21:37,2556.3,223125
2021-04-16 09:21:38,2556.0,224219
2021-04-16 09:21:39,2552.55,227708
2021-04-16 09:21:40,2554.35,227840
2021-04-16 09:21:41,2553.45,228082
2021-04-16 09:21:42,2553.45,228257
2021-04-16 09:21:43,2553.45,228473
2021-04-16 09:21:44,2554.85,228750
2021-04-16 09:21:45,2554.2,228783
2021-04-16 09:21:46,2555.0,228908
2021-04-16 09:21:47,2555.6,229060
2021-04-16 09:21:48,2554.35,229270
2021-04-16 09:21:49,2554.35,229340
2021-04-16 09:21:50,2554.35,229629
2021-04-16 09:21:51,2553.45,230063
2021-04-16 09:21:52,2552.0,230185
2021-04-16 09:21:53,2553.35,230537
2021-04-16 09:21:54,2554.65,230955
2021-04-16 09:21:55,2552.3,231558
2021-04-16 09:21:57,2552.4,231594
2021-04-16 09:21:58,2553.45,231636
2021-04-16 09:21:59,2554.4,231661
2021-04-16 09:22:00,2554.3,231955
2021-04-16 09:22:01,2552.5,232326
2021-04-16 09:22:01,2553.3,232341
2021-04-16 09:22:02,2553.75,232686
2021-04-16 09:22:03,2552.6,232734
2021-04-16 09:22:04,2553.0,232823
2021-04-16 09:22:05,2553.0,232875
2021-04-16 09:22:06,2552.65,233305
2021-04-16 09:22:07,2553.45,233699
2021-04-16 09:22:08,2554.0,233724
2021-04-16 09:22:09,2554.0,233838
2021-04-16 09:22:10,2553.5,233872
2021-04-16 09:22:11,2553.35,234422
2021-04-16 09:22:12,2553.75,234632
2021-04-16 09:22:13,2552.65,235088
2021-04-16 09:22:14,2552.0,235182
2021-04-16 09:22:15,2552.25,235245
2021-04-16 09:22:17,2552.7,236756
2021-04-16 09:22:18,2552.25,236829
2021-04-16 09:22:19,2552.0,237058
2021-04-16 09:22:20,2552.4,237218
2021-04-16 09:22:21,2552.6,237581
2021-04-16 09:22:22,2552.4,237886
2021-04-16 09:22:23,2552.95,237897
2021-04-16 09:22:24,2553.0,237899
2021-04-16 09:22:25,2552.5,238027
2021-04-16 09:22:26,2552.0,238223
2021-04-16 09:22:27,2552.0,238276
2021-04-16 09:22:28,2551.65,238311
2021-04-16 09:22:28,2552.0,238291
2021-04-16 09:22:29,2551.65,238316
2021-04-16 09:22:30,2551.65,238513
2021-04-16 09:22:31,2548.8,242580
2021-04-16 09:22:32,2551.15,242876
2021-04-16 09:22:33,2551.5,243516
2021-04-16 09:22:34,2551.65,243778
2021-04-16 09:22:35,2551.9,244289
2021-04-16 09:22:36,2551.9,244685
2021-04-16 09:22:37,2551.0,244895
2021-04-16 09:22:38,2551.5,244985
2021-04-16 09:22:40,2551.25,245346
2021-04-16 09:22:41,2552.0,245462
2021-04-16 09:22:42,2550.9,245803
2021-04-16 09:22:43,2551.25,246048
2021-04-16 09:22:44,2550.0,246231
2021-04-16 09:22:45,2550.45,246417
2021-04-16 09:22:46,2550.0,246728
2021-04-16 09:22:47,2549.75,246838
2021-04-16 09:22:48,2547.15,247863
2021-04-16 09:22:48,2547.2,248312
2021-04-16 09:22:49,2549.5,248897
2021-04-16 09:22:50,2550.0,249909
2021-04-16 09:22:51,2550.2,250148
2021-04-16 09:22:52,2551.0,250182
2021-04-16 09:22:54,2551.05,251394
2021-04-16 09:22:55,2551.1,251684
2021-04-16 09:22:56,2551.05,252444
2021-04-16 09:22:57,2551.95,253168
2021-04-16 09:22:59,2553.9,253485
2021-04-16 09:23:00,2552.5,255286
2021-04-16 09:23:01,2553.0,256056
2021-04-16 09:23:02,2551.95,256250
2021-04-16 09:23:03,2553.9,257051
2021-04-16 09:23:04,2553.65,257504
2021-04-16 09:23:05,2553.7,257643
2021-04-16 09:23:05,2554.8,257676
2021-04-16 09:23:06,2552.7,258777
2021-04-16 09:23:07,2553.55,259404
2021-04-16 09:23:08,2553.25,259843
2021-04-16 09:23:09,2552.55,259909
2021-04-16 09:23:10,2553.0,259950
2021-04-16 09:23:11,2553.6,260077
2021-04-16 09:23:12,2553.0,260459
2021-04-16 09:23:13,2553.0,261403
2021-04-16 09:23:14,2553.25,261888
2021-04-16 09:23:15,2554.1,261922
2021-04-16 09:23:17,2554.0,261983
2021-04-16 09:23:18,2553.25,262050
2021-04-16 09:23:19,2553.25,262205
2021-04-16 09:23:19,2553.25,262205
2021-04-16 09:23:20,2553.65,262518
2021-04-16 09:23:21,2553.25,262573
2021-04-16 09:23:22,2553.7,262596
2021-04-16 09:23:23,2553.4,263146
2021-04-16 09:23:24,2553.7,263176
2021-04-16 09:23:25,2554.0,263488
2021-04-16 09:23:26,2553.7,263517
2021-04-16 09:23:27,2553.7,263670
2021-04-16 09:23:29,2552.25,264944
2021-04-16 09:23:30,2553.7,264968
2021-04-16 09:23:33,2553.45,265411
2021-04-16 09:23:34,2554.65,265421
2021-04-16 09:23:35,2554.5,265444
2021-04-16 09:23:36,2555.0,267582
2021-04-16 09:23:37,2555.35,268629
2021-04-16 09:23:37,2555.8,268950
2021-04-16 09:23:38,2557.0,269969
2021-04-16 09:23:39,2557.25,270366
2021-04-16 09:23:40,2556.0,270624
2021-04-16 09:23:41,2555.7,273103
2021-04-16 09:23:42,2556.9,274607
2021-04-16 09:23:43,2556.85,274988
2021-04-16 09:23:44,2555.35,275133
2021-04-16 09:23:45,2556.6,275337
2021-04-16 09:23:46,2555.95,275629
2021-04-16 09:23:48,2556.65,275636
2021-04-16 09:23:49,2556.65,275707
2021-04-16 09:23:50,2556.6,276114
2021-04-16 09:23:51,2558.0,276344
2021-04-16 09:23:52,2559.8,277192
2021-04-16 09:23:53,2559.0,278040
2021-04-16 09:23:53,2560.0,277658
2021-04-16 09:23:54,2559.0,279034
2021-04-16 09:23:55,2560.0,279713
2021-04-16 09:23:59,2561.25,281335
2021-04-16 09:24:00,2558.5,281862
2021-04-16 09:24:01,2560.6,282621
2021-04-16 09:24:02,2559.5,282899
2021-04-16 09:24:03,2559.8,283242
2021-04-16 09:24:03,2559.8,283242
2021-04-16 09:24:04,2559.9,283525
2021-04-16 09:24:05,2561.15,283773
2021-04-16 09:24:06,2559.45,284325
2021-04-16 09:24:07,2560.65,284664
2021-04-16 09:24:10,2560.85,285125
2021-04-16 09:24:11,2559.6,285623
2021-04-16 09:24:12,2559.8,285692
2021-04-16 09:24:13,2560.85,286025
2021-04-16 09:24:14,2559.9,286067
2021-04-16 09:24:15,2559.9,286243
2021-04-16 09:24:16,2561.2,286746
2021-04-16 09:24:16,2561.2,286720
2021-04-16 09:24:17,2561.05,286993
2021-04-16 09:24:18,2560.1,287438
2021-04-16 09:24:20,2560.0,287772
2021-04-16 09:24:21,2560.65,287978
2021-04-16 09:24:22,2560.65,288138
2021-04-16 09:24:23,2560.1,288253
2021-04-16 09:24:24,2560.0,288397
2021-04-16 09:24:25,2559.9,289414
2021-04-16 09:24:27,2559.0,290185
2021-04-16 09:24:28,2560.0,290849
2021-04-16 09:24:29,2560.0,290885
2021-04-16 09:24:30,2560.0,291091
2021-04-16 09:24:31,2559.95,291217
2021-04-16 09:24:32,2560.0,291592
2021-04-16 09:24:33,2560.6,291791
2021-04-16 09:24:35,2561.0,292178
2021-04-16 09:24:36,2560.25,292512
2021-04-16 09:24:37,2558.05,295840
2021-04-16 09:24:38,2557.0,296683
2021-04-16 09:24:39,2559.0,299839
2021-04-16 09:24:40,2559.45,300282
2021-04-16 09:24:41,2558.55,300500
2021-04-16 09:24:42,2558.5,301298
2021-04-16 09:24:43,2558.55,301369
2021-04-16 09:24:44,2558.55,302390
2021-04-16 09:24:45,2559.9,303818
2021-04-16 09:24:45,2559.9,303780
2021-04-16 09:24:46,2559.15,303924
2021-04-16 09:24:48,2559.25,304035
2021-04-16 09:24:49,2559.35,304041
2021-04-16 09:24:50,2560.25,305744
2021-04-16 09:24:51,2559.75,306219
2021-04-16 09:24:52,2560.0,306974
2021-04-16 09:24:53,2560.05,307434
2021-04-16 09:24:54,2560.3,307986
2021-04-16 09:24:54,2560.3,308009
2021-04-16 09:24:55,2560.0,311210
2021-04-16 09:24:56,2559.95,311613
2021-04-16 09:24:58,2560.15,314061
2021-04-16 09:24:59,2560.35,314391
2021-04-16 09:25:00,2561.45,314824
2021-04-16 09:25:01,2561.05,315014
2021-04-16 09:25:02,2562.3,315653
2021-04-16 09:25:03,2561.45,315883
2021-04-16 09:25:03,2562.4,315896
2021-04-16 09:25:04,2562.4,316046
2021-04-16 09:25:06,2561.6,316064
2021-04-16 09:25:07,2562.35,316075
2021-04-16 09:25:08,2562.2,316251
2021-04-16 09:25:09,2562.4,316528
2021-04-16 09:25:10,2562.35,316657
2021-04-16 09:25:11,2562.15,316659
2021-04-16 09:25:11,2563.0,316719
2021-04-16 09:25:12,2562.15,316769
2021-04-16 09:25:13,2562.15,317349
2021-04-16 09:25:14,2563.0,317469
2021-04-16 09:25:15,2563.0,317600
2021-04-16 09:25:17,2562.8,317608
2021-04-16 09:25:18,2563.0,317844
2021-04-16 09:25:19,2562.85,317898
2021-04-16 09:25:19,2562.95,317923
2021-04-16 09:25:21,2562.85,318223
2021-04-16 09:25:23,2562.9,318257
2021-04-16 09:25:24,2561.45,318563
2021-04-16 09:25:25,2562.1,318588
2021-04-16 09:25:25,2562.0,318593
2021-04-16 09:25:26,2561.35,318907
2021-04-16 09:25:27,2561.05,318978
2021-04-16 09:25:28,2561.05,319139
2021-04-16 09:25:29,2561.25,319653
2021-04-16 09:25:30,2562.0,319982
2021-04-16 09:25:31,2562.15,320514
2021-04-16 09:25:33,2561.3,320654
2021-04-16 09:25:34,2561.3,321050
2021-04-16 09:25:35,2561.4,321126
2021-04-16 09:25:35,2562.1,321537
2021-04-16 09:25:36,2561.55,321701
2021-04-16 09:25:37,2562.0,321873
2021-04-16 09:25:38,2562.0,321915
2021-04-16 09:25:39,2561.85,321920
2021-04-16 09:25:40,2561.85,321920
2021-04-16 09:25:41,2562.4,322797
2021-04-16 09:25:43,2563.0,323408
2021-04-16 09:25:44,2562.95,323905
2021-04-16 09:25:45,2563.2,324321
2021-04-16 09:25:46,2564.0,324388
2021-04-16 09:25:46,2564.0,324422
2021-04-16 09:25:47,2564.0,324747
2021-04-16 09:25:49,2563.5,325021
2021-04-16 09:25:50,2563.95,325256
2021-04-16 09:25:51,2564.65,325499
2021-04-16 09:25:52,2563.6,325626
2021-04-16 09:25:53,2565.0,325883
2021-04-16 09:25:54,2565.0,326185
2021-04-16 09:25:55,2565.05,327747
2021-04-16 09:25:56,2565.1,328651
2021-04-16 09:25:58,2565.1,330769
2021-04-16 09:25:59,2565.0,331734
2021-04-16 09:26:00,2565.0,332359
2021-04-16 09:26:00,2565.0,332641
2021-04-16 09:26:01,2565.0,333515
2021-04-16 09:26:02,2565.0,333692
2021-04-16 09:26:03,2566.05,334552
2021-04-16 09:26:05,2567.0,335145
2021-04-16 09:26:06,2566.5,336118
2021-04-16 09:26:07,2567.8,337039
2021-04-16 09:26:08,2568.0,337444
2021-04-16 09:26:09,2568.0,337846
2021-04-16 09:26:10,2567.1,339596
2021-04-16 09:26:11,2567.65,340471
2021-04-16 09:26:12,2567.0,340743
2021-04-16 09:26:13,2567.65,340800
2021-04-16 09:26:14,2567.2,340915
2021-04-16 09:26:15,2568.0,341427
2021-04-16 09:26:15,2568.15,341465
2021-04-16 09:26:17,2567.0,342230
2021-04-16 09:26:18,2567.0,342313
2021-04-16 09:26:19,2567.0,343403
2021-04-16 09:26:20,2567.0,343717
2021-04-16 09:26:20,2567.0,343699
2021-04-16 09:26:22,2566.5,343746
2021-04-16 09:26:23,2566.5,343874
2021-04-16 09:26:24,2566.5,344180
2021-04-16 09:26:25,2566.4,345860
2021-04-16 09:26:26,2567.3,347033
2021-04-16 09:26:27,2566.5,347473
2021-04-16 09:26:28,2567.0,347508
2021-04-16 09:26:29,2567.65,347607
2021-04-16 09:26:30,2567.3,349066
2021-04-16 09:26:31,2567.65,353954
2021-04-16 09:26:32,2567.75,357384
2021-04-16 09:26:33,2568.0,357902
2021-04-16 09:26:34,2568.8,358282
2021-04-16 09:26:35,2569.0,359141
2021-04-16 09:26:36,2569.0,360571
2021-04-16 09:26:37,2569.5,361346
2021-04-16 09:26:38,2568.85,361499
2021-04-16 09:26:39,2569.55,362181
2021-04-16 09:26:40,2569.55,363252
2021-04-16 09:26:41,2569.55,363921
2021-04-16 09:26:42,2569.6,364260
2021-04-16 09:26:43,2569.6,364341
2021-04-16 09:26:44,2569.45,364561
2021-04-16 09:26:45,2569.55,365145
2021-04-16 09:26:46,2569.4,365495
2021-04-16 09:26:47,2569.5,366773
2021-04-16 09:26:48,2569.8,367039
2021-04-16 09:26:50,2568.8,370798
2021-04-16 09:26:51,2568.2,370868
2021-04-16 09:26:52,2568.9,371231
2021-04-16 09:26:53,2568.25,371257
2021-04-16 09:26:54,2569.0,371265
2021-04-16 09:26:55,2568.9,371294
2021-04-16 09:26:56,2568.9,371765
2021-04-16 09:26:57,2569.05,372024
2021-04-16 09:26:58,2568.95,372379
2021-04-16 09:26:59,2568.0,372405
2021-04-16 09:27:00,2568.0,372418
2021-04-16 09:27:01,2568.0,372456
2021-04-16 09:27:02,2567.65,372661
2021-04-16 09:27:02,2568.7,372679
2021-04-16 09:27:03,2568.8,372783
2021-04-16 09:27:04,2568.8,373090
2021-04-16 09:27:05,2568.8,373595
2021-04-16 09:27:06,2568.9,373960
2021-04-16 09:27:07,2568.45,375316
2021-04-16 09:27:08,2569.9,375566
2021-04-16 09:27:09,2569.05,375812
2021-04-16 09:27:10,2569.05,376071
2021-04-16 09:27:11,2569.65,376157
2021-04-16 09:27:12,2568.8,377307
2021-04-16 09:27:13,2565.45,379458
2021-04-16 09:27:14,2565.55,380031
2021-04-16 09:27:15,2565.75,380149
2021-04-16 09:27:17,2565.1,380415
2021-04-16 09:27:18,2565.5,380605
2021-04-16 09:27:19,2565.8,380639
2021-04-16 09:27:20,2565.95,380732
2021-04-16 09:27:21,2565.8,380742
2021-04-16 09:27:22,2564.65,380988
2021-04-16 09:27:23,2564.65,380989
2021-04-16 09:27:24,2565.15,381204
2021-04-16 09:27:25,2565.35,381274
2021-04-16 09:27:26,2566.2,381280
2021-04-16 09:27:27,2566.2,381467
2021-04-16 09:27:28,2566.55,381527
2021-04-16 09:27:29,2566.0,381703
2021-04-16 09:27:30,2565.35,381907
2021-04-16 09:27:31,2566.0,382473
2021-04-16 09:27:32,2565.35,382777
2021-04-16 09:27:33,2564.85,383221
2021-04-16 09:27:34,2564.85,383265
2021-04-16 09:27:35,2565.35,383301
2021-04-16 09:27:36,2565.9,383345
2021-04-16 09:27:37,2565.0,383388
2021-04-16 09:27:38,2565.0,383430
2021-04-16 09:27:39,2566.0,383786
2021-04-16 09:27:40,2565.25,383894
2021-04-16 09:27:41,2565.3,383975
2021-04-16 09:27:42,2565.3,383988
2021-04-16 09:27:43,2564.85,384229
2021-04-16 09:27:44,2564.6,384455
2021-04-16 09:27:45,2565.2,384466
2021-04-16 09:27:45,2565.2,384616
2021-04-16 09:27:48,2564.9,384684
2021-04-16 09:27:49,2564.1,385682
2021-04-16 09:27:51,2565.3,385701
2021-04-16 09:27:52,2564.3,385773
2021-04-16 09:27:53,2565.0,386082
2021-04-16 09:27:54,2566.0,386320
2021-04-16 09:27:55,2566.0,386735
2021-04-16 09:27:56,2568.6,387594
2021-04-16 09:27:57,2568.8,387649
2021-04-16 09:27:58,2568.2,388193
2021-04-16 09:27:59,2569.25,388273
2021-04-16 09:28:00,2568.25,388611
2021-04-16 09:28:01,2568.25,388928
2021-04-16 09:28:02,2568.25,389105
2021-04-16 09:28:03,2569.15,389180
2021-04-16 09:28:04,2569.4,389297
2021-04-16 09:28:05,2569.9,389904
2021-04-16 09:28:06,2569.8,390006
2021-04-16 09:28:07,2568.65,390142
2021-04-16 09:28:08,2569.75,390150
2021-04-16 09:28:09,2568.65,390182
2021-04-16 09:28:10,2568.9,390227
2021-04-16 09:28:11,2569.8,390322
2021-04-16 09:28:12,2569.95,390404
2021-04-16 09:28:13,2569.95,390607
2021-04-16 09:28:14,2569.95,390657
2021-04-16 09:28:17,2571.45,399350
2021-04-16 09:28:18,2571.75,399998
2021-04-16 09:28:19,2571.85,401129
2021-04-16 09:28:20,2571.45,401694
2021-04-16 09:28:21,2572.0,402211
2021-04-16 09:28:22,2571.95,404013
2021-04-16 09:28:23,2572.0,404352
2021-04-16 09:28:24,2570.55,406293
2021-04-16 09:28:26,2569.2,407204
2021-04-16 09:28:27,2570.1,407896
2021-04-16 09:28:28,2570.6,408147
2021-04-16 09:28:29,2569.95,408324
2021-04-16 09:28:30,2569.8,409487
2021-04-16 09:28:31,2570.9,410475
2021-04-16 09:28:32,2571.0,410750
2021-04-16 09:28:33,2569.95,411514
2021-04-16 09:28:34,2569.8,411720
2021-04-16 09:28:35,2570.0,411812
2021-04-16 09:28:36,2570.0,411909
2021-04-16 09:28:37,2569.7,412062
2021-04-16 09:28:38,2568.75,412624
2021-04-16 09:28:39,2568.7,412809
2021-04-16 09:28:40,2569.0,412949
2021-04-16 09:28:41,2568.5,414519
2021-04-16 09:28:42,2566.75,414820
2021-04-16 09:28:43,2568.95,415098
2021-04-16 09:28:44,2568.9,415280
2021-04-16 09:28:45,2568.65,415483
2021-04-16 09:28:46,2569.35,415574
2021-04-16 09:28:47,2570.1,418420
2021-04-16 09:28:48,2570.6,418823
2021-04-16 09:28:49,2571.0,419042
2021-04-16 09:28:50,2569.9,420189
2021-04-16 09:28:51,2570.25,420639
2021-04-16 09:28:52,2570.25,420803
2021-04-16 09:28:53,2571.2,421279
2021-04-16 09:28:54,2571.2,421681
2021-04-16 09:28:55,2570.55,421750
2021-04-16 09:28:56,2571.8,421785
2021-04-16 09:28:57,2571.8,422073
2021-04-16 09:28:58,2572.0,422434
2021-04-16 09:28:59,2572.0,422511
2021-04-16 09:29:00,2572.1,423254
2021-04-16 09:29:01,2573.8,423641
2021-04-16 09:29:02,2573.75,424145
2021-04-16 09:29:03,2573.5,425020
2021-04-16 09:29:04,2573.0,425417
2021-04-16 09:29:05,2574.0,426134
2021-04-16 09:29:06,2573.5,426388
2021-04-16 09:29:07,2574.0,426429
2021-04-16 09:29:08,2572.1,427779
2021-04-16 09:29:09,2573.05,428860
2021-04-16 09:29:10,2572.15,429408
2021-04-16 09:29:11,2573.5,430105
2021-04-16 09:29:12,2572.15,430832
2021-04-16 09:29:13,2572.0,431856
2021-04-16 09:29:14,2571.75,432298
2021-04-16 09:29:15,2572.9,432577
2021-04-16 09:29:16,2572.75,432987
2021-04-16 09:29:17,2572.15,433297
2021-04-16 09:29:18,2570.2,434818
2021-04-16 09:29:19,2571.4,435336
2021-04-16 09:29:21,2570.2,435965
2021-04-16 09:29:24,2571.55,436650
2021-04-16 09:29:25,2572.75,436799
2021-04-16 09:29:26,2571.3,436827
2021-04-16 09:29:27,2572.8,437135
2021-04-16 09:29:28,2573.0,437363
2021-04-16 09:29:29,2572.4,437819
2021-04-16 09:29:30,2571.0,439550
2021-04-16 09:29:31,2572.0,439798
2021-04-16 09:29:32,2572.05,440214
2021-04-16 09:29:33,2572.1,440373
2021-04-16 09:29:34,2572.1,440383
2021-04-16 09:29:35,2572.45,441041
2021-04-16 09:29:36,2573.0,441162
2021-04-16 09:29:37,2572.2,441335
2021-04-16 09:29:38,2572.35,441392
2021-04-16 09:29:39,2572.4,441694
2021-04-16 09:29:40,2573.4,441744
2021-04-16 09:29:41,2572.45,441820
2021-04-16 09:29:42,2573.65,442027
2021-04-16 09:29:45,2573.9,442316
2021-04-16 09:29:46,2572.75,442653
2021-04-16 09:29:47,2573.6,442868
2021-04-16 09:29:49,2572.8,442987
2021-04-16 09:29:50,2573.6,443051
2021-04-16 09:29:51,2573.0,443080
2021-04-16 09:29:52,2573.0,443476
2021-04-16 09:29:53,2573.6,443686
2021-04-16 09:29:54,2574.0,444245
2021-04-16 09:29:55,2571.0,446400
2021-04-16 09:29:56,2571.1,446914
2021-04-16 09:29:57,2571.05,447409
2021-04-16 09:29:58,2572.8,447708
2021-04-16 09:29:59,2572.8,447778
2021-04-16 09:30:00,2573.0,448042
2021-04-16 09:30:01,2573.0,448084
2021-04-16 09:30:02,2573.8,449262
2021-04-16 09:30:03,2572.65,449418
2021-04-16 09:30:04,2573.1,449709
2021-04-16 09:30:06,2573.25,449751
2021-04-16 09:30:07,2573.95,449812
2021-04-16 09:30:08,2574.4,451703
2021-04-16 09:30:09,2573.6,451889
2021-04-16 09:30:10,2574.0,452974
2021-04-16 09:30:10,2574.0,453025
2021-04-16 09:30:11,2574.35,453119
2021-04-16 09:30:12,2574.75,453534
2021-04-16 09:30:13,2573.8,453803
2021-04-16 09:30:15,2574.75,453905
2021-04-16 09:30:16,2571.6,456210
2021-04-16 09:30:17,2573.3,456699
2021-04-16 09:30:18,2574.1,457424
2021-04-16 09:30:20,2574.45,458189
2021-04-16 09:30:21,2574.8,458690
2021-04-16 09:30:22,2574.0,459006
2021-04-16 09:30:23,2574.0,459580
2021-04-16 09:30:24,2573.45,459752
2021-04-16 09:30:25,2574.0,459947
2021-04-16 09:30:25,2574.95,460367
2021-04-16 09:30:29,2575.0,461104
2021-04-16 09:30:30,2574.15,461182
2021-04-16 09:30:31,2575.0,462042
2021-04-16 09:30:32,2575.0,462216
2021-04-16 09:30:33,2575.0,462459
2021-04-16 09:30:34,2575.0,462487
2021-04-16 09:30:35,2574.15,462691
2021-04-16 09:30:37,2574.5,463249
2021-04-16 09:30:38,2573.85,464484
2021-04-16 09:30:38,2574.15,463594
2021-04-16 09:30:39,2574.45,464866
2021-04-16 09:30:40,2573.4,466113
2021-04-16 09:30:41,2573.4,466211
2021-04-16 09:30:42,2572.5,466532
2021-04-16 09:30:43,2573.55,466583
2021-04-16 09:30:44,2573.55,466615
2021-04-16 09:30:45,2573.45,466824
2021-04-16 09:30:46,2572.95,467046
2021-04-16 09:30:48,2572.65,467593
2021-04-16 09:30:49,2573.4,467823
2021-04-16 09:30:50,2572.95,467903
2021-04-16 09:30:51,2572.65,468280
2021-04-16 09:30:52,2572.0,468735
2021-04-16 09:30:53,2572.65,468876
2021-04-16 09:30:55,2572.2,469281
2021-04-16 09:30:56,2573.5,470198
2021-04-16 09:30:57,2573.55,470622
2021-04-16 09:30:58,2574.4,470931
2021-04-16 09:30:59,2573.55,470976
2021-04-16 09:31:00,2574.0,471043
2021-04-16 09:31:02,2574.5,471257
2021-04-16 09:31:03,2573.55,471781
2021-04-16 09:31:03,2574.0,471868
2021-04-16 09:31:04,2574.6,471874
2021-04-16 09:31:06,2574.95,472530
2021-04-16 09:31:07,2574.0,472541
2021-04-16 09:31:08,2575.0,473354
2021-04-16 09:31:09,2575.25,482367
2021-04-16 09:31:10,2575.55,483872
2021-04-16 09:31:11,2576.75,485584
2021-04-16 09:31:12,2576.9,485694
2021-04-16 09:31:13,2577.0,485895
2021-04-16 09:31:14,2576.05,486171
2021-04-16 09:31:15,2576.05,486226
2021-04-16 09:31:16,2575.6,486501
2021-04-16 09:31:17,2575.25,487398
2021-04-16 09:31:18,2576.05,487615
2021-04-16 09:31:19,2575.25,487817
2021-04-16 09:31:20,2575.95,488624
2021-04-16 09:31:22,2574.4,492137
2021-04-16 09:31:22,2572.4,492434
2021-04-16 09:31:23,2574.1,492484
2021-04-16 09:31:24,2573.8,492509
2021-04-16 09:31:25,2574.0,492676
2021-04-16 09:31:26,2573.8,492719
2021-04-16 09:31:27,2574.0,492744
2021-04-16 09:31:28,2573.8,492827
2021-04-16 09:31:29,2573.0,493137
2021-04-16 09:31:30,2573.25,493461
2021-04-16 09:31:31,2572.95,493867
2021-04-16 09:31:32,2573.1,493991
2021-04-16 09:31:34,2573.05,494048
2021-04-16 09:31:35,2573.1,494300
2021-04-16 09:31:36,2573.15,494322
2021-04-16 09:31:38,2573.15,494530
2021-04-16 09:31:38,2573.25,494556
2021-04-16 09:31:39,2573.1,494678
2021-04-16 09:31:40,2573.3,494743
2021-04-16 09:31:41,2573.15,494776
2021-04-16 09:31:42,2574.0,494812
2021-04-16 09:31:43,2572.3,495879
2021-04-16 09:31:44,2572.65,495983
2021-04-16 09:31:45,2572.65,496108
2021-04-16 09:31:46,2572.35,496153
2021-04-16 09:31:47,2572.65,496286
2021-04-16 09:31:48,2572.65,496945
2021-04-16 09:31:49,2572.2,497456
2021-04-16 09:31:50,2572.35,497810
2021-04-16 09:31:51,2573.05,497933
2021-04-16 09:31:52,2572.0,498383
2021-04-16 09:31:53,2573.0,498928
2021-04-16 09:31:54,2572.25,499058
2021-04-16 09:31:55,2572.9,499225
2021-04-16 09:31:56,2573.0,499655
2021-04-16 09:31:57,2572.65,499861
2021-04-16 09:31:58,2573.1,499879
2021-04-16 09:31:59,2572.65,500290
2021-04-16 09:32:00,2572.0,500834
2021-04-16 09:32:01,2572.0,500948
2021-04-16 09:32:02,2571.95,500973
2021-04-16 09:32:03,2571.3,500978
2021-04-16 09:32:04,2572.0,501012
2021-04-16 09:32:05,2572.1,501557
2021-04-16 09:32:06,2572.1,502165
2021-04-16 09:32:07,2573.0,502318
2021-04-16 09:32:09,2572.15,502392
2021-04-16 09:32:09,2573.0,502398
2021-04-16 09:32:10,2572.15,502472
2021-04-16 09:32:11,2572.15,502606
2021-04-16 09:32:12,2572.1,502955
2021-04-16 09:32:13,2572.1,503329
2021-04-16 09:32:14,2572.1,503630
2021-04-16 09:32:15,2572.0,503703
2021-04-16 09:32:16,2572.25,503707
2021-04-16 09:32:17,2572.25,503754
2021-04-16 09:32:18,2573.0,504033
2021-04-16 09:32:19,2572.0,504826
2021-04-16 09:32:20,2573.55,504897
2021-04-16 09:32:21,2573.9,504941
2021-04-16 09:32:23,2573.85,505369
2021-04-16 09:32:24,2573.6,505521
2021-04-16 09:32:25,2573.85,505605
2021-04-16 09:32:25,2574.9,505638
2021-04-16 09:32:26,2573.85,505781
2021-04-16 09:32:27,2575.0,506112
2021-04-16 09:32:28,2575.35,506602
2021-04-16 09:32:29,2575.35,506647
2021-04-16 09:32:31,2574.6,506689
2021-04-16 09:32:32,2574.6,506798
2021-04-16 09:32:33,2575.8,506916
2021-04-16 09:32:34,2575.0,506955
2021-04-16 09:32:35,2574.7,507059
2021-04-16 09:32:36,2575.65,507067
2021-04-16 09:32:37,2575.95,507315
2021-04-16 09:32:38,2576.3,507596
2021-04-16 09:32:39,2577.0,507806
2021-04-16 09:32:41,2576.85,508232
2021-04-16 09:32:42,2576.0,508866
2021-04-16 09:32:43,2576.25,509150
2021-04-16 09:32:44,2576.3,509280
2021-04-16 09:32:46,2576.65,509864
2021-04-16 09:32:47,2576.55,510136
2021-04-16 09:32:47,2576.6,510209
2021-04-16 09:32:48,2576.6,510223
2021-04-16 09:32:49,2577.0,510769
2021-04-16 09:32:51,2577.0,511086
2021-04-16 09:32:52,2577.0,511603
2021-04-16 09:32:53,2575.8,511986
2021-04-16 09:32:53,2576.0,512049
2021-04-16 09:32:54,2577.0,512364
2021-04-16 09:32:55,2576.35,512448
2021-04-16 09:32:56,2576.35,512785
2021-04-16 09:32:57,2576.35,512950
2021-04-16 09:32:58,2576.05,513587
2021-04-16 09:32:59,2576.05,513644
2021-04-16 09:33:01,2576.0,514200
2021-04-16 09:33:02,2576.35,514290
2021-04-16 09:33:02,2576.3,514280
2021-04-16 09:33:03,2575.2,514377
2021-04-16 09:33:04,2576.0,514440
2021-04-16 09:33:05,2576.25,514816
2021-04-16 09:33:06,2576.0,515193
2021-04-16 09:33:07,2576.0,515405
2021-04-16 09:33:09,2576.0,515519
2021-04-16 09:33:10,2575.25,515578
2021-04-16 09:33:12,2575.3,515856
2021-04-16 09:33:11,2576.0,515732
2021-04-16 09:33:13,2576.0,515864
2021-04-16 09:33:14,2575.45,515930
2021-04-16 09:33:15,2576.35,516904
2021-04-16 09:33:16,2575.75,517297
2021-04-16 09:33:17,2575.8,518183
2021-04-16 09:33:18,2576.3,518248
2021-04-16 09:33:19,2576.65,518407
2021-04-16 09:33:21,2575.85,518498
2021-04-16 09:33:22,2575.85,518543
2021-04-16 09:33:23,2575.85,518677
2021-04-16 09:33:25,2575.8,520201
2021-04-16 09:33:26,2575.25,520952
2021-04-16 09:33:27,2574.75,522091
2021-04-16 09:33:28,2574.55,522406
2021-04-16 09:33:29,2575.2,522512
2021-04-16 09:33:30,2574.9,522681
2021-04-16 09:33:31,2574.6,522741
2021-04-16 09:33:31,2574.6,522755
2021-04-16 09:33:32,2574.65,524044
2021-04-16 09:33:33,2574.95,524389
2021-04-16 09:33:35,2575.0,524921
2021-04-16 09:33:37,2576.25,525403
2021-04-16 09:33:38,2576.5,525438
2021-04-16 09:33:39,2576.5,525456
2021-04-16 09:33:39,2575.65,525468
2021-04-16 09:33:40,2575.65,525796
2021-04-16 09:33:42,2576.95,526109
2021-04-16 09:33:48,2576.45,526542
2021-04-16 09:33:50,2576.0,526862
2021-04-16 09:33:51,2576.45,526897
2021-04-16 09:33:52,2576.45,527142
2021-04-16 09:33:52,2576.5,527158
2021-04-16 09:33:53,2576.1,527299
2021-04-16 09:33:54,2576.65,527306
2021-04-16 09:33:56,2576.9,527462
2021-04-16 09:33:57,2576.5,527533
2021-04-16 09:33:58,2576.45,527746
2021-04-16 09:34:00,2576.9,527815
2021-04-16 09:34:01,2576.9,528118
2021-04-16 09:34:01,2576.9,528012
2021-04-16 09:34:02,2576.55,528286
2021-04-16 09:34:03,2576.9,528337
2021-04-16 09:34:04,2576.9,528346
2021-04-16 09:34:05,2577.35,530017
2021-04-16 09:34:06,2576.9,530297
2021-04-16 09:34:08,2575.6,532884
2021-04-16 09:34:09,2576.0,532933
2021-04-16 09:34:10,2576.75,533216
2021-04-16 09:34:12,2575.85,533747
2021-04-16 09:34:13,2575.9,533817
2021-04-16 09:34:14,2576.0,533877
2021-04-16 09:34:15,2576.05,534299
2021-04-16 09:34:16,2576.45,534467
2021-04-16 09:34:17,2576.45,534709
2021-04-16 09:34:17,2576.85,534810
2021-04-16 09:34:18,2576.7,534858
2021-04-16 09:34:19,2576.35,534863
2021-04-16 09:34:20,2576.85,534979
2021-04-16 09:34:21,2577.75,535145
2021-04-16 09:34:22,2577.95,535346
2021-04-16 09:34:25,2576.85,536266
2021-04-16 09:34:26,2576.35,536775
2021-04-16 09:34:27,2576.5,536838
2021-04-16 09:34:28,2577.3,536848
2021-04-16 09:34:29,2577.65,536869
2021-04-16 09:34:30,2576.85,536889
2021-04-16 09:34:31,2577.8,536940
2021-04-16 09:34:32,2576.4,538555
2021-04-16 09:34:33,2577.1,538725
2021-04-16 09:34:33,2576.4,538636
2021-04-16 09:34:34,2577.1,539096
2021-04-16 09:34:35,2576.5,539129
2021-04-16 09:34:36,2576.55,539198
2021-04-16 09:34:38,2577.5,539501
2021-04-16 09:34:39,2577.55,539823
2021-04-16 09:34:40,2576.6,539892
2021-04-16 09:34:41,2576.65,539948
2021-04-16 09:34:42,2577.45,539952
2021-04-16 09:34:43,2576.65,540045
2021-04-16 09:34:43,2576.65,540045
2021-04-16 09:34:44,2577.0,540088
2021-04-16 09:34:45,2576.6,540296
2021-04-16 09:34:46,2576.65,540611
2021-04-16 09:34:47,2576.55,540629
2021-04-16 09:34:48,2576.65,540734
2021-04-16 09:34:50,2576.65,540789
2021-04-16 09:34:51,2576.65,541263
2021-04-16 09:34:52,2576.7,541374
2021-04-16 09:34:53,2576.55,541743
2021-04-16 09:34:53,2577.4,541858
2021-04-16 09:34:54,2577.25,541877
2021-04-16 09:34:55,2576.6,541925
2021-04-16 09:34:56,2576.55,542601
2021-04-16 09:34:57,2576.5,543461
2021-04-16 09:34:59,2576.55,543585
2021-04-16 09:35:00,2576.45,543954
2021-04-16 09:35:01,2576.45,544314
2021-04-16 09:35:02,2576.5,544329
2021-04-16 09:35:03,2576.5,544458
2021-04-16 09:35:03,2575.9,545456
2021-04-16 09:35:04,2575.8,545737
2021-04-16 09:35:05,2576.4,545755
2021-04-16 09:35:06,2575.9,545808
2021-04-16 09:35:07,2575.9,545813
2021-04-16 09:35:08,2575.9,545838
2021-04-16 09:35:10,2575.9,545889
2021-04-16 09:35:11,2575.95,545982
2021-04-16 09:35:12,2575.95,546019
2021-04-16 09:35:13,2575.95,546045
2021-04-16 09:35:14,2575.95,546361
2021-04-16 09:35:14,2575.95,546765
2021-04-16 09:35:15,2576.0,547079
2021-04-16 09:35:17,2576.1,547385
2021-04-16 09:35:18,2575.75,548642
2021-04-16 09:35:19,2575.0,550475
2021-04-16 09:35:20,2575.65,550690
2021-04-16 09:35:21,2576.3,550714
2021-04-16 09:35:21,2575.65,550735
2021-04-16 09:35:22,2575.7,550880
2021-04-16 09:35:23,2576.0,550999
2021-04-16 09:35:24,2576.9,551520
2021-04-16 09:35:26,2576.9,551867
2021-04-16 09:35:27,2576.9,551888
2021-04-16 09:35:28,2576.9,551930
2021-04-16 09:35:30,2576.15,552190
2021-04-16 09:35:31,2576.2,552200
2021-04-16 09:35:32,2576.2,552452
2021-04-16 09:35:33,2576.9,552488
2021-04-16 09:35:34,2576.4,552494
2021-04-16 09:35:35,2576.9,552522
2021-04-16 09:35:36,2576.9,552631
2021-04-16 09:35:38,2576.9,552651
2021-04-16 09:35:39,2576.9,552880
2021-04-16 09:35:40,2576.5,552925
2021-04-16 09:35:41,2576.5,552996
2021-04-16 09:35:42,2576.5,553304
2021-04-16 09:35:42,2577.0,553324
2021-04-16 09:35:43,2577.0,553339
2021-04-16 09:35:44,2576.95,553461
2021-04-16 09:35:46,2576.0,554605
2021-04-16 09:35:47,2576.55,554781
2021-04-16 09:35:48,2576.55,554914
2021-04-16 09:35:49,2576.5,554975
2021-04-16 09:35:50,2576.05,554986
2021-04-16 09:35:51,2576.1,554990
2021-04-16 09:35:52,2575.0,556364
2021-04-16 09:35:52,2575.0,556364
2021-04-16 09:35:54,2575.0,556665
2021-04-16 09:35:55,2575.1,556847
2021-04-16 09:35:56,2575.9,556857
2021-04-16 09:35:58,2575.2,557063
2021-04-16 09:35:58,2576.0,557114
2021-04-16 09:35:59,2575.15,557141
2021-04-16 09:36:01,2575.85,557707
2021-04-16 09:36:02,2575.0,558152
2021-04-16 09:36:03,2575.05,558174
2021-04-16 09:36:03,2575.05,558174
2021-04-16 09:36:04,2575.05,558505
2021-04-16 09:36:05,2574.9,560035
2021-04-16 09:36:06,2574.9,560138
2021-04-16 09:36:07,2574.45,560233
2021-04-16 09:36:09,2574.45,561565
2021-04-16 09:36:10,2573.1,562323
2021-04-16 09:36:11,2571.0,563246
2021-04-16 09:36:12,2571.3,563586
2021-04-16 09:36:12,2571.3,563586
2021-04-16 09:36:13,2571.45,564157
2021-04-16 09:36:14,2572.35,564305
2021-04-16 09:36:15,2571.2,564527
2021-04-16 09:36:16,2571.2,564547
2021-04-16 09:36:17,2571.3,564559
2021-04-16 09:36:18,2571.4,564715
2021-04-16 09:36:20,2571.6,565224
2021-04-16 09:36:21,2571.3,565666
2021-04-16 09:36:22,2572.75,565972
2021-04-16 09:36:23,2571.35,566168
2021-04-16 09:36:24,2572.85,566358
2021-04-16 09:36:24,2571.95,566286
2021-04-16 09:36:25,2573.9,566469
2021-04-16 09:36:27,2574.0,566520
2021-04-16 09:36:28,2574.0,566521
2021-04-16 09:36:29,2573.0,566571
2021-04-16 09:36:30,2573.0,566571
2021-04-16 09:36:30,2573.0,566571
2021-04-16 09:36:31,2574.0,566675
2021-04-16 09:36:32,2574.0,566675
2021-04-16 09:36:33,2573.85,566729
2021-04-16 09:36:34,2573.85,567230
2021-04-16 09:36:36,2574.0,567318
2021-04-16 09:36:37,2574.35,567498
2021-04-16 09:36:38,2573.95,567523
2021-04-16 09:36:38,2573.95,567523
2021-04-16 09:36:39,2573.95,567588
2021-04-16 09:36:40,2573.85,567892
2021-04-16 09:36:41,2574.1,568937
2021-04-16 09:36:42,2573.65,569054
2021-04-16 09:36:43,2573.35,569159
2021-04-16 09:36:45,2573.35,569159
2021-04-16 09:36:46,2573.35,569159
2021-04-16 09:36:48,2573.75,569195
2021-04-16 09:36:49,2573.95,569215
2021-04-16 09:36:50,2573.95,569215
2021-04-16 09:36:51,2573.75,569228
2021-04-16 09:36:52,2573.75,569252
2021-04-16 09:36:52,2573.75,569252
2021-04-16 09:36:54,2574.2,569352
2021-04-16 09:36:55,2574.2,569352
2021-04-16 09:36:56,2573.75,569452
2021-04-16 09:36:57,2573.75,569764
2021-04-16 09:36:57,2573.75,569765
2021-04-16 09:36:58,2572.9,570656
2021-04-16 09:37:00,2571.95,570957
2021-04-16 09:37:01,2571.95,570962
2021-04-16 09:37:02,2571.95,570991
2021-04-16 09:37:03,2571.95,571076
2021-04-16 09:37:04,2571.95,571076
2021-04-16 09:37:05,2572.3,571122
2021-04-16 09:37:05,2572.3,571122
2021-04-16 09:37:07,2572.3,571227
2021-04-16 09:37:08,2572.3,571576
2021-04-16 09:37:09,2572.3,571576
2021-04-16 09:37:10,2572.35,571713
2021-04-16 09:37:11,2573.3,571812
2021-04-16 09:37:12,2573.3,571812
2021-04-16 09:37:12,2573.3,571812
2021-04-16 09:37:14,2572.35,572249
2021-04-16 09:37:15,2572.4,572254
2021-04-16 09:37:16,2572.65,572300
2021-04-16 09:37:17,2573.0,572323
2021-04-16 09:37:18,2573.0,572345
2021-04-16 09:37:19,2573.3,572472
2021-04-16 09:37:20,2573.3,572670
2021-04-16 09:37:21,2573.3,572677
2021-04-16 09:37:22,2573.3,572677
2021-04-16 09:37:23,2574.0,573171
2021-04-16 09:37:24,2573.85,573265
2021-04-16 09:37:24,2573.85,573265
2021-04-16 09:37:25,2574.0,573410
2021-04-16 09:37:27,2575.0,573565
2021-04-16 09:37:28,2574.15,573576
2021-04-16 09:37:29,2574.15,573704
2021-04-16 09:37:30,2575.0,573708
2021-04-16 09:37:31,2574.15,574087
2021-04-16 09:37:31,2574.0,574287
2021-04-16 09:37:33,2572.85,574657
2021-04-16 09:37:33,2572.85,574657
2021-04-16 09:37:35,2573.45,574769
2021-04-16 09:37:36,2574.15,574844
2021-04-16 09:37:37,2573.55,574932
2021-04-16 09:37:38,2574.55,574948
2021-04-16 09:37:38,2574.55,574948
2021-04-16 09:37:40,2574.55,574948
2021-04-16 09:37:41,2574.0,574950
2021-04-16 09:37:42,2573.6,574983
2021-04-16 09:37:43,2573.6,574988
2021-04-16 09:37:44,2573.6,575138
2021-04-16 09:37:45,2573.6,575138
2021-04-16 09:37:46,2573.6,575515
2021-04-16 09:37:47,2573.6,575515
2021-04-16 09:37:48,2574.3,575565
2021-04-16 09:37:49,2573.65,575570
2021-04-16 09:37:50,2574.3,575575
2021-04-16 09:37:50,2574.3,575575
2021-04-16 09:37:51,2574.15,575585
2021-04-16 09:37:52,2574.15,575632
2021-04-16 09:37:53,2574.15,575658
2021-04-16 09:37:55,2574.35,575719
2021-04-16 09:37:56,2574.15,575720
2021-04-16 09:37:57,2574.7,575770
2021-04-16 09:37:58,2574.7,576034
2021-04-16 09:37:59,2574.85,576186
2021-04-16 09:38:00,2574.7,576599
2021-04-16 09:38:01,2574.7,576847
2021-04-16 09:38:02,2574.5,577042
2021-04-16 09:38:02,2574.5,577042
2021-04-16 09:38:03,2574.5,577067
2021-04-16 09:38:04,2574.5,577067
2021-04-16 09:38:06,2574.55,577068
2021-04-16 09:38:07,2574.7,577099
2021-04-16 09:38:08,2574.7,577099
2021-04-16 09:38:09,2574.6,577869
2021-04-16 09:38:10,2574.85,577894
2021-04-16 09:38:11,2574.95,578039
2021-04-16 09:38:12,2574.6,578089
2021-04-16 09:38:13,2574.5,578439
2021-04-16 09:38:14,2573.75,578999
2021-04-16 09:38:15,2573.15,579058
2021-04-16 09:38:16,2573.15,579059
2021-04-16 09:38:17,2573.15,579071
2021-04-16 09:38:17,2573.15,579071
2021-04-16 09:38:18,2573.15,579071
2021-04-16 09:38:20,2573.15,579488
2021-04-16 09:38:21,2573.8,579519
2021-04-16 09:38:22,2573.95,579724
2021-04-16 09:38:23,2573.9,579797
2021-04-16 09:38:24,2573.15,579799
2021-04-16 09:38:25,2573.15,579810
2021-04-16 09:38:26,2573.15,579843
2021-04-16 09:38:27,2572.7,581621
2021-04-16 09:38:28,2572.1,581947
2021-04-16 09:38:29,2572.1,582647
2021-04-16 09:38:31,2572.1,582647
2021-04-16 09:38:31,2572.1,582647
2021-04-16 09:38:32,2572.25,582653
2021-04-16 09:38:34,2572.25,582660
2021-04-16 09:38:35,2572.25,582970
2021-04-16 09:38:36,2573.0,582982
2021-04-16 09:38:37,2572.1,583372
2021-04-16 09:38:38,2572.25,583393
2021-04-16 09:38:40,2573.35,584167
2021-04-16 09:38:40,2573.35,584167
2021-04-16 09:38:41,2573.05,584173
2021-04-16 09:38:43,2573.4,584242
2021-04-16 09:38:44,2573.2,584267
2021-04-16 09:38:45,2573.2,584577
2021-04-16 09:38:46,2573.2,584602
2021-04-16 09:38:47,2573.2,584603
2021-04-16 09:38:48,2573.2,584653
2021-04-16 09:38:49,2573.2,584704
2021-04-16 09:38:50,2573.2,584869
2021-04-16 09:38:51,2573.2,584883
2021-04-16 09:38:52,2574.0,584908
2021-04-16 09:38:53,2573.2,584919
2021-04-16 09:38:54,2573.95,584920
2021-04-16 09:38:55,2573.95,584944
2021-04-16 09:38:56,2573.95,585957
2021-04-16 09:38:57,2574.4,586037
2021-04-16 09:38:58,2574.6,586277
2021-04-16 09:38:59,2574.95,586279
2021-04-16 09:39:00,2574.95,586365
2021-04-16 09:39:01,2574.2,586390
2021-04-16 09:39:02,2574.95,586523
2021-04-16 09:39:03,2574.95,586530
2021-04-16 09:39:04,2574.25,586539
2021-04-16 09:39:05,2574.25,586539
2021-04-16 09:39:06,2574.95,586559
2021-04-16 09:39:07,2574.25,586609
2021-04-16 09:39:08,2574.25,586704
2021-04-16 09:39:09,2574.25,586754
2021-04-16 09:39:10,2574.25,586754
2021-04-16 09:39:11,2574.45,586789
2021-04-16 09:39:12,2574.3,588784
2021-04-16 09:39:13,2574.3,588784
2021-04-16 09:39:14,2574.2,588803
2021-04-16 09:39:15,2573.3,589807
2021-04-16 09:39:16,2572.0,590270
2021-04-16 09:39:17,2572.35,590292
2021-04-16 09:39:18,2572.0,590309
2021-04-16 09:39:19,2572.0,590309
2021-04-16 09:39:20,2572.0,590314
2021-04-16 09:39:21,2572.0,590314
2021-04-16 09:39:22,2572.8,590356
2021-04-16 09:39:23,2572.15,590436
2021-04-16 09:39:24,2572.9,590444
2021-04-16 09:39:25,2573.05,590448
2021-04-16 09:39:26,2572.2,590493
2021-04-16 09:39:27,2572.2,590504
2021-04-16 09:39:28,2572.2,590534
2021-04-16 09:39:29,2572.2,590834
2021-04-16 09:39:30,2572.45,590847
2021-04-16 09:39:31,2572.1,590984
2021-04-16 09:39:32,2572.45,590991
2021-04-16 09:39:33,2572.45,591117
2021-04-16 09:39:34,2572.45,591123
2021-04-16 09:39:35,2572.45,591131
2021-04-16 09:39:36,2572.45,591131
2021-04-16 09:39:37,2572.45,591135
2021-04-16 09:39:38,2572.45,591139
2021-04-16 09:39:39,2572.7,591141
2021-04-16 09:39:40,2572.7,591141
2021-04-16 09:39:41,2572.7,591141
2021-04-16 09:39:42,2572.7,591141
2021-04-16 09:39:43,2572.7,591141
2021-04-16 09:39:44,2572.7,591169
2021-04-16 09:39:45,2572.7,591487
2021-04-16 09:39:46,2572.45,591527
2021-04-16 09:39:47,2572.45,591830
2021-04-16 09:39:49,2572.45,592214
2021-04-16 09:39:50,2572.8,592365
2021-04-16 09:39:51,2572.2,592500
2021-04-16 09:39:53,2572.2,592827
2021-04-16 09:39:52,2572.2,592827
2021-04-16 09:39:54,2572.25,592837
2021-04-16 09:39:55,2572.25,592892
2021-04-16 09:39:57,2572.25,592941
2021-04-16 09:39:59,2572.15,593482
2021-04-16 09:39:58,2572.25,593481
2021-04-16 09:40:00,2572.15,593482
2021-04-16 09:40:01,2572.1,593508
2021-04-16 09:40:02,2572.55,593558
2021-04-16 09:40:03,2572.25,593559
2021-04-16 09:40:04,2572.25,596863
2021-04-16 09:40:06,2571.7,596873
2021-04-16 09:40:07,2571.7,596927
2021-04-16 09:40:08,2571.7,596927
2021-04-16 09:40:09,2572.55,597189
2021-04-16 09:40:10,2572.0,597197
2021-04-16 09:40:11,2571.7,597212
2021-04-16 09:40:12,2572.0,597216
2021-04-16 09:40:13,2571.7,597526
2021-04-16 09:40:14,2571.7,597576
2021-04-16 09:40:15,2571.7,597598
2021-04-16 09:40:16,2571.7,598057
2021-04-16 09:40:17,2571.7,598057
2021-04-16 09:40:18,2571.75,598073
2021-04-16 09:40:19,2571.75,598083
2021-04-16 09:40:20,2571.7,598642
2021-04-16 09:40:21,2571.25,599064
2021-04-16 09:40:22,2570.0,601894
2021-04-16 09:40:23,2570.9,601949
2021-04-16 09:40:25,2570.5,602004
2021-04-16 09:40:24,2570.5,601994
2021-04-16 09:40:26,2570.85,602079
2021-04-16 09:40:27,2571.0,602140
2021-04-16 09:40:28,2570.5,602144
2021-04-16 09:40:29,2570.5,602179
2021-04-16 09:40:30,2571.0,602370
2021-04-16 09:40:31,2570.5,602380
2021-04-16 09:40:32,2571.0,602629
2021-04-16 09:40:33,2570.75,602784
2021-04-16 09:40:34,2571.0,602785
2021-04-16 09:40:35,2571.0,602785
2021-04-16 09:40:36,2570.8,602864
2021-04-16 09:40:37,2570.75,603222
2021-04-16 09:40:38,2571.2,603321
2021-04-16 09:40:39,2571.0,603542
2021-04-16 09:40:40,2571.0,603616
2021-04-16 09:40:41,2571.15,603641
2021-04-16 09:40:42,2571.2,603643
2021-04-16 09:40:43,2571.6,603669
2021-04-16 09:40:44,2571.15,603747
2021-04-16 09:40:45,2571.15,603747
2021-04-16 09:40:46,2571.15,603877
2021-04-16 09:40:47,2571.15,603878
2021-04-16 09:40:48,2571.15,604228
2021-04-16 09:40:49,2571.6,604424
2021-04-16 09:40:50,2571.5,604535
2021-04-16 09:40:51,2571.0,604571
2021-04-16 09:40:53,2571.0,604698
2021-04-16 09:40:54,2571.0,605748
2021-04-16 09:40:55,2570.9,605823
2021-04-16 09:40:55,2571.35,605824
2021-04-16 09:40:56,2571.35,605836
2021-04-16 09:40:57,2571.7,606186
2021-04-16 09:40:58,2571.7,606186
2021-04-16 09:40:59,2571.7,606189
2021-04-16 09:41:00,2571.15,606329
2021-04-16 09:41:01,2571.15,606394
2021-04-16 09:41:02,2571.15,606444
2021-04-16 09:41:04,2571.15,606444
2021-04-16 09:41:04,2571.15,606582
2021-04-16 09:41:06,2571.15,606584
2021-04-16 09:41:06,2571.15,606584
2021-04-16 09:41:09,2572.0,608481
2021-04-16 09:41:10,2571.9,608492
2021-04-16 09:41:11,2571.9,608493
2021-04-16 09:41:12,2573.25,609435
2021-04-16 09:41:13,2573.5,609535
2021-04-16 09:41:14,2572.95,609610
2021-04-16 09:41:15,2572.75,609757
2021-04-16 09:41:16,2572.9,609809
2021-04-16 09:41:17,2572.9,609811
2021-04-16 09:41:19,2572.9,609811
2021-04-16 09:41:19,2573.1,609821
2021-04-16 09:41:20,2573.1,609823
2021-04-16 09:41:21,2573.1,609824
2021-04-16 09:41:22,2573.1,609953
2021-04-16 09:41:23,2574.0,610053
2021-04-16 09:41:24,2574.0,610083
2021-04-16 09:41:25,2574.0,610083
2021-04-16 09:41:26,2574.0,610095
2021-04-16 09:41:27,2574.0,610345
2021-04-16 09:41:28,2573.1,610399
2021-04-16 09:41:29,2573.1,610429
2021-04-16 09:41:31,2573.95,610466
2021-04-16 09:41:31,2573.95,610467
2021-04-16 09:41:32,2573.95,610467
2021-04-16 09:41:33,2573.1,610517
2021-04-16 09:41:34,2573.8,610528
2021-04-16 09:41:35,2573.1,610530
2021-04-16 09:41:37,2573.8,610534
2021-04-16 09:41:37,2573.8,610534
2021-04-16 09:41:38,2573.15,610603
2021-04-16 09:41:39,2573.15,610658
2021-04-16 09:41:40,2573.15,610658
2021-04-16 09:41:42,2573.15,610767
2021-04-16 09:41:42,2573.15,610767
2021-04-16 09:41:43,2573.2,610769
2021-04-16 09:41:44,2573.8,610830
2021-04-16 09:41:45,2573.8,610862
2021-04-16 09:41:47,2573.5,610914
2021-04-16 09:41:48,2573.5,610929
2021-04-16 09:41:49,2573.8,611058
2021-04-16 09:41:50,2574.9,612841
2021-04-16 09:41:51,2574.0,612842
2021-04-16 09:41:53,2574.0,612976
2021-04-16 09:41:53,2574.0,613276
2021-04-16 09:41:54,2574.0,613382
2021-04-16 09:41:55,2574.75,613732
2021-04-16 09:41:56,2574.75,614477
2021-04-16 09:41:57,2574.05,614503
2021-04-16 09:41:59,2574.05,614715
2021-04-16 09:41:59,2574.05,614715
2021-04-16 09:42:00,2574.8,614763
2021-04-16 09:42:01,2574.95,614795
2021-04-16 09:42:02,2574.15,614900
2021-04-16 09:42:04,2574.05,616086
2021-04-16 09:42:04,2574.05,616086
2021-04-16 09:42:05,2574.1,616134
2021-04-16 09:42:06,2574.05,616136
2021-04-16 09:42:07,2574.1,616668
2021-04-16 09:42:08,2574.1,616699
2021-04-16 09:42:09,2574.9,616726
2021-04-16 09:42:11,2574.1,617056
2021-04-16 09:42:11,2574.1,617056
2021-04-16 09:42:12,2574.1,617075
2021-04-16 09:42:13,2574.1,617105
2021-04-16 09:42:14,2574.85,617616
2021-04-16 09:42:15,2574.85,617616
2021-04-16 09:42:17,2574.1,617697
2021-04-16 09:42:17,2574.1,617697
2021-04-16 09:42:18,2574.6,617706
2021-04-16 09:42:19,2574.1,617768
2021-04-16 09:42:20,2574.1,618188
2021-04-16 09:42:22,2572.65,618963
2021-04-16 09:42:23,2572.65,618963
2021-04-16 09:42:24,2572.65,618963
2021-04-16 09:42:25,2572.7,619093
2021-04-16 09:42:27,2572.7,619097
2021-04-16 09:42:27,2572.7,619097
2021-04-16 09:42:28,2572.7,619115
2021-04-16 09:42:29,2572.7,619167
2021-04-16 09:42:30,2572.7,619167
2021-04-16 09:42:31,2572.7,619183
2021-04-16 09:42:32,2572.7,619213
2021-04-16 09:42:33,2572.1,619534
2021-04-16 09:42:35,2571.7,619656
2021-04-16 09:42:37,2571.7,619661
2021-04-16 09:42:37,2571.2,619711
2021-04-16 09:42:38,2571.2,619717
2021-04-16 09:42:39,2571.45,619752
2021-04-16 09:42:40,2571.0,619789
2021-04-16 09:42:41,2571.0,619799
2021-04-16 09:42:42,2571.55,619882
2021-04-16 09:42:44,2571.0,619916
2021-04-16 09:42:44,2571.0,619916
2021-04-16 09:42:45,2571.55,619977
2021-04-16 09:42:46,2571.55,619983
2021-04-16 09:42:47,2571.55,620183
2021-04-16 09:42:49,2570.4,620485
2021-04-16 09:42:49,2570.4,620485
2021-04-16 09:42:50,2570.3,620702
2021-04-16 09:42:51,2570.3,620702
2021-04-16 09:42:52,2570.55,620709
2021-04-16 09:42:53,2570.55,620710
2021-04-16 09:42:55,2571.6,620720
2021-04-16 09:42:55,2571.6,620720
2021-04-16 09:42:56,2571.0,620754
2021-04-16 09:42:57,2571.0,620764
2021-04-16 09:42:58,2571.7,620873
2021-04-16 09:43:00,2571.0,620899
2021-04-16 09:43:00,2571.7,620907
2021-04-16 09:43:01,2570.1,622496
2021-04-16 09:43:02,2570.25,623605
2021-04-16 09:43:04,2569.45,623609
2021-04-16 09:43:05,2570.7,623745
2021-04-16 09:43:05,2570.7,623745
2021-04-16 09:43:06,2570.7,623745
2021-04-16 09:43:07,2569.75,624148
2021-04-16 09:43:09,2569.75,624148
2021-04-16 09:43:10,2570.4,624171
2021-04-16 09:43:10,2570.4,624171
2021-04-16 09:43:11,2570.4,624221
2021-04-16 09:43:12,2570.4,624267
2021-04-16 09:43:14,2570.9,624499
2021-04-16 09:43:15,2570.4,624624
2021-04-16 09:43:16,2570.4,624664
2021-04-16 09:43:17,2570.85,624679
2021-04-16 09:43:18,2570.85,624980
2021-04-16 09:43:19,2570.85,624981
2021-04-16 09:43:21,2570.95,625101
2021-04-16 09:43:22,2570.85,625146
2021-04-16 09:43:23,2570.4,625156
2021-04-16 09:43:23,2570.4,625166
2021-04-16 09:43:24,2571.0,625370
2021-04-16 09:43:25,2570.4,625396
2021-04-16 09:43:27,2570.6,625417
2021-04-16 09:43:28,2570.85,625670
2021-04-16 09:43:29,2571.0,625957
2021-04-16 09:43:30,2571.0,625957
2021-04-16 09:43:31,2570.85,625977
2021-04-16 09:43:31,2570.85,625977
2021-04-16 09:43:32,2570.85,626017
2021-04-16 09:43:33,2571.0,626037
2021-04-16 09:43:35,2571.0,626039
2021-04-16 09:43:36,2572.0,627557
2021-04-16 09:43:36,2570.85,626057
2021-04-16 09:43:37,2572.2,627638
2021-04-16 09:43:38,2571.05,627841
2021-04-16 09:43:40,2571.25,627843
2021-04-16 09:43:41,2571.25,627851
2021-04-16 09:43:41,2571.25,627851
2021-04-16 09:43:42,2572.0,627856
2021-04-16 09:43:43,2572.0,627868
2021-04-16 09:43:44,2571.25,627988
2021-04-16 09:43:46,2572.2,628188
2021-04-16 09:43:47,2571.25,628193
2021-04-16 09:43:48,2572.4,628272
2021-04-16 09:43:48,2572.4,628272
2021-04-16 09:43:49,2572.9,628372
2021-04-16 09:43:50,2572.5,628423
2021-04-16 09:43:52,2572.5,628590
2021-04-16 09:43:53,2572.9,628801
2021-04-16 09:43:54,2572.9,628801
2021-04-16 09:43:55,2572.9,628801
2021-04-16 09:43:56,2572.5,628851
2021-04-16 09:43:57,2572.8,628867
2021-04-16 09:43:58,2572.9,628917
2021-04-16 09:43:59,2572.9,628938
2021-04-16 09:44:01,2572.9,628990
2021-04-16 09:44:02,2572.6,629140
2021-04-16 09:44:02,2572.9,629190
2021-04-16 09:44:03,2572.6,629207
2021-04-16 09:44:04,2572.6,629207
2021-04-16 09:44:05,2572.9,629208
2021-04-16 09:44:07,2572.9,629208
2021-04-16 09:44:08,2572.9,629241
2021-04-16 09:44:08,2572.9,629241
2021-04-16 09:44:09,2572.85,629309
2021-04-16 09:44:10,2572.85,629359
2021-04-16 09:44:12,2572.85,629687
2021-04-16 09:44:13,2572.9,629797
2021-04-16 09:44:13,2572.9,629797
2021-04-16 09:44:14,2572.75,630218
2021-04-16 09:44:15,2572.75,630218
2021-04-16 09:44:16,2572.75,630218
2021-04-16 09:44:18,2572.75,630218
2021-04-16 09:44:19,2572.75,630218
2021-04-16 09:44:19,2572.75,630218
2021-04-16 09:44:20,2572.8,630233
2021-04-16 09:44:21,2572.5,631621
2021-04-16 09:44:22,2572.8,631691
2021-04-16 09:44:24,2572.65,631886
2021-04-16 09:44:25,2572.65,631909
2021-04-16 09:44:26,2572.65,631925
2021-04-16 09:44:27,2572.0,631935
2021-04-16 09:44:28,2572.0,631955
2021-04-16 09:44:29,2572.0,631985
2021-04-16 09:44:30,2572.55,632304
2021-04-16 09:44:31,2572.6,632333
2021-04-16 09:44:33,2572.6,632333
2021-04-16 09:44:34,2572.0,632348
2021-04-16 09:44:34,2572.0,632348
2021-04-16 09:44:35,2572.35,632383
2021-04-16 09:44:36,2572.0,632388
2021-04-16 09:44:37,2572.05,632394
2021-04-16 09:44:38,2571.55,632757
2021-04-16 09:44:39,2571.25,632771
2021-04-16 09:44:41,2571.25,632771
2021-04-16 09:44:42,2571.25,632771
2021-04-16 09:44:42,2571.25,632771
2021-04-16 09:44:43,2571.95,632781
2021-04-16 09:44:44,2571.3,632801
2021-04-16 09:44:46,2571.3,632992
2021-04-16 09:44:47,2571.3,633028
2021-04-16 09:44:48,2572.0,633080
2021-04-16 09:44:48,2572.15,633078
2021-04-16 09:44:49,2571.3,633085
2021-04-16 09:44:52,2571.3,633420
2021-04-16 09:44:53,2571.3,633427
2021-04-16 09:44:54,2571.3,633427
2021-04-16 09:44:54,2571.3,633427
2021-04-16 09:44:55,2571.8,633498
2021-04-16 09:44:56,2571.85,633516
2021-04-16 09:44:58,2571.3,633526
2021-04-16 09:44:59,2571.3,633534
2021-04-16 09:44:59,2571.3,633535
2021-04-16 09:45:00,2571.3,633588
2021-04-16 09:45:01,2571.3,633650
2021-04-16 09:45:03,2571.3,633650
2021-04-16 09:45:04,2571.3,633650
2021-04-16 09:45:04,2571.3,633650
2021-04-16 09:45:05,2571.3,633663
2021-04-16 09:45:06,2571.7,633683
2021-04-16 09:45:07,2571.7,633779
2021-04-16 09:45:08,2571.65,633888
2021-04-16 09:45:10,2571.65,633905
2021-04-16 09:45:11,2571.35,633932
2021-04-16 09:45:11,2571.35,633932
2021-04-16 09:45:12,2571.65,633954
2021-04-16 09:45:14,2571.65,633984
2021-04-16 09:45:15,2571.65,633985
2021-04-16 09:45:16,2571.65,634178
2021-04-16 09:45:17,2572.0,634342
2021-04-16 09:45:17,2572.0,634315
2021-04-16 09:45:18,2572.05,634571
2021-04-16 09:45:20,2572.75,634726
2021-04-16 09:45:21,2572.95,634861
2021-04-16 09:45:22,2573.0,634943
2021-04-16 09:45:23,2573.0,634954
2021-04-16 09:45:24,2573.0,634954
2021-04-16 09:45:24,2573.0,634954
2021-04-16 09:45:25,2573.5,634961
2021-04-16 09:45:27,2573.5,635032
2021-04-16 09:45:28,2574.0,635222
2021-04-16 09:45:29,2573.55,635225
2021-04-16 09:45:30,2574.0,635276
2021-04-16 09:45:31,2574.0,635407
2021-04-16 09:45:31,2574.0,635407
2021-04-16 09:45:33,2573.5,635697
2021-04-16 09:45:34,2573.55,635718
2021-04-16 09:45:35,2574.0,635949
2021-04-16 09:45:36,2573.55,635989
2021-04-16 09:45:36,2574.0,635949
2021-04-16 09:45:37,2574.0,636011
2021-04-16 09:45:39,2574.0,636011
2021-04-16 09:45:40,2573.55,636842
2021-04-16 09:45:41,2573.6,636898
2021-04-16 09:45:41,2573.6,636898
2021-04-16 09:45:42,2573.6,636939
2021-04-16 09:45:44,2574.0,636990
2021-04-16 09:45:45,2574.0,637419
2021-04-16 09:45:46,2573.7,637428
2021-04-16 09:45:47,2573.7,637428
2021-04-16 09:45:48,2574.95,638643
2021-04-16 09:45:50,2574.95,638645
2021-04-16 09:45:52,2576.0,644906
2021-04-16 09:45:53,2576.0,645062
2021-04-16 09:45:53,2575.3,645066
2021-04-16 09:45:54,2575.35,645372
2021-04-16 09:45:55,2575.35,646377
2021-04-16 09:45:56,2575.35,646407
2021-04-16 09:45:58,2575.7,646824
2021-04-16 09:45:59,2575.7,647339
2021-04-16 09:46:00,2575.05,648301
2021-04-16 09:46:01,2574.75,648728
2021-04-16 09:46:03,2575.35,648931
2021-04-16 09:46:04,2575.35,648941
2021-04-16 09:46:05,2574.5,649009
2021-04-16 09:46:06,2575.35,649319
2021-04-16 09:46:06,2575.35,649319
2021-04-16 09:46:07,2574.55,649324
2021-04-16 09:46:08,2574.55,649376
2021-04-16 09:46:10,2574.8,649379
2021-04-16 09:46:11,2574.6,649775
2021-04-16 09:46:12,2574.55,650948
2021-04-16 09:46:12,2575.0,650966
2021-04-16 09:46:13,2574.55,650976
2021-04-16 09:46:15,2575.0,651267
2021-04-16 09:46:16,2575.0,651367
2021-04-16 09:46:17,2574.95,651868
2021-04-16 09:46:18,2574.8,652067
2021-04-16 09:46:18,2574.95,652072
2021-04-16 09:46:19,2574.95,652072
2021-04-16 09:46:20,2574.8,652122
2021-04-16 09:46:22,2574.8,652122
2021-04-16 09:46:23,2574.8,652171
2021-04-16 09:46:24,2574.8,652172
2021-04-16 09:46:24,2575.0,652750
2021-04-16 09:46:25,2574.8,653000
2021-04-16 09:46:27,2574.8,653000
2021-04-16 09:46:28,2575.0,653005
2021-04-16 09:46:29,2575.0,653006
2021-04-16 09:46:29,2575.0,653011
2021-04-16 09:46:30,2574.55,653342
2021-04-16 09:46:32,2575.0,653362
2021-04-16 09:46:33,2574.8,653570
2021-04-16 09:46:34,2574.75,654400
2021-04-16 09:46:35,2574.8,654490
2021-04-16 09:46:35,2574.8,654490
2021-04-16 09:46:36,2574.8,654705
2021-04-16 09:46:38,2574.0,654710
2021-04-16 09:46:39,2575.0,654985
2021-04-16 09:46:40,2575.0,654985
2021-04-16 09:46:41,2575.0,654985
2021-04-16 09:46:41,2575.0,654985
2021-04-16 09:46:42,2574.8,654999
2021-04-16 09:46:44,2575.0,655040
2021-04-16 09:46:45,2574.95,655056
2021-04-16 09:46:46,2574.95,655057
2021-04-16 09:46:47,2575.0,655266
2021-04-16 09:46:47,2575.0,655266
2021-04-16 09:46:48,2575.0,655782
2021-04-16 09:46:50,2574.95,655813
2021-04-16 09:46:51,2574.95,655814
2021-04-16 09:46:52,2574.95,655977
2021-04-16 09:46:52,2574.95,656017
2021-04-16 09:46:53,2574.95,656138
2021-04-16 09:46:55,2574.95,656141
2021-04-16 09:46:56,2574.95,656653
2021-04-16 09:46:57,2575.0,656731
2021-04-16 09:46:58,2574.75,656978
2021-04-16 09:46:59,2574.75,656993
2021-04-16 09:47:00,2574.9,657094
2021-04-16 09:47:00,2574.0,657184
2021-04-16 09:47:01,2574.2,657522
2021-04-16 09:47:03,2574.0,657543
2021-04-16 09:47:04,2574.0,657543
2021-04-16 09:47:05,2574.6,657607
2021-04-16 09:47:06,2573.75,657750
2021-04-16 09:47:06,2573.75,657750
2021-04-16 09:47:07,2573.75,657750
2021-04-16 09:47:09,2574.0,657756
2021-04-16 09:47:10,2574.3,657766
2021-04-16 09:47:11,2574.0,658121
2021-04-16 09:47:12,2573.55,658427
2021-04-16 09:47:13,2573.55,658427
2021-04-16 09:47:13,2573.55,658433
2021-04-16 09:47:14,2574.0,658460
2021-04-16 09:47:16,2574.0,658460
2021-04-16 09:47:17,2573.55,658673
2021-04-16 09:47:18,2574.0,658707
2021-04-16 09:47:19,2573.55,659021
2021-04-16 09:47:19,2573.9,659007
2021-04-16 09:47:20,2574.0,659260
2021-04-16 09:47:21,2574.0,659390
2021-04-16 09:47:23,2574.55,659421
2021-04-16 09:47:25,2574.3,659427
2021-04-16 09:47:26,2574.3,659440
2021-04-16 09:47:26,2574.3,659440
2021-04-16 09:47:28,2574.55,659467
2021-04-16 09:47:29,2574.55,659467
2021-04-16 09:47:30,2574.3,659509
2021-04-16 09:47:31,2574.3,659609
2021-04-16 09:47:32,2574.55,659630
2021-04-16 09:47:32,2574.3,659934
2021-04-16 09:47:33,2574.3,660038
2021-04-16 09:47:34,2574.3,660444
2021-04-16 09:47:36,2574.3,660534
2021-04-16 09:47:37,2574.5,660559
2021-04-16 09:47:38,2574.05,660568
2021-04-16 09:47:39,2574.2,660569
2021-04-16 09:47:40,2574.5,660671
2021-04-16 09:47:40,2574.5,660671
2021-04-16 09:47:42,2574.0,661049
2021-04-16 09:47:43,2573.8,661101
2021-04-16 09:47:44,2574.0,661126
2021-04-16 09:47:45,2574.0,661126
2021-04-16 09:47:45,2574.0,661126
2021-04-16 09:47:47,2574.0,661126
2021-04-16 09:47:48,2573.8,661152
2021-04-16 09:47:49,2574.0,661431
2021-04-16 09:47:50,2573.8,661435
2021-04-16 09:47:51,2574.0,661441
2021-04-16 09:47:52,2573.8,661463
2021-04-16 09:47:52,2573.8,661463
2021-04-16 09:47:54,2573.8,661509
2021-04-16 09:47:55,2573.95,662053
2021-04-16 09:47:56,2573.8,662084
2021-04-16 09:47:57,2573.8,662147
2021-04-16 09:47:57,2573.8,662147
2021-04-16 09:47:59,2574.0,662397
2021-04-16 09:48:00,2574.0,662696
2021-04-16 09:48:01,2574.0,662696
2021-04-16 09:48:02,2573.8,662796
2021-04-16 09:48:03,2573.8,662797
2021-04-16 09:48:04,2573.8,662797
2021-04-16 09:48:05,2573.8,662797
2021-04-16 09:48:06,2573.85,662798
2021-04-16 09:48:06,2573.8,662797
2021-04-16 09:48:08,2573.85,662808
2021-04-16 09:48:09,2573.5,663505
2021-04-16 09:48:10,2573.5,663505
2021-04-16 09:48:11,2573.0,663810
2021-04-16 09:48:12,2573.0,663810
2021-04-16 09:48:14,2572.55,664033
2021-04-16 09:48:15,2572.55,664038
2021-04-16 09:48:17,2572.55,664065
2021-04-16 09:48:18,2572.55,664065
2021-04-16 09:48:18,2572.55,664065
2021-04-16 09:48:19,2572.95,664090
2021-04-16 09:48:21,2572.95,664235
2021-04-16 09:48:22,2573.1,664246
2021-04-16 09:48:23,2573.1,664579
2021-04-16 09:48:24,2572.95,664580
2021-04-16 09:48:25,2573.2,664715
2021-04-16 09:48:26,2573.0,665145
2021-04-16 09:48:27,2572.95,665280
2021-04-16 09:48:28,2572.95,665280
2021-04-16 09:48:29,2573.3,665351
2021-04-16 09:48:29,2573.45,665354
2021-04-16 09:48:31,2573.5,665623
2021-04-16 09:48:32,2573.5,665623
2021-04-16 09:48:33,2573.25,665797
2021-04-16 09:48:34,2573.25,665827
2021-04-16 09:48:35,2573.25,665837
2021-04-16 09:48:35,2573.25,665837
2021-04-16 09:48:36,2573.45,665839
2021-04-16 09:48:37,2573.45,665849
2021-04-16 09:48:38,2573.5,666206
2021-04-16 09:48:39,2573.5,666206
2021-04-16 09:48:41,2573.5,666228
2021-04-16 09:48:42,2573.85,666457
2021-04-16 09:48:43,2573.25,666792
2021-04-16 09:48:44,2573.35,666802
2021-04-16 09:48:45,2573.9,666823
2021-04-16 09:48:45,2573.9,666823
2021-04-16 09:48:46,2573.6,667152
2021-04-16 09:48:48,2574.0,667317
2021-04-16 09:48:49,2574.0,667317
2021-04-16 09:48:50,2573.6,667457
2021-04-16 09:48:51,2573.6,667460
2021-04-16 09:48:51,2573.6,667460
2021-04-16 09:48:52,2573.6,667481
2021-04-16 09:48:54,2573.6,667493
2021-04-16 09:48:55,2573.6,667493
2021-04-16 09:48:56,2573.6,667826
2021-04-16 09:48:57,2574.0,667831
2021-04-16 09:48:58,2574.0,667836
2021-04-16 09:48:58,2573.6,667851
2021-04-16 09:48:59,2573.6,667851
2021-04-16 09:49:00,2573.6,667926
2021-04-16 09:49:02,2573.6,667934
2021-04-16 09:49:02,2574.0,668062
2021-04-16 09:49:04,2574.1,668077
2021-04-16 09:49:05,2574.0,668080
2021-04-16 09:49:06,2574.2,668158
2021-04-16 09:49:07,2574.0,668244
2021-04-16 09:49:08,2574.25,668249
2021-04-16 09:49:08,2574.25,668249
2021-04-16 09:49:09,2574.25,668249
2021-04-16 09:49:11,2574.25,668325
2021-04-16 09:49:12,2574.5,668410
2021-04-16 09:49:13,2574.5,668420
2021-04-16 09:49:14,2574.45,668434
2021-04-16 09:49:15,2574.45,668434
2021-04-16 09:49:16,2574.45,668434
2021-04-16 09:49:16,2574.45,668434
2021-04-16 09:49:18,2574.5,668567
2021-04-16 09:49:19,2574.5,668601
2021-04-16 09:49:20,2574.5,668601
2021-04-16 09:49:21,2574.45,668701
2021-04-16 09:49:22,2574.45,668726
2021-04-16 09:49:22,2574.45,668726
2021-04-16 09:49:24,2575.0,669045
2021-04-16 09:49:26,2574.45,670186
2021-04-16 09:49:27,2574.0,670715
2021-04-16 09:49:28,2574.6,670775
2021-04-16 09:49:29,2574.0,670777
2021-04-16 09:49:30,2574.5,670787
2021-04-16 09:49:31,2574.05,670789
2021-04-16 09:49:32,2574.05,670798
2021-04-16 09:49:33,2574.5,670843
2021-04-16 09:49:34,2574.5,670843
2021-04-16 09:49:35,2574.05,670895
2021-04-16 09:49:36,2574.1,671006
2021-04-16 09:49:37,2574.05,671099
2021-04-16 09:49:38,2574.15,671102
2021-04-16 09:49:39,2574.15,671112
2021-04-16 09:49:40,2574.15,671121
2021-04-16 09:49:41,2574.25,671126
2021-04-16 09:49:42,2574.25,671126
2021-04-16 09:49:43,2574.25,671187
2021-04-16 09:49:44,2572.8,673521
2021-04-16 09:49:45,2572.8,673521
2021-04-16 09:49:46,2572.8,673541
2021-04-16 09:49:47,2572.0,673830
2021-04-16 09:49:48,2572.05,673841
2021-04-16 09:49:49,2572.05,673841
2021-04-16 09:49:50,2572.05,673841
2021-04-16 09:49:51,2572.05,673841
2021-04-16 09:49:52,2573.2,673931
2021-04-16 09:49:53,2572.2,673939
2021-04-16 09:49:54,2573.0,673965
2021-04-16 09:49:55,2572.2,673990
2021-04-16 09:49:56,2572.2,674119
2021-04-16 09:49:57,2572.2,674125
2021-04-16 09:49:58,2572.2,674125
2021-04-16 09:49:59,2572.2,674127
2021-04-16 09:50:00,2572.2,674140
2021-04-16 09:50:02,2572.2,674166
2021-04-16 09:50:03,2572.2,674167
2021-04-16 09:50:04,2572.2,674167
2021-04-16 09:50:06,2573.2,674667
2021-04-16 09:50:07,2573.1,674669
2021-04-16 09:50:08,2573.1,674669
2021-04-16 09:50:09,2573.25,675060
2021-04-16 09:50:10,2573.25,675060
2021-04-16 09:50:11,2573.9,675062
2021-04-16 09:50:12,2573.9,675069
2021-04-16 09:50:13,2573.9,675369
2021-04-16 09:50:14,2573.9,675479
2021-04-16 09:50:15,2573.9,675492
2021-04-16 09:50:16,2573.65,675765
2021-04-16 09:50:17,2573.9,675821
2021-04-16 09:50:18,2573.9,675844
2021-04-16 09:50:19,2573.9,675844
2021-04-16 09:50:20,2574.0,676051
2021-04-16 09:50:21,2574.0,676051
2021-04-16 09:50:22,2573.5,676384
2021-04-16 09:50:23,2573.5,676384
2021-04-16 09:50:24,2573.5,676384
2021-04-16 09:50:25,2573.5,676592
2021-04-16 09:50:26,2573.55,676599
2021-04-16 09:50:27,2574.0,677062
2021-04-16 09:50:28,2574.0,677062
2021-04-16 09:50:29,2574.0,677062
2021-04-16 09:50:30,2574.0,677062
2021-04-16 09:50:31,2573.55,677085
2021-04-16 09:50:32,2573.75,677095
2021-04-16 09:50:33,2573.55,677323
2021-04-16 09:50:34,2574.0,677423
2021-04-16 09:50:35,2574.0,677593
2021-04-16 09:50:36,2574.0,677604
2021-04-16 09:50:37,2573.75,677611
2021-04-16 09:50:38,2573.75,677761
2021-04-16 09:50:39,2573.75,677774
2021-04-16 09:50:40,2573.9,677776
2021-04-16 09:50:41,2573.75,677777
2021-04-16 09:50:42,2573.75,677777
2021-04-16 09:50:44,2573.75,677894
2021-04-16 09:50:45,2573.9,677898
2021-04-16 09:50:46,2574.0,677899
2021-04-16 09:50:47,2573.75,677949
2021-04-16 09:50:48,2574.0,678011
2021-04-16 09:50:49,2574.15,678024
2021-04-16 09:50:50,2574.15,678027
2021-04-16 09:50:51,2574.15,678651
2021-04-16 09:50:52,2574.15,678692
2021-04-16 09:50:53,2574.1,678699
2021-04-16 09:50:54,2573.75,679030
2021-04-16 09:50:55,2574.05,679110
2021-04-16 09:50:56,2574.2,679138
2021-04-16 09:50:57,2574.2,679171
2021-04-16 09:50:58,2574.3,679262
2021-04-16 09:50:59,2574.8,679280
2021-04-16 09:51:00,2574.75,679621
2021-04-16 09:51:01,2574.75,679696
2021-04-16 09:51:02,2574.2,679956
2021-04-16 09:51:03,2574.25,680466
2021-04-16 09:51:04,2574.85,680600
2021-04-16 09:51:05,2574.9,680632
2021-04-16 09:51:06,2574.5,680648
2021-04-16 09:51:07,2574.5,681208
2021-04-16 09:51:08,2575.2,681549
2021-04-16 09:51:10,2576.15,682427
2021-04-16 09:51:09,2575.2,682276
2021-04-16 09:51:11,2576.2,682509
2021-04-16 09:51:12,2576.3,682545
2021-04-16 09:51:13,2576.3,682912
2021-04-16 09:51:15,2575.05,683968
2021-04-16 09:51:16,2575.85,683989
2021-04-16 09:51:17,2575.05,684029
2021-04-16 09:51:18,2576.0,684113
2021-04-16 09:51:19,2576.0,684113
2021-04-16 09:51:20,2575.1,684134
2021-04-16 09:51:21,2576.15,684139
2021-04-16 09:51:22,2576.0,684142
2021-04-16 09:51:23,2576.2,684491
2021-04-16 09:51:24,2576.05,684504
2021-04-16 09:51:25,2576.8,684618
2021-04-16 09:51:26,2576.7,684694
2021-04-16 09:51:27,2576.7,684758
2021-04-16 09:51:28,2576.7,684787
2021-04-16 09:51:29,2576.7,684787
2021-04-16 09:51:30,2576.7,685090
2021-04-16 09:51:31,2576.7,685688
2021-04-16 09:51:32,2577.0,686300
2021-04-16 09:51:33,2576.35,686364
2021-04-16 09:51:34,2576.35,686474
2021-04-16 09:51:35,2576.35,686474
2021-04-16 09:51:36,2577.0,686540
2021-04-16 09:51:37,2577.0,686540
2021-04-16 09:51:38,2577.0,686593
2021-04-16 09:51:39,2576.4,686638
2021-04-16 09:51:40,2577.0,686837
2021-04-16 09:51:41,2577.0,686887
2021-04-16 09:51:43,2576.4,688491
2021-04-16 09:51:43,2576.4,688491
2021-04-16 09:51:44,2576.35,688941
2021-04-16 09:51:45,2576.8,689021
2021-04-16 09:51:46,2576.5,689023
2021-04-16 09:51:47,2576.5,689103
2021-04-16 09:51:49,2576.5,689224
2021-04-16 09:51:49,2576.5,689224
2021-04-16 09:51:50,2576.35,690436
2021-04-16 09:51:51,2576.35,690436
2021-04-16 09:51:52,2576.5,690773
2021-04-16 09:51:53,2576.35,690873
2021-04-16 09:51:55,2576.35,690873
2021-04-16 09:51:55,2576.7,690878
2021-04-16 09:51:56,2576.5,690882
2021-04-16 09:51:57,2576.5,690882
2021-04-16 09:51:58,2574.75,693716
2021-04-16 09:51:59,2574.75,693963
2021-04-16 09:52:00,2573.25,694060
2021-04-16 09:52:01,2573.85,694091
2021-04-16 09:52:02,2574.75,694096
2021-04-16 09:52:04,2574.75,694096
2021-04-16 09:52:04,2574.75,694096
2021-04-16 09:52:05,2574.75,694096
2021-04-16 09:52:06,2574.75,694125
2021-04-16 09:52:07,2574.75,694125
2021-04-16 09:52:08,2574.3,694190
2021-04-16 09:52:09,2575.15,694192
2021-04-16 09:52:10,2575.15,694192
2021-04-16 09:52:11,2574.35,694195
2021-04-16 09:52:12,2575.15,694483
2021-04-16 09:52:13,2574.6,694783
2021-04-16 09:52:14,2574.65,694833
2021-04-16 09:52:15,2575.0,694858
2021-04-16 09:52:17,2575.7,694878
2021-04-16 09:52:18,2575.7,694878
2021-04-16 09:52:20,2575.0,694879
2021-04-16 09:52:21,2575.0,695003
2021-04-16 09:52:22,2574.75,695004
2021-04-16 09:52:23,2576.0,695094
2021-04-16 09:52:25,2574.75,695114
2021-04-16 09:52:26,2576.0,695152
2021-04-16 09:52:27,2576.0,695174
2021-04-16 09:52:28,2574.95,695474
2021-04-16 09:52:29,2576.0,695524
2021-04-16 09:52:30,2575.1,695924
2021-04-16 09:52:31,2575.35,696094
2021-04-16 09:52:32,2575.35,696147
2021-04-16 09:52:33,2575.35,696195
2021-04-16 09:52:34,2575.5,696255
2021-04-16 09:52:35,2575.1,696327
2021-04-16 09:52:36,2575.5,696364
2021-04-16 09:52:38,2575.5,696455
2021-04-16 09:52:38,2575.5,696455
2021-04-16 09:52:39,2575.05,696635
2021-04-16 09:52:40,2575.1,696670
2021-04-16 09:52:41,2575.1,696701
2021-04-16 09:52:42,2574.9,696781
2021-04-16 09:52:43,2574.9,696821
2021-04-16 09:52:45,2575.0,696906
2021-04-16 09:52:45,2575.0,696906
2021-04-16 09:52:46,2574.95,696914
2021-04-16 09:52:47,2575.0,696924
2021-04-16 09:52:48,2575.0,697026
2021-04-16 09:52:49,2575.0,697026
2021-04-16 09:52:51,2575.0,697081
2021-04-16 09:52:51,2575.0,697083
2021-04-16 09:52:52,2575.0,697083
2021-04-16 09:52:53,2575.55,697265
2021-04-16 09:52:54,2575.5,697518
2021-04-16 09:52:55,2575.5,697518
2021-04-16 09:52:56,2575.55,697527
2021-04-16 09:52:58,2575.05,697528
2021-04-16 09:52:58,2575.55,697527
2021-04-16 09:52:59,2575.05,697529
2021-04-16 09:53:00,2575.05,697570
2021-04-16 09:53:01,2575.05,697698
2021-04-16 09:53:02,2575.05,697718
2021-04-16 09:53:03,2575.05,697718
2021-04-16 09:53:04,2575.4,697723
2021-04-16 09:53:06,2575.4,697733
2021-04-16 09:53:07,2575.4,697733
2021-04-16 09:53:07,2575.4,697733
2021-04-16 09:53:08,2575.4,697854
2021-04-16 09:53:09,2575.35,697880
2021-04-16 09:53:10,2575.35,697880
2021-04-16 09:53:11,2575.35,697895
2021-04-16 09:53:12,2575.4,697972
2021-04-16 09:53:13,2575.4,697974
2021-04-16 09:53:14,2575.4,698085
2021-04-16 09:53:15,2575.6,698182
2021-04-16 09:53:16,2575.65,698702
2021-04-16 09:53:18,2576.0,698720
2021-04-16 09:53:18,2576.0,698720
2021-04-16 09:53:19,2576.0,698843
2021-04-16 09:53:20,2576.5,698887
2021-04-16 09:53:21,2576.5,698912
2021-04-16 09:53:22,2576.5,698913
2021-04-16 09:53:24,2576.9,699326
2021-04-16 09:53:24,2576.9,699326
2021-04-16 09:53:25,2576.9,699540
2021-04-16 09:53:27,2576.9,699565
2021-04-16 09:53:28,2577.0,699592
2021-04-16 09:53:30,2576.9,699995
2021-04-16 09:53:30,2576.65,699887
2021-04-16 09:53:31,2576.9,699998
2021-04-16 09:53:32,2576.65,700098
2021-04-16 09:53:33,2576.85,700102
2021-04-16 09:53:34,2576.85,700102
2021-04-16 09:53:35,2576.85,700243
2021-04-16 09:53:37,2576.85,700293
2021-04-16 09:53:37,2576.85,700293
2021-04-16 09:53:38,2576.85,700409
2021-04-16 09:53:39,2576.85,700409
2021-04-16 09:53:40,2577.0,700439
2021-04-16 09:53:41,2576.9,700743
2021-04-16 09:53:42,2577.0,700750
2021-04-16 09:53:43,2577.0,700840
2021-04-16 09:53:44,2576.9,701145
2021-04-16 09:53:45,2576.9,701150
2021-04-16 09:53:46,2576.9,701150
2021-04-16 09:53:47,2577.0,701218
2021-04-16 09:53:49,2577.0,701375
2021-04-16 09:53:51,2577.0,701530
2021-04-16 09:53:52,2577.0,701530
2021-04-16 09:53:53,2576.9,701531
2021-04-16 09:53:54,2576.9,701556
2021-04-16 09:53:54,2576.9,701556
2021-04-16 09:53:55,2576.95,701576
2021-04-16 09:53:56,2577.0,701890
2021-04-16 09:53:57,2576.95,702165
2021-04-16 09:53:58,2576.95,702227
2021-04-16 09:53:59,2577.0,702377
2021-04-16 09:54:00,2577.15,703317
2021-04-16 09:54:01,2576.95,703408
2021-04-16 09:54:03,2577.15,703574
2021-04-16 09:54:04,2576.95,703773
2021-04-16 09:54:05,2577.15,704123
2021-04-16 09:54:05,2577.15,704123
2021-04-16 09:54:06,2577.2,704628
2021-04-16 09:54:07,2577.2,706237
2021-04-16 09:54:08,2577.4,706249
2021-04-16 09:54:09,2577.55,706297
2021-04-16 09:54:10,2578.45,706717
2021-04-16 09:54:11,2579.0,708366
2021-04-16 09:54:12,2579.7,708481
2021-04-16 09:54:13,2579.75,708516
2021-04-16 09:54:14,2579.1,708530
2021-04-16 09:54:15,2579.75,708645
2021-04-16 09:54:16,2579.75,708664
2021-04-16 09:54:18,2579.85,708796
2021-04-16 09:54:19,2579.75,708799
2021-04-16 09:54:20,2579.85,709027
2021-04-16 09:54:20,2579.85,709027
2021-04-16 09:54:21,2579.9,709481
2021-04-16 09:54:22,2579.9,709546
2021-04-16 09:54:23,2579.9,709697
2021-04-16 09:54:24,2579.9,709735
2021-04-16 09:54:25,2579.9,710005
2021-04-16 09:54:26,2579.95,710023
2021-04-16 09:54:28,2580.0,710428
2021-04-16 09:54:29,2579.95,710460
2021-04-16 09:54:30,2579.8,712015
2021-04-16 09:54:30,2579.8,712015
2021-04-16 09:54:31,2579.8,712015
2021-04-16 09:54:32,2580.0,712161
2021-04-16 09:54:33,2579.8,713125
2021-04-16 09:54:34,2579.65,713235
2021-04-16 09:54:35,2579.1,716153
2021-04-16 09:54:36,2578.75,716189
2021-04-16 09:54:37,2579.35,716207
2021-04-16 09:54:38,2578.8,716241
2021-04-16 09:54:39,2579.35,716271
2021-04-16 09:54:40,2578.8,716291
2021-04-16 09:54:41,2579.3,716308
2021-04-16 09:54:42,2578.8,716549
2021-04-16 09:54:43,2578.8,716556
2021-04-16 09:54:44,2578.5,716615
2021-04-16 09:54:45,2578.75,716628
2021-04-16 09:54:46,2578.2,716678
2021-04-16 09:54:47,2578.45,716698
2021-04-16 09:54:48,2578.45,716713
2021-04-16 09:54:49,2578.15,716778
2021-04-16 09:54:50,2578.15,716829
2021-04-16 09:54:51,2578.15,716829
2021-04-16 09:54:52,2578.15,716936
2021-04-16 09:54:53,2578.7,716938
2021-04-16 09:54:54,2578.2,716939
2021-04-16 09:54:56,2578.7,717372
2021-04-16 09:54:57,2578.15,717379
2021-04-16 09:54:57,2578.15,717379
2021-04-16 09:54:58,2577.4,717953
2021-04-16 09:54:59,2576.85,718252
2021-04-16 09:55:00,2577.95,718290
2021-04-16 09:55:01,2577.95,718290
2021-04-16 09:55:02,2576.85,718291
2021-04-16 09:55:03,2576.85,718291
2021-04-16 09:55:05,2576.9,718573
2021-04-16 09:55:06,2577.0,718910
2021-04-16 09:55:07,2577.0,718948
2021-04-16 09:55:08,2577.0,719052
2021-04-16 09:55:09,2578.15,719274
2021-04-16 09:55:10,2578.2,719275
2021-04-16 09:55:11,2576.95,719376
2021-04-16 09:55:12,2577.8,719382
2021-04-16 09:55:13,2578.2,719432
2021-04-16 09:55:15,2578.2,719432
2021-04-16 09:55:16,2578.05,719490
2021-04-16 09:55:17,2578.1,719494
2021-04-16 09:55:18,2578.55,719824
2021-04-16 09:55:18,2578.55,719824
2021-04-16 09:55:19,2578.1,719838
2021-04-16 09:55:20,2578.6,719853
2021-04-16 09:55:21,2578.7,720029
2021-04-16 09:55:22,2578.7,720109
2021-04-16 09:55:23,2578.7,720400
2021-04-16 09:55:24,2578.0,720455
2021-04-16 09:55:25,2578.0,720456
2021-04-16 09:55:26,2578.0,720501
2021-04-16 09:55:27,2578.0,720515
2021-04-16 09:55:28,2578.5,720523
2021-04-16 09:55:29,2578.2,720899
2021-04-16 09:55:30,2578.45,721225
2021-04-16 09:55:31,2578.5,721240
2021-04-16 09:55:33,2578.5,721251
2021-04-16 09:55:34,2578.5,721358
2021-04-16 09:55:34,2578.5,721360
2021-04-16 09:55:35,2578.5,721395
2021-04-16 09:55:36,2578.3,721535
2021-04-16 09:55:38,2578.45,721565
2021-04-16 09:55:41,2578.45,721677
2021-04-16 09:55:42,2578.45,721999
2021-04-16 09:55:43,2578.45,722200
2021-04-16 09:55:44,2578.45,722220
2021-04-16 09:55:45,2578.35,722460
2021-04-16 09:55:46,2578.5,722480
2021-04-16 09:55:47,2578.45,722483
2021-04-16 09:55:48,2578.45,722542
2021-04-16 09:55:49,2578.5,722688
2021-04-16 09:55:50,2578.5,722690
2021-04-16 09:55:51,2578.5,722892
2021-04-16 09:55:52,2578.35,723248
2021-04-16 09:55:53,2578.4,723249
2021-04-16 09:55:54,2578.4,723249
2021-04-16 09:55:55,2578.45,723275
2021-04-16 09:55:56,2578.3,723745
2021-04-16 09:55:58,2578.4,723749
2021-04-16 09:55:59,2578.4,723749
2021-04-16 09:56:00,2576.15,730005
2021-04-16 09:56:01,2576.2,730019
2021-04-16 09:56:02,2577.3,730024
2021-04-16 09:56:02,2576.25,730027
2021-04-16 09:56:03,2576.25,730027
2021-04-16 09:56:04,2576.25,730116
2021-04-16 09:56:05,2576.25,730122
2021-04-16 09:56:06,2576.25,730122
2021-04-16 09:56:07,2576.15,730209
2021-04-16 09:56:08,2577.25,730210
2021-04-16 09:56:09,2576.0,730279
2021-04-16 09:56:10,2576.05,730281
2021-04-16 09:56:11,2576.65,730282
2021-04-16 09:56:12,2576.65,730294
2021-04-16 09:56:14,2576.0,730421
2021-04-16 09:56:15,2575.55,730604
2021-04-16 09:56:16,2575.55,730612
2021-04-16 09:56:17,2575.55,730666
2021-04-16 09:56:18,2575.55,730730
2021-04-16 09:56:18,2575.55,730715
2021-04-16 09:56:19,2576.0,730760
2021-04-16 09:56:20,2575.0,731400
2021-04-16 09:56:21,2575.1,731421
2021-04-16 09:56:23,2576.0,731471
2021-04-16 09:56:24,2575.2,731475
2021-04-16 09:56:25,2575.2,731510
2021-04-16 09:56:26,2575.2,731510
2021-04-16 09:56:26,2575.2,731510
2021-04-16 09:56:27,2575.2,731510
2021-04-16 09:56:29,2575.15,731528
2021-04-16 09:56:30,2575.15,731546
2021-04-16 09:56:31,2575.15,731546
2021-04-16 09:56:31,2575.15,731546
2021-04-16 09:56:32,2575.0,731877
2021-04-16 09:56:33,2575.0,731877
2021-04-16 09:56:35,2575.15,731892
2021-04-16 09:56:36,2573.25,733096
2021-04-16 09:56:37,2573.85,733516
2021-04-16 09:56:37,2573.85,733526
2021-04-16 09:56:38,2572.5,734142
2021-04-16 09:56:39,2573.0,734165
2021-04-16 09:56:40,2573.0,734165
2021-04-16 09:56:42,2572.45,734181
2021-04-16 09:56:43,2572.6,734222
2021-04-16 09:56:44,2573.0,734377
2021-04-16 09:56:44,2573.0,734377
2021-04-16 09:56:45,2573.65,734641
2021-04-16 09:56:46,2573.55,734691
2021-04-16 09:56:48,2573.55,734741
2021-04-16 09:56:49,2573.55,734741
2021-04-16 09:56:50,2574.0,734915
2021-04-16 09:56:50,2574.0,734915
2021-04-16 09:56:51,2574.3,734932
2021-04-16 09:56:52,2574.7,735130
2021-04-16 09:56:53,2573.1,735449
2021-04-16 09:56:54,2573.1,735449
2021-04-16 09:56:56,2574.55,735550
2021-04-16 09:56:57,2574.55,735550
2021-04-16 09:56:58,2574.55,735550
2021-04-16 09:56:59,2574.0,735571
2021-04-16 09:56:59,2574.0,735571
2021-04-16 09:57:00,2574.0,735928
2021-04-16 09:57:01,2574.0,735982
2021-04-16 09:57:02,2574.0,735982
2021-04-16 09:57:04,2574.0,736007
2021-04-16 09:57:05,2574.0,736044
2021-04-16 09:57:06,2574.1,736061
2021-04-16 09:57:06,2574.1,736061
2021-04-16 09:57:07,2574.1,736168
2021-04-16 09:57:08,2574.1,736168
2021-04-16 09:57:10,2574.2,736188
2021-04-16 09:57:11,2574.2,736208
2021-04-16 09:57:12,2574.1,736213
2021-04-16 09:57:13,2574.1,736219
2021-04-16 09:57:14,2574.3,736224
2021-04-16 09:57:14,2574.3,736224
2021-04-16 09:57:15,2574.4,736251
2021-04-16 09:57:16,2574.3,736252
2021-04-16 09:57:18,2574.3,736252
2021-04-16 09:57:19,2574.3,736285
2021-04-16 09:57:20,2574.75,736706
2021-04-16 09:57:20,2574.3,736710
2021-04-16 09:57:21,2574.3,736760
2021-04-16 09:57:22,2574.75,736820
2021-04-16 09:57:24,2574.75,736820
2021-04-16 09:57:25,2574.75,736820
2021-04-16 09:57:26,2574.75,736820
2021-04-16 09:57:26,2574.75,736820
2021-04-16 09:57:27,2574.75,737046
2021-04-16 09:57:29,2574.75,737066
2021-04-16 09:57:30,2574.75,737068
2021-04-16 09:57:31,2574.75,737068
2021-04-16 09:57:31,2574.75,737068
2021-04-16 09:57:32,2575.0,737161
2021-04-16 09:57:33,2574.8,737162
2021-04-16 09:57:34,2574.8,737162
2021-04-16 09:57:35,2574.8,737162
2021-04-16 09:57:37,2574.75,737169
2021-04-16 09:57:38,2574.75,737176
2021-04-16 09:57:39,2575.0,737416
2021-04-16 09:57:39,2575.0,737421
2021-04-16 09:57:40,2575.0,737421
2021-04-16 09:57:41,2574.75,737436
2021-04-16 09:57:42,2574.75,737436
2021-04-16 09:57:44,2574.75,737446
2021-04-16 09:57:45,2574.75,737446
2021-04-16 09:57:46,2574.75,737456
2021-04-16 09:57:46,2574.75,737456
2021-04-16 09:57:47,2574.75,737456
2021-04-16 09:57:48,2574.75,737732
2021-04-16 09:57:49,2574.8,737737
2021-04-16 09:57:50,2574.8,737756
2021-04-16 09:57:52,2574.6,739132
2021-04-16 09:57:53,2574.0,739148
2021-04-16 09:57:54,2574.0,739505
2021-04-16 09:57:54,2574.0,739505
2021-04-16 09:57:55,2574.0,739505
2021-04-16 09:57:57,2574.0,739505
2021-04-16 09:57:58,2573.25,739515
2021-04-16 09:57:59,2573.25,739515
2021-04-16 09:58:00,2573.25,739522
2021-04-16 09:58:00,2573.25,739522
2021-04-16 09:58:02,2573.25,739522
2021-04-16 09:58:03,2573.25,739522
2021-04-16 09:58:04,2573.25,739522
2021-04-16 09:58:05,2573.25,739522
2021-04-16 09:58:06,2573.25,739523
2021-04-16 09:58:06,2573.25,739523
2021-04-16 09:58:08,2573.25,739528
2021-04-16 09:58:09,2573.85,739571
2021-04-16 09:58:10,2573.25,740176
2021-04-16 09:58:11,2573.25,740176
2021-04-16 09:58:11,2573.25,740199
2021-04-16 09:58:13,2573.25,740206
2021-04-16 09:58:14,2573.25,740206
2021-04-16 09:58:15,2573.25,740216
2021-04-16 09:58:16,2573.8,740236
2021-04-16 09:58:17,2573.3,740252
2021-04-16 09:58:17,2573.3,740252
2021-04-16 09:58:19,2573.3,740264
2021-04-16 09:58:20,2573.8,740265
2021-04-16 09:58:21,2573.3,740566
2021-04-16 09:58:22,2573.8,740588
2021-04-16 09:58:23,2573.8,740588
2021-04-16 09:58:23,2573.8,740588
2021-04-16 09:58:25,2573.8,740589
2021-04-16 09:58:26,2573.8,740589
2021-04-16 09:58:27,2573.8,740589
2021-04-16 09:58:28,2573.8,740589
2021-04-16 09:58:28,2573.8,740589
2021-04-16 09:58:29,2573.8,740627
2021-04-16 09:58:31,2573.3,740910
2021-04-16 09:58:32,2573.3,740970
2021-04-16 09:58:33,2573.3,741066
2021-04-16 09:58:34,2573.3,741086
2021-04-16 09:58:34,2573.3,741106
2021-04-16 09:58:35,2573.3,741106
2021-04-16 09:58:37,2573.3,741106
2021-04-16 09:58:37,2573.3,741106
2021-04-16 09:58:39,2573.4,741107
2021-04-16 09:58:40,2573.5,741108
2021-04-16 09:58:41,2573.5,741108
2021-04-16 09:58:42,2573.5,741108
2021-04-16 09:58:43,2572.45,742208
2021-04-16 09:58:44,2573.4,742232
2021-04-16 09:58:44,2573.4,742232
2021-04-16 09:58:45,2573.5,742262
2021-04-16 09:58:46,2573.5,742295
2021-04-16 09:58:47,2573.5,742295
2021-04-16 09:58:48,2573.4,742302
2021-04-16 09:58:50,2573.4,742312
2021-04-16 09:58:51,2573.4,742378
2021-04-16 09:58:52,2573.4,742501
2021-04-16 09:58:53,2573.7,742601
2021-04-16 09:58:53,2573.7,742605
2021-04-16 09:58:54,2573.4,742807
2021-04-16 09:58:55,2572.3,742941
2021-04-16 09:58:56,2572.5,743028
2021-04-16 09:58:57,2572.5,743028
2021-04-16 09:58:58,2573.3,743054
2021-04-16 09:58:59,2573.5,743072
2021-04-16 09:59:01,2573.3,743109
2021-04-16 09:59:02,2573.3,743149
2021-04-16 09:59:03,2573.3,743149
2021-04-16 09:59:04,2573.3,743149
2021-04-16 09:59:05,2573.3,743216
2021-04-16 09:59:06,2573.3,743348
2021-04-16 09:59:06,2573.3,743348
2021-04-16 09:59:08,2573.3,743348
2021-04-16 09:59:09,2573.4,743583
2021-04-16 09:59:11,2572.7,743684
2021-04-16 09:59:12,2573.0,743717
2021-04-16 09:59:12,2573.0,743820
2021-04-16 09:59:13,2573.0,743820
2021-04-16 09:59:14,2573.0,743820
2021-04-16 09:59:15,2573.0,743980
2021-04-16 09:59:17,2573.0,743982
2021-04-16 09:59:18,2572.7,744349
2021-04-16 09:59:19,2573.2,744399
2021-04-16 09:59:20,2573.2,744399
2021-04-16 09:59:21,2573.2,744399
2021-04-16 09:59:22,2573.2,744399
2021-04-16 09:59:23,2572.45,744401
2021-04-16 09:59:24,2572.7,744431
2021-04-16 09:59:24,2572.7,744431
2021-04-16 09:59:25,2573.0,744508
2021-04-16 09:59:27,2573.0,744508
2021-04-16 09:59:28,2572.45,744537
2021-04-16 09:59:29,2572.45,744542
2021-04-16 09:59:30,2572.45,744542
2021-04-16 09:59:31,2572.45,744542
2021-04-16 09:59:32,2572.7,744550
2021-04-16 09:59:33,2571.75,746329
2021-04-16 09:59:34,2572.0,746356
2021-04-16 09:59:34,2572.0,746356
2021-04-16 09:59:35,2572.0,746359
2021-04-16 09:59:36,2571.1,746374
2021-04-16 09:59:38,2572.15,746414
2021-04-16 09:59:39,2571.15,746524
2021-04-16 09:59:40,2571.15,746534
2021-04-16 09:59:41,2572.0,746539
2021-04-16 09:59:42,2571.8,746864
2021-04-16 09:59:42,2571.8,746864
2021-04-16 09:59:44,2572.7,746978
2021-04-16 09:59:45,2572.7,746978
2021-04-16 09:59:46,2572.05,746982
2021-04-16 09:59:47,2572.7,747102
2021-04-16 09:59:48,2572.05,747103
2021-04-16 09:59:50,2573.1,747413
2021-04-16 09:59:50,2572.7,747431
2021-04-16 09:59:52,2572.3,747516
2021-04-16 09:59:53,2572.3,747523
2021-04-16 09:59:54,2572.5,747555
2021-04-16 09:59:55,2572.7,747556
2021-04-16 09:59:56,2572.5,747958
2021-04-16 09:59:57,2573.2,747999
2021-04-16 09:59:57,2572.5,747974
2021-04-16 09:59:59,2573.2,748000
2021-04-16 10:00:00,2572.5,748125
2021-04-16 10:00:01,2572.5,748366
2021-04-16 10:00:02,2572.5,748368
2021-04-16 10:00:03,2574.0,748968
2021-04-16 10:00:03,2573.6,748468
2021-04-16 10:00:05,2574.0,748968
2021-04-16 10:00:06,2574.85,749252
2021-04-16 10:00:07,2573.8,749254
2021-04-16 10:00:08,2574.9,749259
2021-04-16 10:00:10,2574.9,749524
2021-04-16 10:00:09,2575.0,749514
2021-04-16 10:00:11,2575.0,749652
2021-04-16 10:00:12,2574.25,749677
2021-04-16 10:00:13,2575.0,750678
2021-04-16 10:00:14,2574.2,750812
2021-04-16 10:00:15,2575.0,751084
2021-04-16 10:00:16,2575.0,751084
2021-04-16 10:00:17,2574.25,751185
2021-04-16 10:00:18,2575.0,751225
2021-04-16 10:00:19,2575.0,751225
2021-04-16 10:00:20,2574.55,751235
2021-04-16 10:00:21,2574.7,751246
2021-04-16 10:00:22,2576.0,751763
2021-04-16 10:00:23,2576.0,751763
2021-04-16 10:00:24,2575.75,752004
2021-04-16 10:00:25,2577.0,753641
2021-04-16 10:00:26,2575.9,753661
2021-04-16 10:00:27,2575.9,753683
2021-04-16 10:00:28,2576.85,753684
2021-04-16 10:00:29,2576.85,753684
2021-04-16 10:00:30,2576.45,753782
2021-04-16 10:00:31,2575.95,753785
2021-04-16 10:00:32,2575.9,753791
2021-04-16 10:00:33,2573.4,756234
2021-04-16 10:00:34,2574.5,756672
2021-04-16 10:00:35,2574.5,756672
2021-04-16 10:00:36,2574.45,756673
2021-04-16 10:00:37,2574.45,756673
2021-04-16 10:00:38,2574.45,756673
2021-04-16 10:00:39,2573.5,756693
2021-04-16 10:00:40,2573.5,756693
2021-04-16 10:00:41,2573.5,756727
2021-04-16 10:00:42,2573.5,756727
2021-04-16 10:00:43,2573.5,756727
2021-04-16 10:00:44,2574.35,756931
2021-04-16 10:00:45,2574.35,756931
2021-04-16 10:00:46,2574.35,756951
2021-04-16 10:00:47,2573.5,756955
2021-04-16 10:00:48,2573.5,756955
2021-04-16 10:00:49,2573.5,756955
2021-04-16 10:00:50,2573.5,756955
2021-04-16 10:00:51,2574.0,757255
2021-04-16 10:00:52,2574.0,757255
2021-04-16 10:00:53,2574.0,757262
2021-04-16 10:00:54,2574.0,757691
2021-04-16 10:00:55,2574.3,757696
2021-04-16 10:00:56,2574.15,757708
2021-04-16 10:00:57,2574.15,757708
2021-04-16 10:00:58,2574.15,757718
2021-04-16 10:00:59,2574.15,757718
2021-04-16 10:01:00,2574.15,757768
2021-04-16 10:01:01,2574.15,757768
2021-04-16 10:01:02,2574.15,757768
2021-04-16 10:01:03,2573.5,757781
2021-04-16 10:01:04,2574.55,757923
2021-04-16 10:01:05,2574.55,757923
2021-04-16 10:01:06,2573.5,757935
2021-04-16 10:01:08,2572.85,758425
2021-04-16 10:01:07,2572.85,758425
2021-04-16 10:01:09,2572.15,758427
2021-04-16 10:01:10,2573.15,758428
2021-04-16 10:01:11,2572.15,758439
2021-04-16 10:01:12,2572.15,758465
2021-04-16 10:01:13,2572.85,758481
2021-04-16 10:01:14,2573.2,758688
2021-04-16 10:01:15,2573.2,758688
2021-04-16 10:01:16,2572.15,758698
2021-04-16 10:01:17,2572.15,758698
2021-04-16 10:01:18,2572.5,758798
2021-04-16 10:01:19,2572.5,758811
2021-04-16 10:01:20,2572.55,758827
2021-04-16 10:01:21,2572.6,758872
2021-04-16 10:01:23,2573.5,758945
2021-04-16 10:01:22,2572.65,758895
2021-04-16 10:01:24,2572.6,759245
2021-04-16 10:01:25,2572.6,759246
2021-04-16 10:01:26,2572.6,759261
2021-04-16 10:01:27,2573.35,759295
2021-04-16 10:01:28,2573.35,759295
2021-04-16 10:01:29,2573.35,759295
2021-04-16 10:01:30,2573.35,759295
2021-04-16 10:01:31,2572.6,759395
2021-04-16 10:01:32,2572.15,759620
2021-04-16 10:01:33,2572.15,759620
2021-04-16 10:01:34,2572.45,759622
2021-04-16 10:01:35,2571.75,760408
2021-04-16 10:01:36,2571.75,760408
2021-04-16 10:01:37,2572.0,760411
2021-04-16 10:01:38,2572.0,760411
2021-04-16 10:01:39,2571.1,760711
2021-04-16 10:01:40,2571.1,760715
2021-04-16 10:01:41,2571.15,760894
2021-04-16 10:01:42,2571.1,760995
2021-04-16 10:01:43,2571.9,761054
2021-04-16 10:01:44,2571.95,761058
2021-04-16 10:01:45,2571.1,761073
2021-04-16 10:01:46,2571.1,761073
2021-04-16 10:01:47,2571.0,761520
2021-04-16 10:01:48,2571.0,761629
2021-04-16 10:01:49,2570.5,761769
2021-04-16 10:01:50,2570.7,761787
2021-04-16 10:01:51,2570.7,761825
2021-04-16 10:01:52,2569.15,773041
2021-04-16 10:01:53,2567.5,773246
2021-04-16 10:01:55,2568.7,773323
2021-04-16 10:01:54,2568.6,773273
2021-04-16 10:01:56,2568.1,773471
2021-04-16 10:01:57,2568.15,773482
2021-04-16 10:01:58,2568.2,773504
2021-04-16 10:01:59,2568.2,773567
2021-04-16 10:02:00,2568.95,773982
2021-04-16 10:02:01,2569.0,774032
2021-04-16 10:02:02,2570.0,774236
2021-04-16 10:02:03,2570.1,774373
2021-04-16 10:02:04,2569.35,774403
2021-04-16 10:02:05,2569.35,774708
2021-04-16 10:02:06,2570.1,774770
2021-04-16 10:02:07,2570.1,774770
2021-04-16 10:02:08,2570.0,774844
2021-04-16 10:02:09,2569.35,774854
2021-04-16 10:02:10,2569.35,774861
2021-04-16 10:02:11,2569.35,774862
2021-04-16 10:02:12,2570.0,774890
2021-04-16 10:02:13,2570.0,774890
2021-04-16 10:02:14,2569.6,775069
2021-04-16 10:02:15,2569.6,775069
2021-04-16 10:02:16,2569.35,775606
2021-04-16 10:02:17,2569.35,775627
2021-04-16 10:02:18,2569.35,775729
2021-04-16 10:02:19,2569.35,775769
2021-04-16 10:02:21,2569.45,776076
2021-04-16 10:02:21,2569.45,776076
2021-04-16 10:02:22,2569.35,776196
2021-04-16 10:02:23,2569.35,776371
2021-04-16 10:02:24,2569.35,776372
2021-04-16 10:02:25,2569.45,776521
2021-04-16 10:02:26,2569.45,776521
2021-04-16 10:02:27,2569.35,777177
2021-04-16 10:02:29,2569.35,777419
2021-04-16 10:02:29,2569.35,777303
2021-04-16 10:02:30,2569.1,778807
2021-04-16 10:02:31,2569.45,778812
2021-04-16 10:02:32,2568.35,779189
2021-04-16 10:02:33,2567.05,780165
2021-04-16 10:02:35,2567.2,780172
2021-04-16 10:02:35,2566.0,780171
2021-04-16 10:02:36,2565.85,780404
2021-04-16 10:02:37,2565.9,780608
2021-04-16 10:02:38,2566.35,781136
2021-04-16 10:02:39,2566.1,781190
2021-04-16 10:02:40,2566.05,781346
2021-04-16 10:02:41,2566.3,781816
2021-04-16 10:02:42,2567.35,782172
2021-04-16 10:02:43,2566.15,782840
2021-04-16 10:02:44,2566.4,782860
2021-04-16 10:02:46,2566.25,784069
2021-04-16 10:02:46,2566.25,784069
2021-04-16 10:02:47,2565.0,784234
2021-04-16 10:02:48,2564.5,784771
2021-04-16 10:02:49,2564.8,784858
2021-04-16 10:02:50,2564.5,784941
2021-04-16 10:02:52,2564.1,785193
2021-04-16 10:02:52,2564.6,785194
2021-04-16 10:02:53,2564.0,785865
2021-04-16 10:02:54,2564.1,786136
2021-04-16 10:02:55,2564.0,786302
2021-04-16 10:02:56,2564.9,787111
2021-04-16 10:02:57,2564.95,787253
2021-04-16 10:02:58,2564.95,787363
2021-04-16 10:02:59,2564.6,787847
2021-04-16 10:03:01,2565.0,788137
2021-04-16 10:03:01,2564.0,788097
2021-04-16 10:03:02,2565.2,788257
2021-04-16 10:03:03,2565.6,788891
2021-04-16 10:03:04,2564.1,789097
2021-04-16 10:03:05,2565.3,789132
2021-04-16 10:03:06,2564.4,789329
2021-04-16 10:03:07,2564.45,789335
2021-04-16 10:03:09,2565.85,789526
2021-04-16 10:03:09,2565.55,789536
2021-04-16 10:03:10,2564.45,789736
2021-04-16 10:03:11,2566.4,790033
2021-04-16 10:03:12,2565.15,790330
2021-04-16 10:03:13,2565.2,790337
2021-04-16 10:03:14,2566.0,790643
2021-04-16 10:03:15,2565.5,790694
2021-04-16 10:03:16,2565.5,791158
2021-04-16 10:03:17,2566.1,791274
2021-04-16 10:03:18,2566.85,791285
2021-04-16 10:03:20,2565.7,791596
2021-04-16 10:03:20,2565.65,791590
2021-04-16 10:03:21,2565.65,791683
2021-04-16 10:03:22,2565.65,791783
2021-04-16 10:03:23,2567.2,791870
2021-04-16 10:03:24,2567.2,791902
2021-04-16 10:03:26,2567.1,791976
2021-04-16 10:03:26,2567.8,791983
2021-04-16 10:03:27,2567.1,792019
2021-04-16 10:03:28,2567.1,792019
2021-04-16 10:03:29,2567.8,792054
2021-04-16 10:03:30,2567.8,792323
2021-04-16 10:03:31,2567.8,792389
2021-04-16 10:03:32,2568.35,792697
2021-04-16 10:03:33,2567.85,792944
2021-04-16 10:03:35,2568.35,792979
2021-04-16 10:03:35,2568.35,792979
2021-04-16 10:03:36,2568.65,793081
2021-04-16 10:03:37,2568.65,793091
2021-04-16 10:03:38,2568.85,793125
2021-04-16 10:03:39,2568.85,793125
2021-04-16 10:03:40,2568.0,793255
2021-04-16 10:03:41,2568.95,793281
2021-04-16 10:03:42,2568.95,793281
2021-04-16 10:03:43,2568.65,793351
2021-04-16 10:03:45,2569.35,793439
2021-04-16 10:03:45,2569.35,793439
2021-04-16 10:03:46,2569.45,793615
2021-04-16 10:03:47,2569.25,793620
2021-04-16 10:03:48,2569.45,793709
2021-04-16 10:03:49,2569.45,793788
2021-04-16 10:03:51,2569.45,793824
2021-04-16 10:03:51,2569.45,793824
2021-04-16 10:03:52,2570.0,793967
2021-04-16 10:03:53,2570.0,793967
2021-04-16 10:03:54,2569.9,793971
2021-04-16 10:03:55,2570.1,794200
2021-04-16 10:03:57,2570.1,794406
2021-04-16 10:03:57,2570.1,794406
2021-04-16 10:03:58,2571.0,794437
2021-04-16 10:03:59,2571.0,794437
2021-04-16 10:04:00,2571.0,794662
2021-04-16 10:04:01,2568.6,803098
2021-04-16 10:04:03,2568.6,803098
2021-04-16 10:04:03,2568.6,803098
2021-04-16 10:04:04,2567.2,803347
2021-04-16 10:04:05,2567.2,803347
2021-04-16 10:04:06,2567.8,803428
2021-04-16 10:04:07,2567.9,803459
2021-04-16 10:04:08,2567.2,803476
2021-04-16 10:04:09,2567.45,804098
2021-04-16 10:04:10,2567.2,804122
2021-04-16 10:04:12,2567.3,804308
2021-04-16 10:04:12,2566.5,804203
2021-04-16 10:04:13,2567.25,804393
2021-04-16 10:04:14,2567.3,804417
2021-04-16 10:04:15,2567.45,804479
2021-04-16 10:04:16,2567.8,804488
2021-04-16 10:04:17,2566.1,804697
2021-04-16 10:04:18,2567.0,804997
2021-04-16 10:04:20,2565.8,805046
2021-04-16 10:04:20,2565.8,805046
2021-04-16 10:04:21,2565.8,805046
2021-04-16 10:04:22,2565.8,805046
2021-04-16 10:04:23,2566.2,805063
2021-04-16 10:04:24,2567.0,805285
2021-04-16 10:04:26,2568.2,805763
2021-04-16 10:04:27,2568.2,805968
2021-04-16 10:04:27,2568.2,805968
2021-04-16 10:04:28,2568.8,806161
2021-04-16 10:04:29,2568.2,806213
2021-04-16 10:04:30,2568.2,806213
2021-04-16 10:04:31,2568.9,806364
2021-04-16 10:04:32,2568.9,806364
2021-04-16 10:04:34,2568.2,806396
2021-04-16 10:04:35,2568.2,806396
2021-04-16 10:04:35,2568.2,806396
2021-04-16 10:04:36,2568.2,806396
2021-04-16 10:04:37,2568.2,806460
2021-04-16 10:04:38,2568.65,806682
2021-04-16 10:04:40,2568.2,806688
2021-04-16 10:04:41,2568.2,806688
2021-04-16 10:04:42,2567.45,806988
2021-04-16 10:04:42,2567.45,806988
2021-04-16 10:04:43,2568.0,807034
2021-04-16 10:04:44,2568.0,807038
2021-04-16 10:04:46,2568.35,807087
2021-04-16 10:04:47,2568.0,807461
2021-04-16 10:04:48,2568.35,807478
2021-04-16 10:04:48,2568.0,807479
2021-04-16 10:04:49,2568.35,807531
2021-04-16 10:04:50,2568.0,807600
2021-04-16 10:04:51,2568.0,807605
2021-04-16 10:04:53,2568.0,807695
2021-04-16 10:04:54,2568.0,807695
2021-04-16 10:04:54,2568.0,807695
2021-04-16 10:04:55,2568.2,807865
2021-04-16 10:04:56,2568.2,807865
2021-04-16 10:04:57,2568.0,807931
2021-04-16 10:04:58,2568.2,807941
2021-04-16 10:05:00,2568.35,807977
2021-04-16 10:05:01,2568.75,808234
2021-04-16 10:05:01,2568.75,808234
2021-04-16 10:05:02,2568.75,808234
2021-04-16 10:05:03,2568.2,808262
2021-04-16 10:05:05,2568.45,808521
2021-04-16 10:05:06,2568.45,808522
2021-04-16 10:05:06,2568.45,808522
2021-04-16 10:05:07,2568.45,808522
2021-04-16 10:05:08,2569.55,808524
2021-04-16 10:05:09,2569.95,808555
2021-04-16 10:05:11,2569.75,808700
2021-04-16 10:05:12,2570.0,808704
2021-04-16 10:05:13,2569.75,808864
2021-04-16 10:05:13,2569.75,808864
2021-04-16 10:05:14,2570.05,809153
2021-04-16 10:05:15,2570.05,809188
