timestamp,ltp,volume
2021-04-16 09:15:04,914.0,6434
2021-04-16 09:15:05,913.95,6869
2021-04-16 09:15:05,913.95,6864
2021-04-16 09:15:06,914.4,8539
2021-04-16 09:15:08,913.05,9560
2021-04-16 09:15:09,913.4,9787
2021-04-16 09:15:10,914.0,9897
2021-04-16 09:15:11,912.55,10529
2021-04-16 09:15:12,912.75,10958
2021-04-16 09:15:13,913.1,11191
2021-04-16 09:15:14,913.1,11191
2021-04-16 09:15:15,913.3,11502
2021-04-16 09:15:16,913.4,11681
2021-04-16 09:15:16,913.4,11681
2021-04-16 09:15:18,914.95,12038
2021-04-16 09:15:19,915.2,12216
2021-04-16 09:15:20,913.1,12896
2021-04-16 09:15:21,913.25,13268
2021-04-16 09:15:22,915.2,14740
2021-04-16 09:15:23,915.25,15215
2021-04-16 09:15:24,914.0,15240
2021-04-16 09:15:24,914.25,15467
2021-04-16 09:15:25,913.0,16855
2021-04-16 09:15:26,913.05,17212
2021-04-16 09:15:28,914.1,17832
2021-04-16 09:15:29,915.0,18500
2021-04-16 09:15:29,914.0,18506
2021-04-16 09:15:30,915.05,18556
2021-04-16 09:15:31,915.1,18789
2021-04-16 09:15:32,913.4,20617
2021-04-16 09:15:33,913.55,20967
2021-04-16 09:15:35,914.05,21321
2021-04-16 09:15:37,914.9,21584
2021-04-16 09:15:38,915.0,21730
2021-04-16 09:15:39,914.95,21755
2021-04-16 09:15:40,914.85,22223
2021-04-16 09:15:40,915.8,22346
2021-04-16 09:15:41,915.1,22798
2021-04-16 09:15:42,915.0,22962
2021-04-16 09:15:44,915.2,22971
2021-04-16 09:15:45,915.15,23839
2021-04-16 09:15:46,915.15,23999
2021-04-16 09:15:46,915.5,24113
2021-04-16 09:15:48,915.15,24239
2021-04-16 09:15:49,915.15,24639
2021-04-16 09:15:51,915.45,26487
2021-04-16 09:15:51,915.45,26487
2021-04-16 09:15:52,915.45,28446
2021-04-16 09:15:53,916.0,29122
2021-04-16 09:15:55,916.25,30405
2021-04-16 09:15:56,916.15,32661
2021-04-16 09:15:57,916.5,32937
2021-04-16 09:15:58,916.45,33277
2021-04-16 09:15:59,916.45,33291
2021-04-16 09:16:00,915.7,33358
2021-04-16 09:16:02,916.45,33664
2021-04-16 09:16:02,916.5,33958
2021-04-16 09:16:04,915.4,35249
2021-04-16 09:16:05,916.15,35931
2021-04-16 09:16:07,915.05,38234
2021-04-16 09:16:08,915.9,38345
2021-04-16 09:16:09,913.4,40606
2021-04-16 09:16:10,913.65,40892
2021-04-16 09:16:11,914.05,41500
2021-04-16 09:16:12,914.2,41723
2021-04-16 09:16:13,915.25,42380
2021-04-16 09:16:13,915.3,42330
2021-04-16 09:16:15,914.9,42515
2021-04-16 09:16:15,914.9,42515
2021-04-16 09:16:16,914.95,42727
2021-04-16 09:16:17,914.95,42727
2021-04-16 09:16:18,915.05,43348
2021-04-16 09:16:19,915.0,43469
2021-04-16 09:16:20,914.95,44171
2021-04-16 09:16:21,914.95,44221
2021-04-16 09:16:22,915.2,44306
2021-04-16 09:16:23,915.2,44317
2021-04-16 09:16:24,915.15,44543
2021-04-16 09:16:26,915.25,45176
2021-04-16 09:16:27,915.1,45495
2021-04-16 09:16:28,915.3,45595
2021-04-16 09:16:28,915.3,45595
2021-04-16 09:16:29,915.35,46387
2021-04-16 09:16:31,915.5,46523
2021-04-16 09:16:32,915.5,46708
2021-04-16 09:16:33,915.65,46920
2021-04-16 09:16:34,915.85,47221
2021-04-16 09:16:35,915.85,47221
2021-04-16 09:16:36,915.65,49133
2021-04-16 09:16:37,916.3,49134
2021-04-16 09:16:38,916.3,49134
2021-04-16 09:16:39,915.7,49196
2021-04-16 09:16:40,916.25,49356
2021-04-16 09:16:41,916.3,49387
2021-04-16 09:16:42,915.4,50340
2021-04-16 09:16:43,915.4,50340
2021-04-16 09:16:44,915.85,50470
2021-04-16 09:16:45,913.4,57362
2021-04-16 09:16:46,913.9,59160
2021-04-16 09:16:46,914.4,59325
2021-04-16 09:16:48,914.9,60812
2021-04-16 09:16:49,914.3,60813
2021-04-16 09:16:50,914.3,60813
2021-04-16 09:16:51,914.25,61753
2021-04-16 09:16:52,913.9,61757
2021-04-16 09:16:53,913.75,62923
2021-04-16 09:16:54,914.35,63219
2021-04-16 09:16:55,914.15,63234
2021-04-16 09:16:56,914.35,63687
2021-04-16 09:16:57,914.15,63747
2021-04-16 09:16:58,914.0,63886
2021-04-16 09:16:59,913.8,64937
2021-04-16 09:17:00,913.45,65097
2021-04-16 09:17:01,913.95,65321
2021-04-16 09:17:02,913.7,65361
2021-04-16 09:17:03,914.0,65660
2021-04-16 09:17:04,914.2,65760
2021-04-16 09:17:04,914.2,65760
2021-04-16 09:17:05,913.7,66041
2021-04-16 09:17:07,913.6,66559
2021-04-16 09:17:09,914.2,67062
2021-04-16 09:17:09,914.2,67062
2021-04-16 09:17:10,914.2,67169
2021-04-16 09:17:12,913.2,68223
2021-04-16 09:17:13,913.65,68808
2021-04-16 09:17:13,913.3,68829
2021-04-16 09:17:14,914.15,69734
2021-04-16 09:17:16,913.35,70002
2021-04-16 09:17:17,913.6,70085
2021-04-16 09:17:18,914.0,70400
2021-04-16 09:17:19,914.0,70409
2021-04-16 09:17:20,913.6,70629
2021-04-16 09:17:20,913.6,70629
2021-04-16 09:17:21,913.6,70629
2021-04-16 09:17:22,913.6,70629
2021-04-16 09:17:23,913.6,70629
2021-04-16 09:17:24,913.6,70629
2021-04-16 09:17:25,913.6,70629
2021-04-16 09:17:27,913.6,70629
2021-04-16 09:17:28,914.0,71345
2021-04-16 09:17:28,913.8,71366
2021-04-16 09:17:29,913.8,71366
2021-04-16 09:17:30,913.8,71509
2021-04-16 09:17:32,914.0,72655
2021-04-16 09:17:33,914.0,72965
2021-04-16 09:17:35,913.8,73909
2021-04-16 09:17:35,913.5,75321
2021-04-16 09:17:36,913.5,75654
2021-04-16 09:17:37,913.35,75662
2021-04-16 09:17:38,913.0,78375
2021-04-16 09:17:39,912.9,78397
2021-04-16 09:17:40,912.25,78540
2021-04-16 09:17:41,912.15,78921
2021-04-16 09:17:42,912.15,79075
2021-04-16 09:17:44,912.4,79200
2021-04-16 09:17:45,912.2,79337
2021-04-16 09:17:46,912.4,80092
2021-04-16 09:17:47,912.35,80166
2021-04-16 09:17:48,912.35,80166
2021-04-16 09:17:49,912.3,80388
2021-04-16 09:17:50,911.9,80461
2021-04-16 09:17:50,911.9,80461
2021-04-16 09:17:51,911.45,81495
2021-04-16 09:17:53,911.55,81710
2021-04-16 09:17:54,912.0,81871
2021-04-16 09:17:56,911.6,82078
2021-04-16 09:17:57,912.05,82252
2021-04-16 09:17:58,911.65,82426
2021-04-16 09:17:59,911.6,82651
2021-04-16 09:18:01,911.95,83093
2021-04-16 09:18:02,911.95,83208
2021-04-16 09:18:04,911.6,83308
2021-04-16 09:18:05,911.6,83480
2021-04-16 09:18:06,911.6,83583
2021-04-16 09:18:07,911.65,84287
2021-04-16 09:18:08,911.6,85656
2021-04-16 09:18:08,911.65,85388
2021-04-16 09:18:10,911.6,85860
2021-04-16 09:18:11,911.6,86521
2021-04-16 09:18:11,911.65,86586
2021-04-16 09:18:12,911.65,86621
2021-04-16 09:18:13,911.3,86635
2021-04-16 09:18:14,911.4,86715
2021-04-16 09:18:15,911.35,86768
2021-04-16 09:18:17,911.3,87342
2021-04-16 09:18:18,911.5,87423
2021-04-16 09:18:18,911.5,87423
2021-04-16 09:18:20,911.0,87453
2021-04-16 09:18:21,911.0,87478
2021-04-16 09:18:22,911.35,87599
2021-04-16 09:18:23,911.35,87599
2021-04-16 09:18:24,910.8,87649
2021-04-16 09:18:25,911.35,87709
2021-04-16 09:18:27,910.8,87790
2021-04-16 09:18:28,910.8,87790
2021-04-16 09:18:29,910.85,87805
2021-04-16 09:18:30,910.8,87807
2021-04-16 09:18:31,910.75,87932
2021-04-16 09:18:32,910.75,87982
2021-04-16 09:18:33,910.75,88024
2021-04-16 09:18:34,910.35,88284
2021-04-16 09:18:37,910.75,88879
2021-04-16 09:18:38,910.85,88954
2021-04-16 09:18:39,910.4,89124
2021-04-16 09:18:41,910.45,89227
2021-04-16 09:18:43,911.0,89382
2021-04-16 09:18:44,910.5,89402
2021-04-16 09:18:45,911.0,89407
2021-04-16 09:18:46,910.5,89752
2021-04-16 09:18:47,910.95,89943
2021-04-16 09:18:48,911.0,89989
2021-04-16 09:18:49,910.35,90189
2021-04-16 09:18:50,910.85,91304
2021-04-16 09:18:51,910.9,91588
2021-04-16 09:18:52,910.9,91588
2021-04-16 09:18:53,910.9,91588
2021-04-16 09:18:54,910.85,91648
2021-04-16 09:18:55,910.85,91757
2021-04-16 09:18:56,910.75,92329
2021-04-16 09:18:57,911.0,92359
2021-04-16 09:18:58,911.0,92409
2021-04-16 09:18:59,911.15,92636
2021-04-16 09:19:00,911.4,92709
2021-04-16 09:19:02,911.35,93054
2021-04-16 09:19:01,910.9,93016
2021-04-16 09:19:03,911.35,93059
2021-04-16 09:19:04,910.95,93219
2021-04-16 09:19:05,911.35,93221
2021-04-16 09:19:06,911.15,93313
2021-04-16 09:19:07,911.0,93521
2021-04-16 09:19:08,911.0,93521
2021-04-16 09:19:09,911.0,93524
2021-04-16 09:19:10,911.05,93554
2021-04-16 09:19:11,911.05,93554
2021-04-16 09:19:12,911.05,93554
2021-04-16 09:19:13,911.4,93604
2021-04-16 09:19:14,911.4,93606
2021-04-16 09:19:15,911.9,93612
2021-04-16 09:19:16,911.15,94675
2021-04-16 09:19:17,911.8,94752
2021-04-16 09:19:18,911.9,94919
2021-04-16 09:19:19,911.95,94930
2021-04-16 09:19:20,912.0,95049
2021-04-16 09:19:21,911.95,95086
2021-04-16 09:19:22,911.85,95192
2021-04-16 09:19:23,911.7,95197
2021-04-16 09:19:24,911.8,95784
2021-04-16 09:19:25,911.7,95933
2021-04-16 09:19:26,911.95,95983
2021-04-16 09:19:27,911.45,96079
2021-04-16 09:19:28,912.0,97748
2021-04-16 09:19:29,911.6,98043
2021-04-16 09:19:30,911.65,98343
2021-04-16 09:19:31,912.1,98600
2021-04-16 09:19:32,911.7,98650
2021-04-16 09:19:33,911.7,98650
2021-04-16 09:19:34,911.95,98652
2021-04-16 09:19:35,912.05,98692
2021-04-16 09:19:36,912.0,98850
2021-04-16 09:19:37,912.0,98850
2021-04-16 09:19:38,912.15,99048
2021-04-16 09:19:39,912.0,99173
2021-04-16 09:19:40,912.0,99344
2021-04-16 09:19:41,912.0,99344
2021-04-16 09:19:42,912.0,99344
2021-04-16 09:19:43,912.15,99345
2021-04-16 09:19:44,912.15,99345
2021-04-16 09:19:45,912.15,99355
2021-04-16 09:19:46,912.25,99480
2021-04-16 09:19:47,912.25,99540
2021-04-16 09:19:48,912.0,99566
2021-04-16 09:19:49,912.15,99579
2021-04-16 09:19:50,912.25,99662
2021-04-16 09:19:51,912.9,100447
2021-04-16 09:19:52,913.65,100542
2021-04-16 09:19:53,913.4,100544
2021-04-16 09:19:54,913.45,100619
2021-04-16 09:19:55,913.55,100668
2021-04-16 09:19:56,913.55,100668
2021-04-16 09:19:57,913.35,100947
2021-04-16 09:19:58,913.45,101006
2021-04-16 09:19:59,912.9,101202
2021-04-16 09:20:00,913.95,101422
2021-04-16 09:20:01,913.75,101953
2021-04-16 09:20:02,913.5,102161
2021-04-16 09:20:03,913.5,102161
2021-04-16 09:20:04,914.05,103841
2021-04-16 09:20:05,913.35,104460
2021-04-16 09:20:06,913.5,104531
2021-04-16 09:20:07,913.5,104700
2021-04-16 09:20:08,913.7,104838
2021-04-16 09:20:09,913.7,104980
2021-04-16 09:20:10,913.4,105250
2021-04-16 09:20:11,914.15,105382
2021-04-16 09:20:12,914.15,105382
2021-04-16 09:20:13,913.75,105492
2021-04-16 09:20:14,913.75,105492
2021-04-16 09:20:15,914.3,106362
2021-04-16 09:20:16,914.0,106631
2021-04-16 09:20:17,914.25,106641
2021-04-16 09:20:18,914.1,107276
2021-04-16 09:20:19,915.0,110472
2021-04-16 09:20:20,914.95,112430
2021-04-16 09:20:21,915.0,112693
2021-04-16 09:20:22,914.6,112808
2021-04-16 09:20:24,914.6,112809
2021-04-16 09:20:23,914.6,112808
2021-04-16 09:20:25,914.55,112971
2021-04-16 09:20:26,914.55,113264
2021-04-16 09:20:27,914.05,113495
2021-04-16 09:20:29,914.55,113554
2021-04-16 09:20:28,914.55,113506
2021-04-16 09:20:30,914.5,113760
2021-04-16 09:20:31,914.95,113808
2021-04-16 09:20:32,915.3,113964
2021-04-16 09:20:33,915.3,113965
2021-04-16 09:20:34,915.3,113985
2021-04-16 09:20:35,915.3,113995
2021-04-16 09:20:37,914.85,114075
2021-04-16 09:20:37,914.85,114075
2021-04-16 09:20:38,914.85,114075
2021-04-16 09:20:39,915.0,114110
2021-04-16 09:20:40,915.3,114140
2021-04-16 09:20:42,915.3,115301
2021-04-16 09:20:42,915.15,115389
2021-04-16 09:20:43,915.3,115420
2021-04-16 09:20:45,915.05,116089
2021-04-16 09:20:45,915.3,116155
2021-04-16 09:20:46,915.55,116344
2021-04-16 09:20:47,915.9,116748
2021-04-16 09:20:48,915.3,116783
2021-04-16 09:20:50,915.3,117762
2021-04-16 09:20:50,915.4,118148
2021-04-16 09:20:52,915.05,120328
2021-04-16 09:20:52,915.3,120066
2021-04-16 09:20:53,915.65,120379
2021-04-16 09:20:55,916.05,122018
2021-04-16 09:20:55,915.9,121025
2021-04-16 09:20:56,915.05,124341
2021-04-16 09:20:57,915.45,124772
2021-04-16 09:20:58,915.6,126318
2021-04-16 09:21:00,915.95,128217
2021-04-16 09:21:00,915.75,128749
2021-04-16 09:21:01,915.9,130484
2021-04-16 09:21:02,915.85,131726
2021-04-16 09:21:03,915.9,132914
2021-04-16 09:21:04,915.75,134124
2021-04-16 09:21:05,915.5,136253
2021-04-16 09:21:06,915.45,136686
2021-04-16 09:21:07,915.6,137378
2021-04-16 09:21:08,915.65,138542
2021-04-16 09:21:09,915.7,140306
2021-04-16 09:21:10,916.4,140949
2021-04-16 09:21:11,915.8,141442
2021-04-16 09:21:12,916.6,141615
2021-04-16 09:21:14,916.45,142851
2021-04-16 09:21:14,916.5,147182
2021-04-16 09:21:15,917.85,149136
2021-04-16 09:21:17,917.7,150757
2021-04-16 09:21:17,917.2,154171
2021-04-16 09:21:19,917.45,155054
2021-04-16 09:21:19,917.3,155634
2021-04-16 09:21:21,917.5,156698
2021-04-16 09:21:21,918.2,156771
2021-04-16 09:21:22,918.15,156950
2021-04-16 09:21:23,917.55,159098
2021-04-16 09:21:24,917.75,159673
2021-04-16 09:21:25,917.8,159921
2021-04-16 09:21:26,916.9,161398
2021-04-16 09:21:27,917.2,161703
2021-04-16 09:21:28,916.95,162774
2021-04-16 09:21:29,915.0,166609
2021-04-16 09:21:31,914.4,168486
2021-04-16 09:21:33,915.6,168912
2021-04-16 09:21:33,915.65,169095
2021-04-16 09:21:34,916.2,169227
2021-04-16 09:21:35,915.9,169605
2021-04-16 09:21:36,915.45,170510
2021-04-16 09:21:37,915.5,170654
2021-04-16 09:21:38,915.5,170654
2021-04-16 09:21:39,914.2,172321
2021-04-16 09:21:40,914.8,172448
2021-04-16 09:21:41,914.0,172610
2021-04-16 09:21:43,914.2,172876
2021-04-16 09:21:43,914.0,172885
2021-04-16 09:21:44,914.2,173022
2021-04-16 09:21:46,914.0,173066
2021-04-16 09:21:46,914.2,173103
2021-04-16 09:21:47,914.2,173755
2021-04-16 09:21:48,914.2,173815
2021-04-16 09:21:50,914.0,174289
2021-04-16 09:21:51,914.05,174761
2021-04-16 09:21:52,914.0,174942
2021-04-16 09:21:53,914.05,175105
2021-04-16 09:21:54,914.05,175105
2021-04-16 09:21:55,913.8,175342
2021-04-16 09:21:56,913.95,175392
2021-04-16 09:21:57,913.8,175411
2021-04-16 09:21:58,913.8,175411
2021-04-16 09:21:59,913.4,175770
2021-04-16 09:22:00,913.4,175770
2021-04-16 09:22:01,913.4,175770
2021-04-16 09:22:02,913.8,177221
2021-04-16 09:22:03,913.2,177359
2021-04-16 09:22:04,913.1,177439
2021-04-16 09:22:05,913.3,177472
2021-04-16 09:22:07,913.0,177711
2021-04-16 09:22:07,913.0,177711
2021-04-16 09:22:09,913.8,177984
2021-04-16 09:22:09,913.75,178047
2021-04-16 09:22:10,913.05,179067
2021-04-16 09:22:14,913.8,179388
2021-04-16 09:22:16,913.25,179978
2021-04-16 09:22:17,913.6,180074
2021-04-16 09:22:18,913.6,180099
2021-04-16 09:22:19,913.2,180104
2021-04-16 09:22:20,913.25,180135
2021-04-16 09:22:21,913.6,180335
2021-04-16 09:22:22,913.15,180435
2021-04-16 09:22:23,913.15,180598
2021-04-16 09:22:24,913.0,181209
2021-04-16 09:22:25,913.8,181491
2021-04-16 09:22:26,913.05,182084
2021-04-16 09:22:27,913.3,182139
2021-04-16 09:22:28,913.6,182146
2021-04-16 09:22:29,913.3,182173
2021-04-16 09:22:30,913.3,182173
2021-04-16 09:22:31,913.25,182283
2021-04-16 09:22:32,913.25,182284
2021-04-16 09:22:33,913.0,183522
2021-04-16 09:22:34,913.0,183522
2021-04-16 09:22:36,913.4,183547
2021-04-16 09:22:36,913.4,183602
2021-04-16 09:22:38,913.5,183606
2021-04-16 09:22:39,913.5,183606
2021-04-16 09:22:40,913.5,183663
2021-04-16 09:22:41,913.5,183986
2021-04-16 09:22:42,913.5,183987
2021-04-16 09:22:43,913.6,184061
2021-04-16 09:22:43,913.6,184061
2021-04-16 09:22:45,913.5,184112
2021-04-16 09:22:45,913.5,184112
2021-04-16 09:22:46,913.5,184112
2021-04-16 09:22:47,913.6,184181
2021-04-16 09:22:48,913.6,184196
2021-04-16 09:22:50,914.0,184251
2021-04-16 09:22:50,914.0,184251
2021-04-16 09:22:51,914.0,184251
2021-04-16 09:22:52,914.0,184251
2021-04-16 09:22:53,913.5,184489
2021-04-16 09:22:54,913.5,184489
2021-04-16 09:22:56,913.5,184622
2021-04-16 09:22:57,912.95,185151
2021-04-16 09:22:58,913.5,185680
2021-04-16 09:22:59,913.5,185765
2021-04-16 09:22:59,913.4,185816
2021-04-16 09:23:01,913.5,185866
2021-04-16 09:23:01,913.0,185967
2021-04-16 09:23:03,913.35,185982
2021-04-16 09:23:03,913.7,186092
2021-04-16 09:23:07,913.3,186312
2021-04-16 09:23:08,913.3,186312
2021-04-16 09:23:09,913.4,186407
2021-04-16 09:23:09,913.4,186322
2021-04-16 09:23:10,913.4,186407
2021-04-16 09:23:11,913.1,186455
2021-04-16 09:23:12,913.4,186475
2021-04-16 09:23:17,913.0,186651
2021-04-16 09:23:18,913.05,186656
2021-04-16 09:23:19,913.05,186874
2021-04-16 09:23:20,913.05,186894
2021-04-16 09:23:21,913.05,186894
2021-04-16 09:23:22,913.05,186894
2021-04-16 09:23:23,912.95,187246
2021-04-16 09:23:24,912.95,187246
2021-04-16 09:23:26,912.95,187279
2021-04-16 09:23:27,912.95,187310
2021-04-16 09:23:28,912.8,187347
2021-04-16 09:23:29,913.0,187355
2021-04-16 09:23:30,912.8,187377
2021-04-16 09:23:31,912.8,187377
2021-04-16 09:23:32,912.8,187424
2021-04-16 09:23:33,912.65,187495
2021-04-16 09:23:34,912.6,187545
2021-04-16 09:23:34,912.95,187546
2021-04-16 09:23:35,912.95,187546
2021-04-16 09:23:36,912.8,187549
2021-04-16 09:23:39,912.45,188007
2021-04-16 09:23:40,912.55,188128
2021-04-16 09:23:42,912.8,188133
2021-04-16 09:23:43,912.8,188133
2021-04-16 09:23:43,912.8,188133
2021-04-16 09:23:44,912.8,188133
2021-04-16 09:23:45,912.8,188133
2021-04-16 09:23:46,912.8,188133
2021-04-16 09:23:47,912.45,188136
2021-04-16 09:23:48,912.8,188141
2021-04-16 09:23:49,912.8,188298
2021-04-16 09:23:50,912.8,188308
2021-04-16 09:23:51,912.45,188370
2021-04-16 09:23:52,912.6,188431
2021-04-16 09:23:53,912.55,188593
2021-04-16 09:23:54,912.35,188793
2021-04-16 09:23:55,912.3,188872
2021-04-16 09:23:56,912.45,189101
2021-04-16 09:23:57,912.45,189101
2021-04-16 09:23:58,912.45,189101
2021-04-16 09:23:59,912.45,189105
2021-04-16 09:24:01,912.45,189222
2021-04-16 09:24:01,912.3,189422
2021-04-16 09:24:02,912.25,189595
2021-04-16 09:24:03,912.4,189650
2021-04-16 09:24:05,913.0,190928
2021-04-16 09:24:06,913.0,191038
2021-04-16 09:24:07,912.55,191162
2021-04-16 09:24:10,913.0,191321
2021-04-16 09:24:11,913.0,191341
2021-04-16 09:24:12,912.7,191404
2021-04-16 09:24:13,913.0,191895
2021-04-16 09:24:15,912.75,192515
2021-04-16 09:24:15,912.75,192515
2021-04-16 09:24:16,913.0,192578
2021-04-16 09:24:17,913.0,192578
2021-04-16 09:24:18,913.0,192603
2021-04-16 09:24:19,913.3,192705
2021-04-16 09:24:20,913.3,192705
2021-04-16 09:24:22,913.3,192705
2021-04-16 09:24:23,913.3,192705
2021-04-16 09:24:24,912.95,192715
2021-04-16 09:24:24,912.95,192715
2021-04-16 09:24:25,912.95,192789
2021-04-16 09:24:26,912.95,192834
2021-04-16 09:24:27,913.0,192893
2021-04-16 09:24:28,913.0,192893
2021-04-16 09:24:29,913.0,192894
2021-04-16 09:24:30,913.0,192994
2021-04-16 09:24:32,913.0,193302
2021-04-16 09:24:32,913.0,193302
2021-04-16 09:24:33,913.05,193304
2021-04-16 09:24:34,913.05,193330
2021-04-16 09:24:36,913.35,193350
2021-04-16 09:24:37,913.35,193350
2021-04-16 09:24:38,913.2,193362
2021-04-16 09:24:38,913.2,193362
2021-04-16 09:24:39,913.2,193362
2021-04-16 09:24:41,913.2,193384
2021-04-16 09:24:41,913.0,193484
2021-04-16 09:24:42,913.0,193532
2021-04-16 09:24:44,913.35,193552
2021-04-16 09:24:46,913.35,193591
2021-04-16 09:24:47,913.7,193689
2021-04-16 09:24:48,913.7,193689
2021-04-16 09:24:49,913.65,193739
2021-04-16 09:24:50,913.7,193891
2021-04-16 09:24:51,913.7,193891
2021-04-16 09:24:52,914.55,194499
2021-04-16 09:24:53,913.8,194505
2021-04-16 09:24:54,913.8,194520
2021-04-16 09:24:55,914.2,194525
2021-04-16 09:24:57,914.2,194525
2021-04-16 09:24:58,914.2,194525
2021-04-16 09:24:59,914.2,194525
2021-04-16 09:25:00,914.25,194527
2021-04-16 09:25:01,913.8,195027
2021-04-16 09:25:02,914.15,195108
2021-04-16 09:25:03,913.8,195282
2021-04-16 09:25:04,914.25,195312
2021-04-16 09:25:05,913.7,195585
2021-04-16 09:25:06,913.7,195610
2021-04-16 09:25:07,913.8,195660
2021-04-16 09:25:08,913.8,195660
2021-04-16 09:25:09,913.8,195660
2021-04-16 09:25:10,914.0,195855
2021-04-16 09:25:11,914.0,196631
2021-04-16 09:25:12,914.35,196712
2021-04-16 09:25:13,914.35,196712
2021-04-16 09:25:14,914.35,196714
2021-04-16 09:25:15,914.05,196754
2021-04-16 09:25:16,914.05,196754
2021-04-16 09:25:17,914.05,196754
2021-04-16 09:25:18,914.05,196754
2021-04-16 09:25:19,914.1,196782
2021-04-16 09:25:20,914.1,196790
2021-04-16 09:25:21,914.35,196815
2021-04-16 09:25:23,914.3,196820
2021-04-16 09:25:24,914.5,196880
2021-04-16 09:25:25,914.5,196880
2021-04-16 09:25:26,914.65,197170
2021-04-16 09:25:27,914.65,197170
2021-04-16 09:25:28,914.55,197320
2021-04-16 09:25:29,914.55,197335
2021-04-16 09:25:30,914.65,197510
2021-04-16 09:25:31,914.5,197556
2021-04-16 09:25:32,914.5,197556
2021-04-16 09:25:33,914.75,197566
2021-04-16 09:25:34,914.75,197566
2021-04-16 09:25:34,914.75,197566
2021-04-16 09:25:36,914.75,197566
2021-04-16 09:25:37,914.75,197566
2021-04-16 09:25:38,914.6,197766
2021-04-16 09:25:39,914.55,197881
2021-04-16 09:25:40,914.55,197881
2021-04-16 09:25:41,914.5,197902
2021-04-16 09:25:42,914.5,197902
2021-04-16 09:25:44,914.5,197902
2021-04-16 09:25:46,914.6,197918
2021-04-16 09:25:47,914.6,198036
2021-04-16 09:25:48,914.6,198036
2021-04-16 09:25:49,915.4,198602
2021-04-16 09:25:50,914.75,198652
2021-04-16 09:25:52,914.85,198897
2021-04-16 09:25:54,915.25,198947
2021-04-16 09:25:55,914.7,198967
2021-04-16 09:25:56,915.3,198977
2021-04-16 09:25:57,915.3,199007
2021-04-16 09:25:58,915.25,199012
2021-04-16 09:25:59,915.4,199257
2021-04-16 09:25:59,916.0,199518
2021-04-16 09:26:01,915.25,199571
2021-04-16 09:26:02,914.85,200271
2021-04-16 09:26:03,915.6,200301
2021-04-16 09:26:04,915.25,200381
2021-04-16 09:26:05,915.3,201019
2021-04-16 09:26:05,915.25,200999
2021-04-16 09:26:06,915.65,201236
2021-04-16 09:26:07,916.0,201316
2021-04-16 09:26:08,916.0,201316
2021-04-16 09:26:09,916.0,201341
2021-04-16 09:26:11,915.7,201369
2021-04-16 09:26:12,916.0,201374
2021-04-16 09:26:13,915.7,201403
2021-04-16 09:26:14,915.85,201753
2021-04-16 09:26:15,915.65,201980
2021-04-16 09:26:16,915.65,201980
2021-04-16 09:26:17,915.55,202035
2021-04-16 09:26:18,915.5,202365
2021-04-16 09:26:19,915.85,202378
2021-04-16 09:26:20,915.5,202758
2021-04-16 09:26:21,915.4,202779
2021-04-16 09:26:22,915.45,202860
2021-04-16 09:26:24,915.05,203015
2021-04-16 09:26:25,915.8,203228
2021-04-16 09:26:26,915.4,203328
2021-04-16 09:26:27,915.8,203385
2021-04-16 09:26:28,915.95,203675
2021-04-16 09:26:29,915.95,203775
2021-04-16 09:26:30,915.45,203788
2021-04-16 09:26:30,916.2,204509
2021-04-16 09:26:31,915.7,204662
2021-04-16 09:26:32,915.7,204664
2021-04-16 09:26:33,915.7,204664
2021-04-16 09:26:34,916.0,204894
2021-04-16 09:26:35,916.9,205032
2021-04-16 09:26:36,916.85,205169
2021-04-16 09:26:38,916.85,205224
2021-04-16 09:26:39,916.0,205724
2021-04-16 09:26:40,916.0,205724
2021-04-16 09:26:41,916.2,205818
2021-04-16 09:26:41,916.2,205818
2021-04-16 09:26:42,916.2,205818
2021-04-16 09:26:43,916.2,205825
2021-04-16 09:26:44,916.1,205848
2021-04-16 09:26:45,916.1,205855
2021-04-16 09:26:46,916.05,206230
2021-04-16 09:26:47,916.4,206280
2021-04-16 09:26:49,916.05,206994
2021-04-16 09:26:49,916.05,206994
2021-04-16 09:26:51,916.35,207109
2021-04-16 09:26:52,916.0,207368
2021-04-16 09:26:53,916.05,207370
2021-04-16 09:26:54,916.35,207420
2021-04-16 09:26:55,916.0,207570
2021-04-16 09:26:56,916.05,207582
2021-04-16 09:26:57,916.1,207609
2021-04-16 09:26:58,916.1,207619
2021-04-16 09:26:59,916.1,207629
2021-04-16 09:27:00,916.05,207667
2021-04-16 09:27:01,916.1,207697
2021-04-16 09:27:02,916.05,207707
2021-04-16 09:27:03,916.1,207765
2021-04-16 09:27:05,916.05,207849
2021-04-16 09:27:06,916.05,207864
2021-04-16 09:27:07,916.05,208185
2021-04-16 09:27:08,916.1,208295
2021-04-16 09:27:09,916.1,208295
2021-04-16 09:27:10,916.0,208478
2021-04-16 09:27:11,916.0,208539
2021-04-16 09:27:11,916.0,208539
2021-04-16 09:27:12,916.0,208539
2021-04-16 09:27:13,916.05,208948
2021-04-16 09:27:15,916.05,208958
2021-04-16 09:27:16,916.05,208958
2021-04-16 09:27:17,916.05,209001
2021-04-16 09:27:18,916.05,209001
2021-04-16 09:27:19,916.05,209001
2021-04-16 09:27:20,916.05,209001
2021-04-16 09:27:21,916.0,209021
2021-04-16 09:27:22,916.0,209021
2021-04-16 09:27:23,916.0,209021
2021-04-16 09:27:24,916.0,209021
2021-04-16 09:27:25,916.0,209021
2021-04-16 09:27:26,916.0,209023
2021-04-16 09:27:27,916.0,209023
2021-04-16 09:27:28,916.0,209029
2021-04-16 09:27:30,916.0,209119
2021-04-16 09:27:31,916.05,209150
2021-04-16 09:27:32,916.05,209174
2021-04-16 09:27:33,915.7,209995
2021-04-16 09:27:34,916.05,210018
2021-04-16 09:27:35,916.05,210018
2021-04-16 09:27:36,915.5,210089
2021-04-16 09:27:37,915.5,210089
2021-04-16 09:27:38,915.6,210114
2021-04-16 09:27:38,915.6,210114
2021-04-16 09:27:39,916.0,210316
2021-04-16 09:27:40,915.65,210323
2021-04-16 09:27:42,915.9,210333
2021-04-16 09:27:43,915.9,210333
2021-04-16 09:27:44,915.5,210564
2021-04-16 09:27:45,915.95,210940
2021-04-16 09:27:46,915.5,210946
2021-04-16 09:27:47,915.9,210953
2021-04-16 09:27:48,915.9,210968
2021-04-16 09:27:48,915.9,210968
2021-04-16 09:27:49,915.9,210968
2021-04-16 09:27:51,915.9,210978
2021-04-16 09:27:52,915.9,210996
2021-04-16 09:27:53,915.9,210996
2021-04-16 09:27:54,915.5,211001
2021-04-16 09:27:55,916.0,211154
2021-04-16 09:27:56,915.7,211161
2021-04-16 09:27:57,916.5,212436
2021-04-16 09:27:58,915.95,212870
2021-04-16 09:27:59,916.05,213127
2021-04-16 09:28:00,916.5,213137
2021-04-16 09:28:01,916.45,213981
2021-04-16 09:28:02,916.7,214306
2021-04-16 09:28:03,916.7,214306
2021-04-16 09:28:04,916.15,214316
2021-04-16 09:28:04,916.65,214411
2021-04-16 09:28:05,916.65,214411
2021-04-16 09:28:07,916.05,214470
2021-04-16 09:28:08,916.15,214476
2021-04-16 09:28:10,916.15,214508
2021-04-16 09:28:11,916.65,214668
2021-04-16 09:28:12,916.65,214778
2021-04-16 09:28:13,916.45,214904
2021-04-16 09:28:14,916.55,214974
2021-04-16 09:28:15,916.55,215043
2021-04-16 09:28:16,916.45,215056
2021-04-16 09:28:17,916.55,215106
2021-04-16 09:28:17,916.55,215106
2021-04-16 09:28:19,916.45,215143
2021-04-16 09:28:20,916.45,215158
2021-04-16 09:28:21,916.45,215208
2021-04-16 09:28:22,916.15,215218
2021-04-16 09:28:23,916.15,215230
2021-04-16 09:28:24,916.15,215254
2021-04-16 09:28:25,916.15,215512
2021-04-16 09:28:25,916.15,215512
2021-04-16 09:28:26,916.4,215682
2021-04-16 09:28:27,916.8,216206
2021-04-16 09:28:28,916.8,216206
2021-04-16 09:28:29,916.35,216306
2021-04-16 09:28:30,916.35,216306
2021-04-16 09:28:31,916.25,216390
2021-04-16 09:28:32,916.45,216394
2021-04-16 09:28:34,916.45,216429
2021-04-16 09:28:35,916.05,216559
2021-04-16 09:28:36,916.3,216625
2021-04-16 09:28:37,916.3,216665
2021-04-16 09:28:38,916.05,216669
2021-04-16 09:28:39,916.0,216769
2021-04-16 09:28:40,916.0,216769
2021-04-16 09:28:41,916.0,216790
2021-04-16 09:28:42,916.0,216790
2021-04-16 09:28:43,916.0,216790
2021-04-16 09:28:44,916.0,216790
2021-04-16 09:28:44,916.05,216890
2021-04-16 09:28:45,916.0,217012
2021-04-16 09:28:46,916.35,217182
2021-04-16 09:28:48,916.0,217282
2021-04-16 09:28:49,916.0,217282
2021-04-16 09:28:50,916.45,217782
2021-04-16 09:28:51,916.45,217871
2021-04-16 09:28:52,916.55,217926
2021-04-16 09:28:53,916.55,217926
2021-04-16 09:28:53,916.55,217927
2021-04-16 09:28:54,916.55,217927
2021-04-16 09:28:55,916.1,217987
2021-04-16 09:28:56,916.05,218059
2021-04-16 09:28:58,916.55,218123
2021-04-16 09:28:59,916.55,218123
2021-04-16 09:29:00,916.7,218225
2021-04-16 09:29:01,916.7,218225
2021-04-16 09:29:02,916.0,218535
2021-04-16 09:29:03,916.0,218535
2021-04-16 09:29:04,916.15,218542
2021-04-16 09:29:05,916.15,218562
2021-04-16 09:29:06,916.55,218592
2021-04-16 09:29:07,916.55,218592
2021-04-16 09:29:08,916.55,218597
2021-04-16 09:29:09,916.5,218692
2021-04-16 09:29:10,916.5,218692
2021-04-16 09:29:11,916.5,218692
2021-04-16 09:29:12,916.5,218892
2021-04-16 09:29:13,916.5,218892
2021-04-16 09:29:14,916.5,218892
2021-04-16 09:29:15,916.5,218902
2021-04-16 09:29:16,916.0,219501
2021-04-16 09:29:17,916.5,219503
2021-04-16 09:29:18,916.05,220272
2021-04-16 09:29:19,917.0,221373
2021-04-16 09:29:20,916.5,221378
2021-04-16 09:29:21,916.3,221534
2021-04-16 09:29:22,916.3,221534
2021-04-16 09:29:23,916.3,221610
2021-04-16 09:29:24,916.25,221613
2021-04-16 09:29:25,916.25,221627
2021-04-16 09:29:26,916.25,221627
2021-04-16 09:29:27,916.3,221951
2021-04-16 09:29:28,916.15,221952
2021-04-16 09:29:29,916.3,221955
2021-04-16 09:29:30,916.3,221955
2021-04-16 09:29:31,916.15,222114
2021-04-16 09:29:32,916.0,222779
2021-04-16 09:29:33,916.25,222829
2021-04-16 09:29:34,916.25,222829
2021-04-16 09:29:36,916.05,222974
2021-04-16 09:29:37,916.05,223106
2021-04-16 09:29:38,916.05,223106
2021-04-16 09:29:39,916.3,223116
2021-04-16 09:29:40,916.1,223229
2021-04-16 09:29:41,916.05,223277
2021-04-16 09:29:42,916.3,223377
2021-04-16 09:29:43,916.3,223377
2021-04-16 09:29:44,916.05,223387
2021-04-16 09:29:45,916.05,223387
2021-04-16 09:29:46,916.05,223387
2021-04-16 09:29:47,916.05,223387
2021-04-16 09:29:48,916.05,223387
2021-04-16 09:29:49,916.1,223502
2021-04-16 09:29:50,916.5,223633
2021-04-16 09:29:51,916.2,223634
2021-04-16 09:29:52,916.5,223734
2021-04-16 09:29:53,916.5,223784
2021-04-16 09:29:54,916.3,223792
2021-04-16 09:29:55,916.35,223832
2021-04-16 09:29:56,916.3,223892
2021-04-16 09:29:57,916.3,223906
2021-04-16 09:29:58,916.45,223932
2021-04-16 09:29:59,916.45,223933
2021-04-16 09:30:00,916.5,223935
2021-04-16 09:30:01,916.45,223937
2021-04-16 09:30:02,916.45,223937
2021-04-16 09:30:03,916.45,223952
2021-04-16 09:30:04,916.3,223992
2021-04-16 09:30:05,916.3,224004
2021-04-16 09:30:08,916.3,224197
2021-04-16 09:30:09,916.3,224307
2021-04-16 09:30:10,916.3,224321
2021-04-16 09:30:11,916.45,224347
2021-04-16 09:30:12,916.45,224347
2021-04-16 09:30:13,916.3,224354
2021-04-16 09:30:14,916.05,224710
2021-04-16 09:30:15,916.05,224788
2021-04-16 09:30:18,915.55,225712
2021-04-16 09:30:19,915.55,225775
2021-04-16 09:30:20,915.55,225775
2021-04-16 09:30:21,916.0,225883
2021-04-16 09:30:22,915.7,225903
2021-04-16 09:30:23,915.75,225909
2021-04-16 09:30:24,915.75,225909
2021-04-16 09:30:25,915.75,225909
2021-04-16 09:30:26,915.9,226344
2021-04-16 09:30:27,915.9,226444
2021-04-16 09:30:28,915.9,226444
2021-04-16 09:30:29,915.65,226539
2021-04-16 09:30:30,915.65,226539
2021-04-16 09:30:31,915.55,226559
2021-04-16 09:30:32,915.9,226634
2021-04-16 09:30:33,915.9,226634
2021-04-16 09:30:34,916.3,227410
2021-04-16 09:30:35,916.3,227410
2021-04-16 09:30:36,915.95,227417
2021-04-16 09:30:37,915.95,227509
2021-04-16 09:30:38,915.95,227509
2021-04-16 09:30:43,915.5,227818
2021-04-16 09:30:44,915.9,227878
2021-04-16 09:30:45,915.9,227878
2021-04-16 09:30:46,915.95,228142
2021-04-16 09:30:47,915.75,228167
2021-04-16 09:30:48,915.95,228230
2021-04-16 09:30:49,915.75,228290
2021-04-16 09:30:51,915.75,228290
2021-04-16 09:30:50,915.75,228290
2021-04-16 09:30:52,915.75,228315
2021-04-16 09:30:53,915.75,228320
2021-04-16 09:30:54,915.75,228320
2021-04-16 09:30:55,915.75,228320
2021-04-16 09:30:56,915.75,228320
2021-04-16 09:30:57,915.75,228355
2021-04-16 09:30:58,915.8,228405
2021-04-16 09:30:59,915.8,228405
2021-04-16 09:31:00,916.2,228937
2021-04-16 09:31:01,916.0,229088
2021-04-16 09:31:02,916.0,229088
2021-04-16 09:31:04,915.8,229113
2021-04-16 09:31:05,916.0,229207
2021-04-16 09:31:06,916.0,229275
2021-04-16 09:31:07,916.0,229280
2021-04-16 09:31:08,916.0,230340
2021-04-16 09:31:09,916.15,230388
2021-04-16 09:31:10,916.2,230646
2021-04-16 09:31:11,916.05,230656
2021-04-16 09:31:12,916.3,232401
2021-04-16 09:31:14,916.35,233036
2021-04-16 09:31:15,916.3,233483
2021-04-16 09:31:16,916.15,233609
2021-04-16 09:31:18,916.15,233609
2021-04-16 09:31:18,916.35,233634
2021-04-16 09:31:19,916.15,233639
2021-04-16 09:31:20,916.35,233679
2021-04-16 09:31:22,916.15,233944
2021-04-16 09:31:23,916.15,233998
2021-04-16 09:31:24,916.15,234009
2021-04-16 09:31:25,916.0,235416
2021-04-16 09:31:27,915.75,235585
2021-04-16 09:31:28,915.75,235585
2021-04-16 09:31:29,915.75,235585
2021-04-16 09:31:29,915.75,235585
2021-04-16 09:31:31,916.15,235616
2021-04-16 09:31:32,915.75,235664
2021-04-16 09:31:34,915.75,235748
2021-04-16 09:31:34,915.8,235916
2021-04-16 09:31:35,915.8,235916
2021-04-16 09:31:36,915.8,235916
2021-04-16 09:31:37,915.8,235916
2021-04-16 09:31:38,915.8,235916
2021-04-16 09:31:39,916.15,236046
2021-04-16 09:31:40,915.75,236098
2021-04-16 09:31:41,915.75,236119
2021-04-16 09:31:42,915.75,236119
2021-04-16 09:31:43,915.75,236119
2021-04-16 09:31:44,915.75,236119
2021-04-16 09:31:45,915.75,236119
2021-04-16 09:31:46,915.75,236119
2021-04-16 09:31:47,915.75,236219
2021-04-16 09:31:48,915.8,236535
2021-04-16 09:31:49,915.8,236572
2021-04-16 09:31:50,915.75,236613
2021-04-16 09:31:51,915.5,237841
2021-04-16 09:31:52,915.5,237991
2021-04-16 09:31:53,915.8,238533
2021-04-16 09:31:54,915.8,238533
2021-04-16 09:31:56,915.75,238928
2021-04-16 09:31:56,915.75,238882
2021-04-16 09:31:57,915.75,239063
2021-04-16 09:31:58,915.85,239219
2021-04-16 09:31:59,915.85,239219
2021-04-16 09:32:00,915.75,239257
2021-04-16 09:32:01,915.75,239257
2021-04-16 09:32:02,915.75,239257
2021-04-16 09:32:03,915.7,239272
2021-04-16 09:32:04,915.5,239302
2021-04-16 09:32:05,915.55,239348
2021-04-16 09:32:06,915.7,239398
2021-04-16 09:32:07,915.55,239400
2021-04-16 09:32:08,915.7,239410
2021-04-16 09:32:10,915.55,239415
2021-04-16 09:32:10,915.55,239415
2021-04-16 09:32:12,915.55,239415
2021-04-16 09:32:12,915.5,239915
2021-04-16 09:32:14,915.5,239955
2021-04-16 09:32:14,915.5,239955
2021-04-16 09:32:15,915.7,239960
2021-04-16 09:32:16,915.5,240300
2021-04-16 09:32:17,915.5,240300
2021-04-16 09:32:18,915.5,240300
2021-04-16 09:32:21,915.5,240495
2021-04-16 09:32:22,915.5,240747
2021-04-16 09:32:23,915.5,240747
2021-04-16 09:32:24,915.5,240747
2021-04-16 09:32:25,915.5,240784
2021-04-16 09:32:26,915.5,240934
2021-04-16 09:32:27,915.5,240934
2021-04-16 09:32:28,915.75,240977
2021-04-16 09:32:29,915.75,240977
2021-04-16 09:32:30,915.5,241477
2021-04-16 09:32:31,915.5,241537
2021-04-16 09:32:32,915.5,241537
2021-04-16 09:32:33,915.5,241622
2021-04-16 09:32:34,915.1,241647
2021-04-16 09:32:35,915.1,241647
2021-04-16 09:32:36,915.5,242012
2021-04-16 09:32:37,915.75,242048
2021-04-16 09:32:38,915.75,242048
2021-04-16 09:32:39,915.75,242059
2021-04-16 09:32:40,915.75,242059
2021-04-16 09:32:41,915.75,242073
2021-04-16 09:32:42,915.75,242073
2021-04-16 09:32:43,915.0,245078
2021-04-16 09:32:44,915.0,245078
2021-04-16 09:32:45,915.65,245306
2021-04-16 09:32:46,915.2,245518
2021-04-16 09:32:47,915.25,245785
2021-04-16 09:32:48,915.25,245785
2021-04-16 09:32:50,915.25,245785
2021-04-16 09:32:50,915.25,245785
2021-04-16 09:32:51,915.25,245785
2021-04-16 09:32:52,915.25,245785
2021-04-16 09:32:53,915.25,245785
2021-04-16 09:32:55,915.6,245805
2021-04-16 09:32:56,915.6,245805
2021-04-16 09:32:58,915.6,245805
2021-04-16 09:33:00,915.6,245805
2021-04-16 09:33:01,915.6,245805
2021-04-16 09:33:02,915.7,246355
2021-04-16 09:33:03,915.8,246405
2021-04-16 09:33:04,915.5,246429
2021-04-16 09:33:05,915.9,246543
2021-04-16 09:33:06,915.9,246543
2021-04-16 09:33:07,915.5,246614
2021-04-16 09:33:08,915.5,246619
2021-04-16 09:33:09,915.55,246624
2021-04-16 09:33:10,915.55,246624
2021-04-16 09:33:11,915.2,246724
2021-04-16 09:33:12,915.5,246744
2021-04-16 09:33:13,915.5,246775
2021-04-16 09:33:14,915.5,246775
2021-04-16 09:33:15,915.45,246793
2021-04-16 09:33:16,915.45,246823
2021-04-16 09:33:17,915.45,246823
2021-04-16 09:33:19,915.45,246823
2021-04-16 09:33:20,915.6,247053
2021-04-16 09:33:20,915.6,247053
2021-04-16 09:33:21,915.45,247103
2021-04-16 09:33:23,915.45,247103
2021-04-16 09:33:24,915.5,247107
2021-04-16 09:33:28,915.5,247333
2021-04-16 09:33:29,915.5,247333
2021-04-16 09:33:31,915.5,247333
2021-04-16 09:33:32,915.2,247346
2021-04-16 09:33:33,915.2,247346
2021-04-16 09:33:33,915.2,247346
2021-04-16 09:33:34,915.5,247382
2021-04-16 09:33:35,915.45,247440
2021-04-16 09:33:36,915.5,247540
2021-04-16 09:33:37,915.45,247550
2021-04-16 09:33:38,915.45,247550
2021-04-16 09:33:39,915.45,247550
2021-04-16 09:33:40,915.5,248370
2021-04-16 09:33:41,915.5,248370
2021-04-16 09:33:42,915.5,248370
2021-04-16 09:33:44,915.45,248733
2021-04-16 09:33:46,915.5,248736
2021-04-16 09:33:47,915.45,248807
2021-04-16 09:33:48,915.45,248857
2021-04-16 09:33:48,915.45,248902
2021-04-16 09:33:49,915.45,248902
2021-04-16 09:33:50,915.45,248902
2021-04-16 09:33:51,915.45,248902
2021-04-16 09:33:52,915.45,248912
2021-04-16 09:33:53,915.45,248912
2021-04-16 09:33:54,915.5,249664
2021-04-16 09:33:55,915.5,249725
2021-04-16 09:33:56,915.45,249835
2021-04-16 09:33:57,915.45,249835
2021-04-16 09:33:58,915.45,249849
2021-04-16 09:33:59,915.45,249854
2021-04-16 09:34:00,915.45,249854
2021-04-16 09:34:03,915.0,249979
2021-04-16 09:34:04,915.0,249979
2021-04-16 09:34:05,915.45,249999
2021-04-16 09:34:06,915.45,249999
2021-04-16 09:34:07,915.45,249999
2021-04-16 09:34:07,915.45,249999
2021-04-16 09:34:08,915.45,249999
2021-04-16 09:34:09,915.45,249999
2021-04-16 09:34:10,915.1,250099
2021-04-16 09:34:11,915.1,250149
2021-04-16 09:34:12,915.1,250149
2021-04-16 09:34:14,915.85,250899
2021-04-16 09:34:15,915.85,250899
2021-04-16 09:34:16,915.2,250949
2021-04-16 09:34:18,915.8,250999
2021-04-16 09:34:19,915.25,251114
2021-04-16 09:34:21,915.8,251376
2021-04-16 09:34:22,915.8,251526
2021-04-16 09:34:23,915.4,251576
2021-04-16 09:34:24,915.4,251576
2021-04-16 09:34:25,915.4,251576
2021-04-16 09:34:26,915.4,251576
2021-04-16 09:34:27,915.8,251608
2021-04-16 09:34:28,915.8,251608
2021-04-16 09:34:29,915.6,251649
2021-04-16 09:34:30,915.6,251649
2021-04-16 09:34:31,915.7,251889
2021-04-16 09:34:33,915.7,251889
2021-04-16 09:34:34,915.7,251889
2021-04-16 09:34:35,915.7,251889
2021-04-16 09:34:35,915.7,251889
2021-04-16 09:34:36,915.7,251889
2021-04-16 09:34:37,915.7,251889
2021-04-16 09:34:38,915.6,252072
2021-04-16 09:34:40,915.7,252073
2021-04-16 09:34:40,915.7,252073
2021-04-16 09:34:41,915.7,252195
2021-04-16 09:34:42,915.7,252195
2021-04-16 09:34:43,915.7,252240
2021-04-16 09:34:44,915.7,252240
2021-04-16 09:34:45,915.7,252240
2021-04-16 09:34:46,915.95,252360
2021-04-16 09:34:47,915.95,252360
2021-04-16 09:34:48,915.95,252360
2021-04-16 09:34:49,915.8,252400
2021-04-16 09:34:50,915.8,252400
2021-04-16 09:34:51,915.8,252400
2021-04-16 09:34:52,915.8,252400
2021-04-16 09:34:53,915.8,252415
2021-04-16 09:34:54,915.95,252419
2021-04-16 09:34:55,915.95,252419
2021-04-16 09:34:57,915.95,252419
2021-04-16 09:34:58,915.95,252489
2021-04-16 09:34:59,915.95,252489
2021-04-16 09:35:00,915.95,252684
2021-04-16 09:35:00,915.9,252708
2021-04-16 09:35:01,915.9,252708
2021-04-16 09:35:02,915.9,252708
2021-04-16 09:35:03,915.9,252708
2021-04-16 09:35:04,915.95,252783
2021-04-16 09:35:05,915.9,253044
2021-04-16 09:35:06,915.9,253295
2021-04-16 09:35:07,915.75,253300
2021-04-16 09:35:08,915.75,253300
2021-04-16 09:35:10,915.75,253300
2021-04-16 09:35:10,915.75,253300
2021-04-16 09:35:11,915.75,253350
2021-04-16 09:35:12,915.75,253350
2021-04-16 09:35:13,915.75,253350
2021-04-16 09:35:14,915.85,253359
2021-04-16 09:35:16,915.9,253459
2021-04-16 09:35:17,915.9,253459
2021-04-16 09:35:18,915.9,253459
2021-04-16 09:35:19,915.9,253509
2021-04-16 09:35:20,915.9,253509
2021-04-16 09:35:21,915.9,253509
2021-04-16 09:35:22,915.9,253509
2021-04-16 09:35:22,915.75,253519
2021-04-16 09:35:23,915.9,253569
2021-04-16 09:35:24,915.9,253569
2021-04-16 09:35:25,915.9,253569
2021-04-16 09:35:26,915.9,253569
2021-04-16 09:35:28,915.85,253619
2021-04-16 09:35:29,915.85,253619
2021-04-16 09:35:30,915.85,253619
2021-04-16 09:35:30,915.75,253639
2021-04-16 09:35:31,915.75,253639
2021-04-16 09:35:32,915.75,253639
2021-04-16 09:35:33,915.85,253659
2021-04-16 09:35:35,915.85,253659
2021-04-16 09:35:35,915.85,253784
2021-04-16 09:35:37,915.75,253786
2021-04-16 09:35:38,915.75,253786
2021-04-16 09:35:39,915.9,253797
2021-04-16 09:35:39,915.85,254035
2021-04-16 09:35:40,915.75,254176
2021-04-16 09:35:42,915.75,254186
2021-04-16 09:35:43,915.75,254186
2021-04-16 09:35:44,915.75,254196
2021-04-16 09:35:45,915.75,254324
2021-04-16 09:35:46,915.75,254324
2021-04-16 09:35:47,915.75,254354
2021-04-16 09:35:48,915.75,254354
2021-04-16 09:35:50,915.75,254354
2021-04-16 09:35:51,915.75,254354
2021-04-16 09:35:52,915.5,254404
2021-04-16 09:35:53,915.75,254424
2021-04-16 09:35:53,915.75,254424
2021-04-16 09:35:55,915.4,254792
2021-04-16 09:35:55,915.4,254792
2021-04-16 09:35:56,915.4,254792
2021-04-16 09:35:57,915.4,254792
2021-04-16 09:35:58,915.4,254792
2021-04-16 09:36:00,915.4,254792
2021-04-16 09:36:00,915.4,254812
2021-04-16 09:36:01,915.4,254812
2021-04-16 09:36:02,915.75,254813
2021-04-16 09:36:03,915.4,254888
2021-04-16 09:36:04,915.75,254988
2021-04-16 09:36:06,915.75,254993
2021-04-16 09:36:06,915.4,254994
2021-04-16 09:36:08,915.8,255171
2021-04-16 09:36:09,915.4,255178
2021-04-16 09:36:11,915.4,255195
2021-04-16 09:36:12,915.75,255221
2021-04-16 09:36:13,915.75,255271
2021-04-16 09:36:14,915.45,255308
2021-04-16 09:36:14,915.65,255359
2021-04-16 09:36:15,915.45,255391
2021-04-16 09:36:18,915.7,255534
2021-04-16 09:36:19,915.7,255534
2021-04-16 09:36:20,915.7,255534
2021-04-16 09:36:21,915.7,255534
2021-04-16 09:36:22,915.4,255584
2021-04-16 09:36:22,915.4,255584
2021-04-16 09:36:23,915.4,255584
2021-04-16 09:36:24,915.7,255820
2021-04-16 09:36:29,915.7,255972
2021-04-16 09:36:34,915.55,256273
2021-04-16 09:36:38,915.55,256273
2021-04-16 09:36:42,915.4,256311
2021-04-16 09:36:46,915.25,257138
2021-04-16 09:36:49,915.25,257279
2021-04-16 09:36:53,915.1,257382
2021-04-16 09:36:57,915.0,258358
2021-04-16 09:37:02,915.0,258455
2021-04-16 09:37:06,915.0,258455
2021-04-16 09:37:10,915.1,258644
2021-04-16 09:37:14,915.15,258854
2021-04-16 09:37:19,915.0,258936
2021-04-16 09:37:24,914.7,259070
2021-04-16 09:37:28,914.95,259139
2021-04-16 09:37:33,914.3,259429
2021-04-16 09:37:38,914.35,259911
2021-04-16 09:37:42,914.4,259955
2021-04-16 09:37:46,913.75,260117
2021-04-16 09:37:50,913.35,260940
2021-04-16 09:37:54,913.95,261504
2021-04-16 09:37:57,913.35,261524
2021-04-16 09:38:02,913.7,261710
2021-04-16 09:38:06,913.45,261858
2021-04-16 09:38:10,913.45,261889
2021-04-16 09:38:15,913.5,262421
2021-04-16 09:38:20,913.15,263085
2021-04-16 09:38:24,913.25,263190
2021-04-16 09:38:29,913.0,263632
2021-04-16 09:38:33,912.75,264117
2021-04-16 09:38:37,913.0,264480
2021-04-16 09:38:42,912.85,267663
2021-04-16 09:38:46,913.15,268015
2021-04-16 09:38:50,913.5,268285
2021-04-16 09:38:55,913.5,268285
2021-04-16 09:38:59,913.5,268345
2021-04-16 09:39:04,912.95,268625
2021-04-16 09:39:08,912.85,269097
2021-04-16 09:39:13,912.55,269431
2021-04-16 09:39:17,912.9,269553
2021-04-16 09:39:21,912.95,269603
2021-04-16 09:39:25,912.95,269714
2021-04-16 09:39:30,912.95,269794
2021-04-16 09:39:34,912.95,269825
2021-04-16 09:39:37,912.95,269860
2021-04-16 09:39:41,912.9,269972
2021-04-16 09:39:45,912.9,270072
2021-04-16 09:39:48,912.9,270194
2021-04-16 09:39:52,912.95,270286
2021-04-16 09:39:56,913.0,270639
2021-04-16 09:40:00,913.0,270704
2021-04-16 09:40:04,913.0,270759
2021-04-16 09:40:08,913.0,270768
2021-04-16 09:40:13,913.0,270773
2021-04-16 09:40:17,913.0,270893
2021-04-16 09:40:21,913.25,270898
2021-04-16 09:40:25,913.0,271733
2021-04-16 09:40:30,913.0,271733
2021-04-16 09:40:34,912.75,271843
2021-04-16 09:40:39,912.55,272575
2021-04-16 09:40:43,912.55,272679
2021-04-16 09:40:47,912.55,272855
2021-04-16 09:40:51,912.9,272890
2021-04-16 09:40:56,912.55,272942
2021-04-16 09:41:00,912.95,272967
2021-04-16 09:41:05,912.8,273019
2021-04-16 09:41:09,912.5,273199
2021-04-16 09:41:13,912.9,273234
2021-04-16 09:41:17,912.5,273634
2021-04-16 09:41:21,912.55,273678
2021-04-16 09:41:24,912.8,273843
2021-04-16 09:41:25,912.8,273843
2021-04-16 09:41:26,912.8,273843
2021-04-16 09:41:27,912.8,273843
2021-04-16 09:41:28,912.8,273843
2021-04-16 09:41:29,912.8,273941
2021-04-16 09:41:30,912.5,274041
2021-04-16 09:41:31,912.9,274071
2021-04-16 09:41:32,912.8,274129
2021-04-16 09:41:33,912.8,274129
2021-04-16 09:41:34,912.9,274178
2021-04-16 09:41:35,912.9,274178
2021-04-16 09:41:36,912.9,274178
2021-04-16 09:41:37,912.9,274178
2021-04-16 09:41:38,912.8,274183
2021-04-16 09:41:39,912.8,274183
2021-04-16 09:41:41,912.8,274243
2021-04-16 09:41:42,912.8,274243
2021-04-16 09:41:43,912.75,274246
2021-04-16 09:41:44,912.75,274246
2021-04-16 09:41:45,912.75,274246
2021-04-16 09:41:46,912.55,274264
2021-04-16 09:41:47,912.55,274339
2021-04-16 09:41:48,912.8,274369
2021-04-16 09:41:49,912.55,274434
2021-04-16 09:41:50,912.55,274434
2021-04-16 09:41:51,912.55,274434
2021-04-16 09:41:52,912.8,274454
2021-04-16 09:41:53,912.8,274454
2021-04-16 09:41:54,912.8,275537
2021-04-16 09:41:55,912.8,275537
2021-04-16 09:41:56,912.6,275567
2021-04-16 09:41:57,912.6,275567
2021-04-16 09:41:58,912.8,275574
2021-04-16 09:41:59,912.8,275574
2021-04-16 09:42:00,913.35,280325
2021-04-16 09:42:01,913.75,280548
2021-04-16 09:42:02,913.3,281048
2021-04-16 09:42:03,913.3,281048
2021-04-16 09:42:04,913.3,281048
2021-04-16 09:42:05,913.3,281048
2021-04-16 09:42:06,913.7,281070
2021-04-16 09:42:07,913.25,281323
2021-04-16 09:42:08,913.7,281327
2021-04-16 09:42:09,913.7,281427
2021-04-16 09:42:10,913.7,281432
2021-04-16 09:42:11,913.7,281432
2021-04-16 09:42:12,913.25,281442
2021-04-16 09:42:13,913.25,281442
2021-04-16 09:42:14,913.7,281453
2021-04-16 09:42:15,913.7,281529
2021-04-16 09:42:16,913.8,281729
2021-04-16 09:42:17,913.5,281779
2021-04-16 09:42:18,913.5,281779
2021-04-16 09:42:19,913.5,281779
2021-04-16 09:42:21,913.5,281779
2021-04-16 09:42:22,913.3,281829
2021-04-16 09:42:23,913.3,281894
2021-04-16 09:42:24,913.3,281894
2021-04-16 09:42:25,913.3,281904
2021-04-16 09:42:26,913.3,281914
2021-04-16 09:42:27,913.3,281914
2021-04-16 09:42:28,913.3,281914
2021-04-16 09:42:29,913.3,281914
2021-04-16 09:42:30,913.3,281914
2021-04-16 09:42:31,913.3,281914
2021-04-16 09:42:32,913.3,281914
2021-04-16 09:42:33,913.3,281914
2021-04-16 09:42:35,913.75,282414
2021-04-16 09:42:36,913.55,282434
2021-04-16 09:42:37,913.55,282434
2021-04-16 09:42:38,913.55,282614
2021-04-16 09:42:39,913.55,282617
2021-04-16 09:42:40,913.5,282692
2021-04-16 09:42:40,913.5,282692
2021-04-16 09:42:41,913.55,282713
2021-04-16 09:42:42,913.8,282789
2021-04-16 09:42:43,913.8,282789
2021-04-16 09:42:44,913.8,282789
2021-04-16 09:42:45,913.8,282789
2021-04-16 09:42:46,913.5,282814
2021-04-16 09:42:47,913.8,282824
2021-04-16 09:42:48,913.8,282824
2021-04-16 09:42:49,913.8,282834
2021-04-16 09:42:51,913.8,282834
2021-04-16 09:42:52,913.8,282884
2021-04-16 09:42:53,913.8,282884
2021-04-16 09:42:54,913.8,282884
2021-04-16 09:42:55,913.55,282892
2021-04-16 09:42:56,913.55,282892
2021-04-16 09:42:57,913.55,282892
2021-04-16 09:42:58,913.8,282893
2021-04-16 09:42:59,913.55,282903
2021-04-16 09:43:02,913.55,283203
2021-04-16 09:43:03,913.5,283253
2021-04-16 09:43:03,913.5,283253
2021-04-16 09:43:04,913.5,283253
2021-04-16 09:43:05,913.5,283253
2021-04-16 09:43:06,913.5,283260
2021-04-16 09:43:07,913.5,283260
2021-04-16 09:43:08,913.4,283670
2021-04-16 09:43:10,913.4,283682
2021-04-16 09:43:12,913.4,283682
2021-04-16 09:43:13,913.4,283682
2021-04-16 09:43:14,913.4,283682
2021-04-16 09:43:14,913.4,283682
2021-04-16 09:43:16,913.4,283707
2021-04-16 09:43:17,913.4,284088
2021-04-16 09:43:19,913.8,284098
2021-04-16 09:43:19,913.8,284098
2021-04-16 09:43:21,913.4,284186
2021-04-16 09:43:21,913.4,284108
2021-04-16 09:43:22,913.4,284257
2021-04-16 09:43:23,913.4,284410
2021-04-16 09:43:24,913.4,284486
2021-04-16 09:43:25,913.8,284536
2021-04-16 09:43:26,913.8,284536
2021-04-16 09:43:27,913.8,284536
2021-04-16 09:43:28,913.4,284685
2021-04-16 09:43:29,913.4,284685
2021-04-16 09:43:30,913.4,284685
2021-04-16 09:43:31,913.4,284685
2021-04-16 09:43:32,913.4,284685
2021-04-16 09:43:33,913.4,284685
2021-04-16 09:43:34,913.5,284710
2021-04-16 09:43:35,913.5,284710
2021-04-16 09:43:36,913.5,284760
2021-04-16 09:43:37,912.95,285760
2021-04-16 09:43:38,912.95,285760
2021-04-16 09:43:39,912.8,285770
2021-04-16 09:43:40,912.85,285791
2021-04-16 09:43:41,912.9,285859
2021-04-16 09:43:42,912.9,285859
2021-04-16 09:43:43,912.9,285959
2021-04-16 09:43:44,912.9,285959
2021-04-16 09:43:45,912.9,285959
2021-04-16 09:43:46,913.35,285964
2021-04-16 09:43:47,913.35,285964
2021-04-16 09:43:48,913.35,285964
2021-04-16 09:43:49,913.35,285964
2021-04-16 09:43:50,913.35,285964
2021-04-16 09:43:51,913.35,285964
2021-04-16 09:43:52,913.35,285964
2021-04-16 09:43:53,913.35,285964
2021-04-16 09:43:54,913.35,285964
2021-04-16 09:43:55,913.35,286064
2021-04-16 09:43:56,913.35,286064
2021-04-16 09:43:57,913.35,286064
2021-04-16 09:43:58,913.0,286102
2021-04-16 09:43:59,913.0,286102
2021-04-16 09:44:00,913.05,286123
2021-04-16 09:44:01,913.1,286144
2021-04-16 09:44:02,913.1,286144
2021-04-16 09:44:03,913.3,286184
2021-04-16 09:44:05,913.3,286184
2021-04-16 09:44:06,913.1,286194
2021-04-16 09:44:07,913.3,286198
2021-04-16 09:44:08,913.3,286198
2021-04-16 09:44:09,913.3,286198
2021-04-16 09:44:10,913.05,286273
2021-04-16 09:44:11,913.05,286273
2021-04-16 09:44:12,913.3,286323
2021-04-16 09:44:13,913.3,286323
2021-04-16 09:44:14,913.3,286323
2021-04-16 09:44:15,913.3,286323
2021-04-16 09:44:16,913.05,286335
2021-04-16 09:44:17,913.05,286335
2021-04-16 09:44:18,913.05,286335
2021-04-16 09:44:19,913.05,286335
2021-04-16 09:44:20,913.05,286355
2021-04-16 09:44:22,913.05,286455
2021-04-16 09:44:23,913.05,286455
2021-04-16 09:44:24,913.05,286455
2021-04-16 09:44:25,913.05,286455
2021-04-16 09:44:26,913.05,286455
2021-04-16 09:44:27,913.05,286455
2021-04-16 09:44:28,913.05,286485
2021-04-16 09:44:29,913.05,286610
2021-04-16 09:44:30,913.05,286610
2021-04-16 09:44:31,913.05,286610
2021-04-16 09:44:32,913.05,286610
2021-04-16 09:44:34,913.05,286621
2021-04-16 09:44:35,913.05,286621
2021-04-16 09:44:37,913.05,286621
2021-04-16 09:44:39,913.05,286621
2021-04-16 09:44:41,913.05,286652
2021-04-16 09:44:42,913.05,286678
2021-04-16 09:44:43,913.05,286678
2021-04-16 09:44:44,913.05,286678
2021-04-16 09:44:45,913.05,286678
2021-04-16 09:44:46,913.05,286678
2021-04-16 09:44:47,913.05,286678
2021-04-16 09:44:48,913.05,286678
2021-04-16 09:44:49,913.05,286688
2021-04-16 09:44:50,913.05,286688
2021-04-16 09:44:51,913.05,286688
2021-04-16 09:44:52,913.4,286843
2021-04-16 09:44:53,913.4,286843
2021-04-16 09:44:54,913.5,286875
2021-04-16 09:44:55,913.5,286888
2021-04-16 09:44:55,913.8,286913
2021-04-16 09:44:56,913.8,286913
2021-04-16 09:44:57,913.55,286959
2021-04-16 09:44:58,913.55,286959
2021-04-16 09:44:59,913.55,286959
2021-04-16 09:45:00,913.55,286979
2021-04-16 09:45:01,913.55,286979
2021-04-16 09:45:03,913.55,287114
2021-04-16 09:45:04,913.55,287114
2021-04-16 09:45:06,913.55,287114
2021-04-16 09:45:07,913.6,287129
2021-04-16 09:45:08,913.6,287129
2021-04-16 09:45:09,913.6,287129
2021-04-16 09:45:10,913.8,287130
2021-04-16 09:45:11,913.8,287275
2021-04-16 09:45:12,913.8,287275
2021-04-16 09:45:13,913.8,287275
2021-04-16 09:45:14,914.0,287739
2021-04-16 09:45:15,913.65,287899
2021-04-16 09:45:16,914.0,287953
2021-04-16 09:45:17,914.4,288290
2021-04-16 09:45:18,914.4,288290
2021-04-16 09:45:19,914.4,288290
2021-04-16 09:45:20,914.45,288292
2021-04-16 09:45:21,914.35,289814
2021-04-16 09:45:22,914.35,289814
2021-04-16 09:45:23,914.35,289814
2021-04-16 09:45:24,914.5,290110
2021-04-16 09:45:25,914.5,290110
2021-04-16 09:45:26,914.5,290110
2021-04-16 09:45:27,914.5,290110
2021-04-16 09:45:28,914.8,290165
2021-04-16 09:45:29,914.8,290165
2021-04-16 09:45:30,914.55,290169
2021-04-16 09:45:31,914.8,290215
2021-04-16 09:45:32,914.8,290215
2021-04-16 09:45:34,914.8,290215
2021-04-16 09:45:35,914.8,290238
2021-04-16 09:45:36,914.8,290569
2021-04-16 09:45:36,914.8,290552
2021-04-16 09:45:37,914.7,290586
2021-04-16 09:45:39,914.7,290586
2021-04-16 09:45:40,914.7,290586
2021-04-16 09:45:41,915.25,292136
2021-04-16 09:45:42,915.5,292373
2021-04-16 09:45:42,915.5,292373
2021-04-16 09:45:43,915.1,292383
2021-04-16 09:45:44,915.0,292933
2021-04-16 09:45:45,915.45,292978
2021-04-16 09:45:46,914.95,293183
2021-04-16 09:45:47,914.95,293183
2021-04-16 09:45:49,915.45,293200
2021-04-16 09:45:50,915.45,293200
2021-04-16 09:45:51,915.15,293220
2021-04-16 09:45:52,915.45,293273
2021-04-16 09:45:53,915.45,293273
2021-04-16 09:45:54,915.45,293273
2021-04-16 09:45:55,915.45,293303
2021-04-16 09:45:56,915.5,293368
2021-04-16 09:45:57,915.5,293368
2021-04-16 09:45:58,915.5,293368
2021-04-16 09:45:59,915.8,293428
2021-04-16 09:46:00,915.8,293428
2021-04-16 09:46:01,915.8,293428
2021-04-16 09:46:02,915.5,293476
2021-04-16 09:46:03,915.5,293476
2021-04-16 09:46:04,915.5,293476
2021-04-16 09:46:05,915.5,293476
2021-04-16 09:46:06,915.5,293496
2021-04-16 09:46:07,915.5,293496
2021-04-16 09:46:08,915.5,293496
2021-04-16 09:46:09,915.5,293496
2021-04-16 09:46:10,915.5,293496
2021-04-16 09:46:11,915.5,293546
2021-04-16 09:46:12,915.5,293556
2021-04-16 09:46:13,915.5,293556
2021-04-16 09:46:14,915.8,293576
2021-04-16 09:46:14,915.8,293576
2021-04-16 09:46:15,915.55,293608
2021-04-16 09:46:16,915.55,293647
2021-04-16 09:46:17,915.55,293647
2021-04-16 09:46:18,915.85,293649
2021-04-16 09:46:20,915.85,293649
2021-04-16 09:46:21,915.85,293649
2021-04-16 09:46:22,915.55,293659
2021-04-16 09:46:23,915.95,293792
2021-04-16 09:46:24,915.95,293792
2021-04-16 09:46:25,915.95,293792
2021-04-16 09:46:25,915.95,293792
2021-04-16 09:46:26,915.95,293792
2021-04-16 09:46:27,915.55,293807
2021-04-16 09:46:29,915.55,293831
2021-04-16 09:46:30,915.9,294031
2021-04-16 09:46:31,915.9,294031
2021-04-16 09:46:32,915.95,294179
2021-04-16 09:46:33,915.95,294179
2021-04-16 09:46:34,915.95,294179
2021-04-16 09:46:35,916.0,294315
2021-04-16 09:46:36,915.75,294325
2021-04-16 09:46:37,916.0,294575
2021-04-16 09:46:38,915.85,294625
2021-04-16 09:46:39,915.85,294625
2021-04-16 09:46:40,915.95,294646
2021-04-16 09:46:42,916.15,295970
2021-04-16 09:46:43,916.2,295971
2021-04-16 09:46:44,916.2,295972
2021-04-16 09:46:45,916.25,296191
2021-04-16 09:46:46,916.15,296203
2021-04-16 09:46:47,916.0,296265
2021-04-16 09:46:48,916.0,296265
2021-04-16 09:46:49,916.1,296624
2021-04-16 09:46:50,916.1,296634
2021-04-16 09:46:50,916.1,296634
2021-04-16 09:46:51,916.1,296634
2021-04-16 09:46:52,916.3,297002
2021-04-16 09:46:53,916.4,297094
2021-04-16 09:46:55,916.5,297095
2021-04-16 09:46:55,916.5,297095
2021-04-16 09:46:56,916.45,297109
2021-04-16 09:46:57,916.3,298726
2021-04-16 09:46:58,916.3,298744
2021-04-16 09:46:59,916.4,298964
2021-04-16 09:47:01,916.35,299009
2021-04-16 09:47:02,916.4,299100
2021-04-16 09:47:03,916.4,299100
2021-04-16 09:47:04,916.4,299400
2021-04-16 09:47:05,916.4,299400
2021-04-16 09:47:06,916.45,299450
2021-04-16 09:47:06,916.35,299508
2021-04-16 09:47:07,916.35,299508
2021-04-16 09:47:08,916.35,299870
2021-04-16 09:47:09,916.35,299922
2021-04-16 09:47:12,916.25,303209
2021-04-16 09:47:13,916.25,303209
2021-04-16 09:47:14,916.25,303209
2021-04-16 09:47:15,916.1,303399
2021-04-16 09:47:15,916.25,303209
2021-04-16 09:47:16,916.0,303484
2021-04-16 09:47:17,916.0,303504
2021-04-16 09:47:18,916.0,303554
2021-04-16 09:47:19,916.2,303655
2021-04-16 09:47:21,916.2,303655
2021-04-16 09:47:22,916.2,303655
2021-04-16 09:47:23,916.2,303655
2021-04-16 09:47:25,915.7,304357
2021-04-16 09:47:26,915.55,304409
2021-04-16 09:47:27,915.5,304564
2021-04-16 09:47:28,914.85,305466
2021-04-16 09:47:29,914.85,305466
2021-04-16 09:47:30,914.85,305466
2021-04-16 09:47:32,914.8,305559
2021-04-16 09:47:32,914.8,305559
2021-04-16 09:47:33,914.8,305559
2021-04-16 09:47:34,914.8,305559
2021-04-16 09:47:35,914.8,305559
2021-04-16 09:47:36,915.4,305569
2021-04-16 09:47:37,915.0,305669
2021-04-16 09:47:38,915.0,305699
2021-04-16 09:47:39,915.0,305699
2021-04-16 09:47:40,915.0,305720
2021-04-16 09:47:42,915.4,305775
2021-04-16 09:47:43,915.0,305777
2021-04-16 09:47:44,915.0,305777
2021-04-16 09:47:45,915.0,305777
2021-04-16 09:47:46,915.0,305777
2021-04-16 09:47:47,915.0,305777
2021-04-16 09:47:48,915.4,305797
2021-04-16 09:47:49,915.4,305797
2021-04-16 09:47:50,915.4,305797
2021-04-16 09:47:51,915.4,305797
2021-04-16 09:47:52,915.4,305797
2021-04-16 09:47:52,915.4,305797
2021-04-16 09:47:54,915.0,305828
2021-04-16 09:47:54,915.0,305878
2021-04-16 09:47:56,915.0,305885
2021-04-16 09:47:57,915.0,305905
2021-04-16 09:47:58,915.0,305905
2021-04-16 09:47:59,915.0,305905
2021-04-16 09:48:00,915.4,308948
2021-04-16 09:48:00,915.3,309248
2021-04-16 09:48:01,915.3,309248
2021-04-16 09:48:02,915.3,309250
2021-04-16 09:48:03,915.35,309270
2021-04-16 09:48:04,915.35,309270
2021-04-16 09:48:05,915.35,309270
2021-04-16 09:48:06,915.45,309412
2021-04-16 09:48:07,915.45,309412
2021-04-16 09:48:08,915.65,309496
2021-04-16 09:48:09,915.65,309496
2021-04-16 09:48:10,915.65,309497
2021-04-16 09:48:11,915.65,309497
2021-04-16 09:48:12,915.65,309497
2021-04-16 09:48:13,915.65,309686
2021-04-16 09:48:14,915.9,309886
2021-04-16 09:48:15,915.9,309886
2021-04-16 09:48:16,915.5,309888
2021-04-16 09:48:18,915.5,309888
2021-04-16 09:48:19,915.5,309888
2021-04-16 09:48:20,915.5,309888
2021-04-16 09:48:21,915.5,309908
2021-04-16 09:48:22,915.5,309908
2021-04-16 09:48:23,915.5,309908
2021-04-16 09:48:24,915.5,309908
2021-04-16 09:48:25,915.5,309910
2021-04-16 09:48:25,915.5,309910
2021-04-16 09:48:26,915.5,309910
2021-04-16 09:48:27,915.7,309940
2021-04-16 09:48:29,915.7,309940
2021-04-16 09:48:30,915.9,310040
2021-04-16 09:48:31,915.55,310047
2021-04-16 09:48:32,915.55,310048
2021-04-16 09:48:33,915.55,310048
2021-04-16 09:48:35,915.55,310048
2021-04-16 09:48:36,915.55,310048
2021-04-16 09:48:37,915.55,310048
2021-04-16 09:48:38,915.55,310048
2021-04-16 09:48:39,915.55,310048
2021-04-16 09:48:40,915.85,310101
2021-04-16 09:48:41,915.8,310122
2021-04-16 09:48:42,915.8,310222
2021-04-16 09:48:43,915.8,310222
2021-04-16 09:48:45,915.95,310275
2021-04-16 09:48:46,915.95,310275
2021-04-16 09:48:47,915.95,310276
2021-04-16 09:48:48,916.0,310446
2021-04-16 09:48:49,916.0,310446
2021-04-16 09:48:50,916.0,310447
2021-04-16 09:48:51,915.8,310547
2021-04-16 09:48:52,915.8,310547
2021-04-16 09:48:54,915.8,310547
2021-04-16 09:48:55,915.8,310547
2021-04-16 09:48:55,915.8,310547
2021-04-16 09:48:57,915.8,310548
2021-04-16 09:48:58,915.8,310548
2021-04-16 09:48:58,915.8,310548
2021-04-16 09:48:59,915.8,310549
2021-04-16 09:49:01,915.8,310579
2021-04-16 09:49:02,915.8,310580
2021-04-16 09:49:02,915.8,310580
2021-04-16 09:49:03,915.8,310580
2021-04-16 09:49:05,915.8,310580
2021-04-16 09:49:06,915.8,310580
2021-04-16 09:49:07,915.8,310580
2021-04-16 09:49:08,915.8,310580
2021-04-16 09:49:09,916.0,310586
2021-04-16 09:49:10,916.0,310586
2021-04-16 09:49:12,916.0,310586
2021-04-16 09:49:13,915.9,310636
2021-04-16 09:49:14,916.0,315589
2021-04-16 09:49:15,916.05,315689
2021-04-16 09:49:16,916.05,315689
2021-04-16 09:49:17,916.0,315751
2021-04-16 09:49:18,916.25,315860
2021-04-16 09:49:19,916.1,316175
2021-04-16 09:49:19,916.1,316175
2021-04-16 09:49:20,916.15,316195
2021-04-16 09:49:21,916.4,316266
2021-04-16 09:49:23,916.15,316271
2021-04-16 09:49:24,916.15,316512
2021-04-16 09:49:25,916.45,316553
2021-04-16 09:49:26,916.45,316553
2021-04-16 09:49:27,916.2,316574
2021-04-16 09:49:28,916.45,316614
2021-04-16 09:49:29,916.2,316664
2021-04-16 09:49:30,916.2,316664
2021-04-16 09:49:31,916.3,316680
2021-04-16 09:49:32,916.3,316680
2021-04-16 09:49:33,916.3,316680
2021-04-16 09:49:34,916.3,316680
2021-04-16 09:49:35,916.5,317080
2021-04-16 09:49:36,916.5,317080
2021-04-16 09:49:37,916.35,317085
2021-04-16 09:49:38,916.35,317085
2021-04-16 09:49:39,915.85,318924
2021-04-16 09:49:40,915.85,318924
2021-04-16 09:49:41,915.9,318945
2021-04-16 09:49:42,915.9,319020
2021-04-16 09:49:43,915.9,319081
2021-04-16 09:49:44,915.9,319081
2021-04-16 09:49:45,916.3,319083
2021-04-16 09:49:46,916.05,319191
2021-04-16 09:49:47,916.1,319261
2021-04-16 09:49:48,916.3,319291
2021-04-16 09:49:49,916.3,319291
2021-04-16 09:49:50,916.5,319341
2021-04-16 09:49:51,916.0,319423
2021-04-16 09:49:52,916.0,319423
2021-04-16 09:49:53,916.0,319423
2021-04-16 09:49:54,916.0,319423
2021-04-16 09:49:55,916.45,319426
2021-04-16 09:49:56,916.45,319426
2021-04-16 09:49:57,916.3,319434
2021-04-16 09:49:59,916.3,319434
2021-04-16 09:50:00,916.3,319434
2021-04-16 09:50:01,916.3,319454
2021-04-16 09:50:02,916.3,319454
2021-04-16 09:50:03,916.3,319479
2021-04-16 09:50:04,916.3,319479
2021-04-16 09:50:05,916.5,319509
2021-04-16 09:50:06,916.5,319509
2021-04-16 09:50:07,916.45,319544
2021-04-16 09:50:08,916.45,319544
2021-04-16 09:50:09,916.45,319544
2021-04-16 09:50:09,916.45,319544
2021-04-16 09:50:10,916.45,319544
2021-04-16 09:50:12,916.45,319559
2021-04-16 09:50:13,916.35,319609
2021-04-16 09:50:14,916.35,319609
2021-04-16 09:50:15,916.3,320524
2021-04-16 09:50:16,916.25,323624
2021-04-16 09:50:18,916.8,324799
2021-04-16 09:50:19,916.8,324824
2021-04-16 09:50:20,916.9,324877
2021-04-16 09:50:21,916.45,325203
2021-04-16 09:50:22,916.85,325367
2021-04-16 09:50:23,916.85,325698
2021-04-16 09:50:24,916.85,325698
2021-04-16 09:50:25,916.9,325798
2021-04-16 09:50:26,916.9,325798
2021-04-16 09:50:27,916.85,326051
2021-04-16 09:50:28,916.85,326051
2021-04-16 09:50:29,916.85,326051
2021-04-16 09:50:30,916.75,326577
2021-04-16 09:50:31,916.45,326695
2021-04-16 09:50:32,916.45,326695
2021-04-16 09:50:33,916.45,326695
2021-04-16 09:50:34,916.8,326735
2021-04-16 09:50:35,916.8,326740
2021-04-16 09:50:36,916.8,326740
2021-04-16 09:50:37,916.8,327143
2021-04-16 09:50:38,916.8,327173
2021-04-16 09:50:39,917.1,328903
2021-04-16 09:50:40,916.95,328953
2021-04-16 09:50:41,916.55,329048
2021-04-16 09:50:42,916.95,329252
2021-04-16 09:50:43,917.4,330107
2021-04-16 09:50:44,917.4,330107
2021-04-16 09:50:45,917.15,330227
2021-04-16 09:50:46,916.95,330776
2021-04-16 09:50:47,917.4,330796
2021-04-16 09:50:49,917.1,331080
2021-04-16 09:50:48,917.1,331080
2021-04-16 09:50:50,917.1,331080
2021-04-16 09:50:51,917.1,331080
2021-04-16 09:50:52,917.45,331120
2021-04-16 09:50:53,917.45,331120
2021-04-16 09:50:54,917.45,331120
2021-04-16 09:50:55,917.15,331170
2021-04-16 09:50:56,917.35,335639
2021-04-16 09:50:57,917.25,335862
2021-04-16 09:50:58,917.3,335963
2021-04-16 09:50:59,917.8,336081
2021-04-16 09:51:00,917.8,336081
2021-04-16 09:51:01,917.8,336081
2021-04-16 09:51:02,917.4,336323
2021-04-16 09:51:03,917.7,336894
2021-04-16 09:51:04,917.7,336895
2021-04-16 09:51:05,917.7,336920
2021-04-16 09:51:07,917.8,337771
2021-04-16 09:51:06,917.95,337270
2021-04-16 09:51:08,917.7,337964
2021-04-16 09:51:09,917.7,338064
2021-04-16 09:51:10,917.7,338143
2021-04-16 09:51:11,917.7,338143
2021-04-16 09:51:12,917.8,338353
2021-04-16 09:51:13,917.55,338560
2021-04-16 09:51:14,917.5,338716
2021-04-16 09:51:15,917.85,338737
2021-04-16 09:51:16,917.85,338737
2021-04-16 09:51:17,917.85,338737
2021-04-16 09:51:18,917.65,339337
2021-04-16 09:51:19,917.3,339387
2021-04-16 09:51:20,917.3,339408
2021-04-16 09:51:22,917.6,339556
2021-04-16 09:51:21,917.6,339556
2021-04-16 09:51:23,917.05,339606
2021-04-16 09:51:24,917.6,339631
2021-04-16 09:51:25,917.6,339631
2021-04-16 09:51:26,917.05,339711
2021-04-16 09:51:27,917.5,339722
2021-04-16 09:51:28,917.5,339722
2021-04-16 09:51:29,917.5,339723
2021-04-16 09:51:30,917.5,339723
2021-04-16 09:51:31,917.5,340223
2021-04-16 09:51:32,917.5,340291
2021-04-16 09:51:33,917.45,340293
2021-04-16 09:51:34,917.45,340293
2021-04-16 09:51:36,917.3,340337
2021-04-16 09:51:35,917.3,340337
2021-04-16 09:51:37,917.3,340337
2021-04-16 09:51:38,917.3,340337
2021-04-16 09:51:39,917.3,340337
2021-04-16 09:51:40,917.3,340337
2021-04-16 09:51:41,917.25,340358
2021-04-16 09:51:42,917.5,340658
2021-04-16 09:51:43,917.25,340664
2021-04-16 09:51:44,917.25,340673
2021-04-16 09:51:45,917.25,340680
2021-04-16 09:51:46,917.5,340780
2021-04-16 09:51:47,917.25,340834
2021-04-16 09:51:48,917.7,341941
2021-04-16 09:51:49,917.7,341941
2021-04-16 09:51:50,917.7,341941
2021-04-16 09:51:51,917.15,342689
2021-04-16 09:51:52,917.25,342742
2021-04-16 09:51:53,917.25,343724
2021-04-16 09:51:54,917.65,344009
2021-04-16 09:51:56,917.15,344093
2021-04-16 09:51:57,917.7,344393
2021-04-16 09:51:58,917.5,345005
2021-04-16 09:51:59,917.05,345006
2021-04-16 09:52:00,917.05,345006
2021-04-16 09:52:01,917.05,345026
2021-04-16 09:52:02,917.05,345026
2021-04-16 09:52:03,917.45,345113
2021-04-16 09:52:04,917.45,345113
2021-04-16 09:52:05,917.45,345113
2021-04-16 09:52:06,917.45,345113
2021-04-16 09:52:07,917.45,345113
2021-04-16 09:52:08,917.3,345123
2021-04-16 09:52:09,917.3,345123
2021-04-16 09:52:10,917.3,345123
2021-04-16 09:52:11,917.0,345169
2021-04-16 09:52:12,917.3,345189
2021-04-16 09:52:13,917.0,345210
2021-04-16 09:52:14,916.95,345325
2021-04-16 09:52:15,917.0,345485
2021-04-16 09:52:16,917.0,345500
2021-04-16 09:52:17,917.0,345500
2021-04-16 09:52:18,917.0,345500
2021-04-16 09:52:19,917.0,345500
2021-04-16 09:52:20,917.0,345500
2021-04-16 09:52:21,917.0,345500
2021-04-16 09:52:22,916.9,345502
2021-04-16 09:52:23,916.95,345506
2021-04-16 09:52:24,916.85,346006
2021-04-16 09:52:25,916.85,346006
2021-04-16 09:52:26,917.0,346206
2021-04-16 09:52:27,916.5,346246
2021-04-16 09:52:28,916.5,346296
2021-04-16 09:52:29,916.9,346321
2021-04-16 09:52:30,916.9,346321
2021-04-16 09:52:31,916.9,346371
2021-04-16 09:52:32,916.9,346371
2021-04-16 09:52:35,916.9,346681
2021-04-16 09:52:36,916.95,346682
2021-04-16 09:52:37,917.0,347882
2021-04-16 09:52:38,917.0,347882
2021-04-16 09:52:39,917.0,347882
2021-04-16 09:52:41,917.0,347882
2021-04-16 09:52:42,916.9,347958
2021-04-16 09:52:42,916.9,348058
2021-04-16 09:52:43,916.4,351197
2021-04-16 09:52:44,916.4,351197
2021-04-16 09:52:45,916.3,351322
2021-04-16 09:52:46,916.25,351461
2021-04-16 09:52:47,915.7,352503
2021-04-16 09:52:48,916.2,352504
2021-04-16 09:52:49,916.2,352504
2021-04-16 09:52:51,915.95,352581
2021-04-16 09:52:50,915.95,352581
2021-04-16 09:52:52,915.65,352640
2021-04-16 09:52:53,915.65,352640
2021-04-16 09:52:54,915.65,352640
2021-04-16 09:52:55,915.65,352640
2021-04-16 09:52:56,915.65,352640
2021-04-16 09:52:57,915.45,352651
2021-04-16 09:52:58,915.65,352701
2021-04-16 09:52:59,915.25,352961
2021-04-16 09:53:00,915.25,352961
2021-04-16 09:53:01,915.65,352981
2021-04-16 09:53:02,915.55,353086
2021-04-16 09:53:03,915.6,353092
2021-04-16 09:53:04,915.6,353092
2021-04-16 09:53:05,915.6,353092
2021-04-16 09:53:06,915.6,353092
2021-04-16 09:53:07,916.0,353368
2021-04-16 09:53:08,916.0,353368
2021-04-16 09:53:09,915.7,353373
2021-04-16 09:53:10,915.7,353373
2021-04-16 09:53:11,915.6,353419
2021-04-16 09:53:12,916.0,353469
2021-04-16 09:53:13,916.0,353469
2021-04-16 09:53:14,915.75,353606
2021-04-16 09:53:15,915.75,353606
2021-04-16 09:53:16,916.0,353609
2021-04-16 09:53:17,916.0,353609
2021-04-16 09:53:18,915.75,353729
2021-04-16 09:53:20,916.0,353838
2021-04-16 09:53:20,916.0,353938
2021-04-16 09:53:21,916.0,354838
2021-04-16 09:53:22,916.0,354838
2021-04-16 09:53:23,916.0,354838
2021-04-16 09:53:24,916.0,354838
2021-04-16 09:53:25,916.0,354838
2021-04-16 09:53:26,915.75,354893
2021-04-16 09:53:27,915.75,354893
2021-04-16 09:53:28,915.75,354893
2021-04-16 09:53:29,915.75,355018
2021-04-16 09:53:30,915.95,355118
2021-04-16 09:53:31,916.0,355128
2021-04-16 09:53:32,915.75,355138
2021-04-16 09:53:33,915.75,355138
2021-04-16 09:53:34,915.75,355138
2021-04-16 09:53:35,915.5,357002
2021-04-16 09:53:36,915.3,357094
2021-04-16 09:53:37,915.5,357395
2021-04-16 09:53:38,915.5,357420
2021-04-16 09:53:39,915.5,357420
2021-04-16 09:53:40,915.1,357475
2021-04-16 09:53:41,915.4,357580
2021-04-16 09:53:42,915.4,357580
2021-04-16 09:53:43,915.4,357580
2021-04-16 09:53:44,915.1,357583
2021-04-16 09:53:45,915.0,357651
2021-04-16 09:53:46,915.5,357811
2021-04-16 09:53:47,915.05,358311
2021-04-16 09:53:49,915.05,358319
2021-04-16 09:53:50,915.05,358323
2021-04-16 09:53:51,915.05,358373
2021-04-16 09:53:52,915.05,358451
2021-04-16 09:53:53,915.05,358451
2021-04-16 09:53:53,915.45,358501
2021-04-16 09:53:54,915.45,358501
2021-04-16 09:53:55,915.45,358501
2021-04-16 09:53:56,915.45,358501
2021-04-16 09:53:57,915.45,358501
2021-04-16 09:53:58,915.45,358501
2021-04-16 09:54:00,915.15,358626
2021-04-16 09:54:00,915.15,358646
2021-04-16 09:54:01,915.15,358646
2021-04-16 09:54:02,915.0,359374
2021-04-16 09:54:03,915.0,359374
2021-04-16 09:54:05,915.05,359440
2021-04-16 09:54:05,915.15,359444
2021-04-16 09:54:06,915.15,359544
2021-04-16 09:54:07,915.15,359743
2021-04-16 09:54:08,915.15,359743
2021-04-16 09:54:09,915.15,359743
2021-04-16 09:54:11,915.15,359784
2021-04-16 09:54:10,915.15,359743
2021-04-16 09:54:12,915.15,359784
2021-04-16 09:54:13,915.4,359869
2021-04-16 09:54:14,915.1,359929
2021-04-16 09:54:15,915.4,359969
2021-04-16 09:54:16,915.4,359995
2021-04-16 09:54:17,915.4,359995
2021-04-16 09:54:18,915.4,359995
2021-04-16 09:54:19,915.4,359995
2021-04-16 09:54:20,915.4,360053
2021-04-16 09:54:21,915.35,360073
2021-04-16 09:54:22,915.35,360073
2021-04-16 09:54:23,915.1,360236
2021-04-16 09:54:24,915.4,360276
2021-04-16 09:54:25,915.1,360799
2021-04-16 09:54:26,915.1,360799
2021-04-16 09:54:27,915.4,360865
2021-04-16 09:54:28,915.5,361065
2021-04-16 09:54:29,915.5,361065
2021-04-16 09:54:30,915.4,361119
2021-04-16 09:54:32,915.15,361197
2021-04-16 09:54:33,915.15,361217
2021-04-16 09:54:33,915.15,361217
2021-04-16 09:54:34,915.15,361217
2021-04-16 09:54:35,915.1,361297
2021-04-16 09:54:37,915.1,361297
2021-04-16 09:54:38,915.5,361322
2021-04-16 09:54:39,915.5,362899
2021-04-16 09:54:41,915.5,362932
2021-04-16 09:54:42,915.25,362999
2021-04-16 09:54:43,914.95,366009
2021-04-16 09:54:44,914.95,366009
2021-04-16 09:54:44,914.95,366009
2021-04-16 09:54:45,914.95,366009
2021-04-16 09:54:46,915.0,366281
2021-04-16 09:54:47,915.4,366477
2021-04-16 09:54:48,915.4,366477
2021-04-16 09:54:49,915.0,366487
2021-04-16 09:54:50,915.5,371419
2021-04-16 09:54:51,915.5,371688
2021-04-16 09:54:52,915.5,374940
2021-04-16 09:54:54,915.15,376575
2021-04-16 09:54:55,915.15,376575
2021-04-16 09:54:56,915.15,376595
2021-04-16 09:54:57,915.5,378308
2021-04-16 09:54:58,915.5,378308
2021-04-16 09:54:58,915.1,378434
2021-04-16 09:55:00,915.1,378434
2021-04-16 09:55:00,915.05,378455
2021-04-16 09:55:02,915.05,378678
2021-04-16 09:55:03,915.05,378678
2021-04-16 09:55:04,915.5,378703
2021-04-16 09:55:04,915.5,378703
2021-04-16 09:55:06,915.05,378763
2021-04-16 09:55:06,915.1,378773
2021-04-16 09:55:07,915.5,378864
2021-04-16 09:55:08,915.5,378864
2021-04-16 09:55:09,915.5,378864
2021-04-16 09:55:10,915.5,378864
2021-04-16 09:55:11,915.5,378864
2021-04-16 09:55:12,915.5,378864
2021-04-16 09:55:13,915.5,378864
2021-04-16 09:55:14,915.5,378865
2021-04-16 09:55:15,915.5,379017
2021-04-16 09:55:17,915.5,379017
2021-04-16 09:55:19,915.5,379017
2021-04-16 09:55:19,915.5,379017
2021-04-16 09:55:20,915.5,379117
2021-04-16 09:55:21,915.5,379117
2021-04-16 09:55:23,915.3,379532
2021-04-16 09:55:23,915.5,379552
2021-04-16 09:55:25,915.5,379552
2021-04-16 09:55:26,915.3,379603
2021-04-16 09:55:27,915.3,379603
2021-04-16 09:55:28,915.3,379603
2021-04-16 09:55:31,915.5,384004
2021-04-16 09:55:32,915.5,384004
2021-04-16 09:55:34,915.3,384054
2021-04-16 09:55:35,915.3,384054
2021-04-16 09:55:35,915.5,384154
2021-04-16 09:55:36,915.3,384326
2021-04-16 09:55:37,915.3,384326
2021-04-16 09:55:38,915.5,384336
2021-04-16 09:55:39,915.5,384336
2021-04-16 09:55:40,915.5,384336
2021-04-16 09:55:41,915.45,384507
2021-04-16 09:55:42,915.5,385072
2021-04-16 09:55:44,915.5,385083
2021-04-16 09:55:45,915.45,385227
2021-04-16 09:55:46,915.4,385394
2021-04-16 09:55:47,915.45,385395
2021-04-16 09:55:49,915.4,385410
2021-04-16 09:55:50,915.4,385410
2021-04-16 09:55:51,915.5,385500
2021-04-16 09:55:52,915.4,385555
2021-04-16 09:55:53,915.5,385609
2021-04-16 09:55:53,915.5,385609
2021-04-16 09:55:55,915.5,385706
2021-04-16 09:55:56,915.5,385775
2021-04-16 09:55:57,915.5,385826
2021-04-16 09:56:00,915.5,385879
2021-04-16 09:56:01,915.4,386658
2021-04-16 09:56:02,915.4,386658
2021-04-16 09:56:03,915.4,386658
2021-04-16 09:56:04,915.4,386658
2021-04-16 09:56:05,915.75,386694
2021-04-16 09:56:06,915.75,386694
2021-04-16 09:56:06,915.75,386694
2021-04-16 09:56:07,915.85,386752
2021-04-16 09:56:08,915.85,386752
2021-04-16 09:56:09,915.85,386752
2021-04-16 09:56:11,915.85,386752
2021-04-16 09:56:12,915.45,386753
2021-04-16 09:56:13,915.45,386753
2021-04-16 09:56:14,915.45,386753
2021-04-16 09:56:15,915.45,386753
2021-04-16 09:56:16,915.45,386785
2021-04-16 09:56:17,915.45,386785
2021-04-16 09:56:18,915.45,386785
2021-04-16 09:56:19,915.45,386785
2021-04-16 09:56:20,915.8,387285
2021-04-16 09:56:21,915.8,387285
2021-04-16 09:56:22,915.5,387336
2021-04-16 09:56:22,915.5,387336
2021-04-16 09:56:23,915.5,387336
2021-04-16 09:56:24,915.75,387356
2021-04-16 09:56:25,916.0,387385
2021-04-16 09:56:26,916.0,387385
2021-04-16 09:56:27,916.0,387385
2021-04-16 09:56:29,915.75,387396
2021-04-16 09:56:29,915.75,387396
2021-04-16 09:56:31,916.0,387431
2021-04-16 09:56:32,915.8,387456
2021-04-16 09:56:32,915.8,387456
2021-04-16 09:56:33,915.8,387456
2021-04-16 09:56:34,915.8,387456
2021-04-16 09:56:35,916.0,387466
2021-04-16 09:56:36,916.0,387466
2021-04-16 09:56:37,915.8,387491
2021-04-16 09:56:38,915.8,387491
2021-04-16 09:56:40,915.8,387512
2021-04-16 09:56:43,915.8,387512
2021-04-16 09:56:44,915.8,387512
2021-04-16 09:56:44,915.8,387512
2021-04-16 09:56:45,916.0,387534
2021-04-16 09:56:46,916.0,387534
2021-04-16 09:56:48,916.0,387534
2021-04-16 09:56:49,916.0,387534
2021-04-16 09:56:50,916.0,387534
2021-04-16 09:56:51,916.4,387634
2021-04-16 09:56:52,916.05,387687
2021-04-16 09:56:53,916.05,387687
2021-04-16 09:56:54,916.45,387849
2021-04-16 09:56:55,916.05,387851
2021-04-16 09:56:56,916.5,387951
2021-04-16 09:56:57,916.5,388004
2021-04-16 09:56:58,916.5,388206
2021-04-16 09:56:59,916.05,388363
2021-04-16 09:57:00,916.05,388363
2021-04-16 09:57:01,916.05,388383
2021-04-16 09:57:02,916.05,388393
2021-04-16 09:57:03,916.05,388393
2021-04-16 09:57:04,916.4,388403
2021-04-16 09:57:05,916.05,388543
2021-04-16 09:57:06,916.05,388544
2021-04-16 09:57:06,916.05,388544
2021-04-16 09:57:07,916.05,388544
2021-04-16 09:57:08,916.05,388544
2021-04-16 09:57:09,916.5,388594
2021-04-16 09:57:10,916.5,388594
2021-04-16 09:57:11,916.4,388614
2021-04-16 09:57:12,916.5,388615
2021-04-16 09:57:13,916.5,388615
2021-04-16 09:57:14,916.5,388615
2021-04-16 09:57:15,916.5,388665
2021-04-16 09:57:18,916.5,388665
2021-04-16 09:57:19,916.45,388765
2021-04-16 09:57:21,916.45,388795
2021-04-16 09:57:22,916.45,388795
2021-04-16 09:57:23,916.5,388820
2021-04-16 09:57:24,916.5,388943
2021-04-16 09:57:25,915.85,393016
2021-04-16 09:57:26,915.4,393474
2021-04-16 09:57:27,915.25,393686
2021-04-16 09:57:28,915.25,393686
2021-04-16 09:57:29,915.8,393736
2021-04-16 09:57:32,915.8,393736
2021-04-16 09:57:33,915.8,393736
2021-04-16 09:57:34,915.8,393736
2021-04-16 09:57:35,915.8,393736
2021-04-16 09:57:37,915.3,393737
2021-04-16 09:57:38,915.8,393762
2021-04-16 09:57:39,915.9,394062
2021-04-16 09:57:40,915.45,394105
2021-04-16 09:57:41,915.4,394126
2021-04-16 09:57:42,915.75,394186
2021-04-16 09:57:43,915.75,394186
2021-04-16 09:57:44,915.75,394186
2021-04-16 09:57:45,915.75,394186
2021-04-16 09:57:46,915.25,394390
2021-04-16 09:57:47,915.25,394401
2021-04-16 09:57:48,915.25,394401
2021-04-16 09:57:48,915.75,394501
2021-04-16 09:57:49,915.7,394531
2021-04-16 09:57:50,915.7,394531
2021-04-16 09:57:51,915.7,394531
2021-04-16 09:57:52,915.75,394623
2021-04-16 09:57:53,915.75,394623
2021-04-16 09:57:54,915.75,394623
2021-04-16 09:57:56,915.6,394754
2021-04-16 09:57:57,915.0,397658
2021-04-16 09:57:58,915.0,397902
2021-04-16 09:57:59,915.0,397902
2021-04-16 09:57:59,915.0,397902
2021-04-16 09:58:00,915.0,397902
2021-04-16 09:58:01,914.5,398053
2021-04-16 09:58:02,914.5,398053
2021-04-16 09:58:04,914.5,398147
2021-04-16 09:58:05,914.5,398638
2021-04-16 09:58:06,914.5,398708
2021-04-16 09:58:07,914.55,398733
2021-04-16 09:58:09,914.55,398733
2021-04-16 09:58:09,914.55,398733
2021-04-16 09:58:11,914.55,398733
2021-04-16 09:58:12,914.85,398952
2021-04-16 09:58:12,914.85,398952
2021-04-16 09:58:13,914.9,399067
2021-04-16 09:58:14,914.9,399067
2021-04-16 09:58:15,914.5,400295
2021-04-16 09:58:17,914.5,400417
2021-04-16 09:58:18,914.55,400517
2021-04-16 09:58:19,914.3,400617
2021-04-16 09:58:20,914.3,400617
2021-04-16 09:58:20,914.5,400657
2021-04-16 09:58:21,914.5,400657
2021-04-16 09:58:23,914.5,400737
2021-04-16 09:58:24,914.5,400808
2021-04-16 09:58:25,914.6,400838
2021-04-16 09:58:27,914.95,400938
2021-04-16 09:58:28,914.6,400943
2021-04-16 09:58:29,914.5,400993
2021-04-16 09:58:30,914.5,400993
2021-04-16 09:58:31,914.5,400997
2021-04-16 09:58:32,914.5,400997
2021-04-16 09:58:33,914.5,401025
2021-04-16 09:58:34,914.5,401025
2021-04-16 09:58:35,914.3,401039
2021-04-16 09:58:36,914.3,401039
2021-04-16 09:58:37,914.3,401039
2021-04-16 09:58:38,914.5,401089
2021-04-16 09:58:39,914.85,401190
2021-04-16 09:58:40,914.9,401200
2021-04-16 09:58:41,914.9,401200
2021-04-16 09:58:42,914.9,401200
2021-04-16 09:58:43,914.85,401201
2021-04-16 09:58:44,914.85,401201
2021-04-16 09:58:44,914.85,401201
2021-04-16 09:58:45,914.45,401224
2021-04-16 09:58:46,914.45,401224
2021-04-16 09:58:47,914.45,401224
2021-04-16 09:58:48,914.45,401224
2021-04-16 09:58:49,914.9,401374
2021-04-16 09:58:50,914.9,401374
2021-04-16 09:58:51,914.5,401421
2021-04-16 09:58:52,914.5,401421
2021-04-16 09:58:53,914.9,401471
2021-04-16 09:58:55,914.9,401471
2021-04-16 09:58:56,914.5,401571
2021-04-16 09:58:57,914.5,401571
2021-04-16 09:58:58,914.9,401618
2021-04-16 09:58:59,914.9,401618
2021-04-16 09:59:00,914.55,401643
2021-04-16 09:59:01,914.55,401688
2021-04-16 09:59:02,914.55,401688
2021-04-16 09:59:03,914.9,401728
2021-04-16 09:59:04,914.9,401728
2021-04-16 09:59:05,914.9,401728
2021-04-16 09:59:06,914.85,401828
2021-04-16 09:59:07,914.85,401828
2021-04-16 09:59:08,914.9,401838
2021-04-16 09:59:09,914.55,401843
2021-04-16 09:59:10,914.55,401843
2021-04-16 09:59:11,914.9,401858
2021-04-16 09:59:12,914.9,401858
2021-04-16 09:59:13,914.9,401858
2021-04-16 09:59:14,914.9,401888
2021-04-16 09:59:14,914.6,401913
2021-04-16 09:59:15,914.9,402013
2021-04-16 09:59:16,914.9,402013
2021-04-16 09:59:17,915.0,402021
2021-04-16 09:59:20,915.0,402132
2021-04-16 09:59:21,914.95,402137
2021-04-16 09:59:22,914.95,402137
2021-04-16 09:59:23,915.0,402237
2021-04-16 09:59:24,915.0,402237
2021-04-16 09:59:25,915.0,402288
2021-04-16 09:59:26,915.0,402292
2021-04-16 09:59:27,915.0,402292
2021-04-16 09:59:27,915.0,402294
2021-04-16 09:59:28,915.0,402294
2021-04-16 09:59:29,915.0,402344
2021-04-16 09:59:31,915.0,402364
2021-04-16 09:59:32,914.9,402426
2021-04-16 09:59:33,914.9,402426
2021-04-16 09:59:34,914.9,402431
2021-04-16 09:59:35,915.0,402873
2021-04-16 09:59:35,915.0,402873
2021-04-16 09:59:36,914.95,402934
2021-04-16 09:59:37,915.0,403068
2021-04-16 09:59:38,915.0,403068
2021-04-16 09:59:40,915.0,403068
2021-04-16 09:59:41,914.95,405367
2021-04-16 09:59:42,915.0,406154
2021-04-16 09:59:43,915.0,406333
2021-04-16 09:59:44,915.0,406374
2021-04-16 09:59:45,915.0,406418
2021-04-16 09:59:46,915.25,406481
2021-04-16 09:59:47,915.25,406560
2021-04-16 09:59:48,915.3,406561
2021-04-16 09:59:50,915.3,406564
2021-04-16 09:59:51,915.3,406616
2021-04-16 09:59:53,915.3,406616
2021-04-16 09:59:54,915.3,406616
2021-04-16 09:59:55,915.4,407101
2021-04-16 09:59:56,915.4,407131
2021-04-16 09:59:57,915.4,407151
2021-04-16 09:59:58,915.85,407825
2021-04-16 09:59:59,915.85,407825
2021-04-16 10:00:00,915.4,407925
2021-04-16 10:00:01,915.5,408643
2021-04-16 10:00:01,915.5,408643
2021-04-16 10:00:02,915.5,408643
2021-04-16 10:00:03,915.5,408643
2021-04-16 10:00:04,915.5,408643
2021-04-16 10:00:05,915.6,408694
2021-04-16 10:00:06,916.3,408884
2021-04-16 10:00:07,916.35,408956
2021-04-16 10:00:09,916.35,408956
2021-04-16 10:00:10,915.8,408958
2021-04-16 10:00:11,915.8,408958
2021-04-16 10:00:12,915.8,408958
2021-04-16 10:00:12,915.8,408958
2021-04-16 10:00:13,916.5,409425
2021-04-16 10:00:14,916.5,409425
2021-04-16 10:00:16,916.3,409455
2021-04-16 10:00:17,916.1,409518
2021-04-16 10:00:18,916.1,409518
2021-04-16 10:00:19,916.15,409538
2021-04-16 10:00:20,916.3,409608
2021-04-16 10:00:21,916.55,409686
2021-04-16 10:00:22,916.6,409771
2021-04-16 10:00:23,916.65,409791
2021-04-16 10:00:24,916.65,409791
2021-04-16 10:00:25,916.65,409791
2021-04-16 10:00:25,916.65,409791
2021-04-16 10:00:26,916.65,409791
2021-04-16 10:00:28,916.65,409791
2021-04-16 10:00:29,916.8,409792
2021-04-16 10:00:30,916.8,409796
2021-04-16 10:00:31,916.8,409796
2021-04-16 10:00:33,916.7,410211
2021-04-16 10:00:35,917.0,410311
2021-04-16 10:00:36,917.0,410311
2021-04-16 10:00:37,917.0,410311
2021-04-16 10:00:38,917.0,410311
2021-04-16 10:00:39,917.0,410611
2021-04-16 10:00:40,917.0,410912
2021-04-16 10:00:41,916.85,411354
2021-04-16 10:00:42,916.7,411757
2021-04-16 10:00:42,916.7,411757
2021-04-16 10:00:43,917.0,411782
2021-04-16 10:00:44,917.0,411782
2021-04-16 10:00:45,916.7,411807
2021-04-16 10:00:46,916.7,411807
2021-04-16 10:00:47,916.7,411807
2021-04-16 10:00:49,916.7,411807
2021-04-16 10:00:50,916.7,411807
2021-04-16 10:00:51,916.7,411807
2021-04-16 10:00:52,916.7,411807
2021-04-16 10:00:53,916.95,411825
2021-04-16 10:00:55,916.95,411970
2021-04-16 10:00:55,916.95,411970
2021-04-16 10:00:56,916.85,412012
2021-04-16 10:00:57,916.85,412012
2021-04-16 10:00:58,916.85,412012
2021-04-16 10:01:00,916.85,412012
2021-04-16 10:01:01,916.95,412047
2021-04-16 10:01:02,916.8,412103
2021-04-16 10:01:03,916.65,412303
2021-04-16 10:01:04,916.9,412304
2021-04-16 10:01:05,916.9,412309
2021-04-16 10:01:06,916.7,412314
2021-04-16 10:01:07,917.0,412414
2021-04-16 10:01:08,917.0,412414
2021-04-16 10:01:09,917.0,412414
2021-04-16 10:01:10,916.9,412417
2021-04-16 10:01:11,916.9,412417
2021-04-16 10:01:12,916.95,412487
2021-04-16 10:01:13,916.95,412487
2021-04-16 10:01:14,916.7,412537
2021-04-16 10:01:15,916.7,412537
2021-04-16 10:01:16,917.0,413044
2021-04-16 10:01:17,917.0,413044
2021-04-16 10:01:18,916.7,413244
2021-04-16 10:01:19,917.0,413264
2021-04-16 10:01:20,917.05,413396
2021-04-16 10:01:21,916.8,413398
2021-04-16 10:01:22,916.8,413465
2021-04-16 10:01:23,916.8,413470
2021-04-16 10:01:24,916.8,413470
2021-04-16 10:01:25,916.7,413480
2021-04-16 10:01:26,917.0,413490
2021-04-16 10:01:27,917.0,413490
2021-04-16 10:01:28,917.0,413490
2021-04-16 10:01:29,916.85,413495
2021-04-16 10:01:30,916.85,413815
2021-04-16 10:01:31,916.85,413815
2021-04-16 10:01:32,916.85,413815
2021-04-16 10:01:33,917.0,413915
2021-04-16 10:01:34,916.9,413945
2021-04-16 10:01:35,916.9,413945
2021-04-16 10:01:36,916.85,414265
2021-04-16 10:01:37,916.5,416658
2021-04-16 10:01:38,916.45,416900
2021-04-16 10:01:39,916.45,416900
2021-04-16 10:01:41,916.45,416900
2021-04-16 10:01:42,916.65,417245
2021-04-16 10:01:43,916.65,417245
2021-04-16 10:01:44,916.3,417318
2021-04-16 10:01:45,916.3,417320
2021-04-16 10:01:46,916.3,417320
2021-04-16 10:01:47,916.4,417370
2021-04-16 10:01:48,916.4,417375
2021-04-16 10:01:49,916.4,417375
2021-04-16 10:01:50,916.3,417425
2021-04-16 10:01:51,916.3,417425
2021-04-16 10:01:52,916.3,417480
2021-04-16 10:01:53,916.3,417615
2021-04-16 10:01:54,916.55,417665
2021-04-16 10:01:55,916.5,417705
2021-04-16 10:01:56,916.5,417705
2021-04-16 10:01:57,916.5,417705
2021-04-16 10:01:58,916.1,417805
2021-04-16 10:01:59,916.1,417805
2021-04-16 10:02:00,916.2,417825
2021-04-16 10:02:01,916.6,417878
2021-04-16 10:02:02,916.6,417878
2021-04-16 10:02:03,916.2,417883
2021-04-16 10:02:04,916.2,417883
2021-04-16 10:02:05,916.2,417913
2021-04-16 10:02:06,916.2,417913
2021-04-16 10:02:08,916.35,417943
2021-04-16 10:02:07,916.35,417943
2021-04-16 10:02:09,916.35,417943
2021-04-16 10:02:10,916.35,417943
2021-04-16 10:02:11,916.35,418050
2021-04-16 10:02:12,916.35,418055
2021-04-16 10:02:13,916.35,418065
2021-04-16 10:02:14,916.35,418110
2021-04-16 10:02:15,916.7,418360
2021-04-16 10:02:16,916.7,418360
2021-04-16 10:02:17,916.35,418459
2021-04-16 10:02:18,916.35,418509
2021-04-16 10:02:19,916.5,418631
2021-04-16 10:02:20,916.5,418631
2021-04-16 10:02:21,916.5,418631
2021-04-16 10:02:22,916.35,418691
2021-04-16 10:02:23,916.35,418691
2021-04-16 10:02:24,916.35,418905
2021-04-16 10:02:25,916.35,418925
2021-04-16 10:02:26,916.35,418925
2021-04-16 10:02:27,916.35,418925
2021-04-16 10:02:28,916.35,418925
2021-04-16 10:02:29,916.35,418925
2021-04-16 10:02:30,916.45,418945
2021-04-16 10:02:31,916.2,419439
2021-04-16 10:02:32,916.2,419439
2021-04-16 10:02:33,916.2,419439
2021-04-16 10:02:34,916.2,419439
2021-04-16 10:02:35,916.2,419439
2021-04-16 10:02:36,916.3,419510
2021-04-16 10:02:37,916.1,419568
2021-04-16 10:02:38,916.1,419568
2021-04-16 10:02:39,916.1,419578
2021-04-16 10:02:40,916.1,419578
2021-04-16 10:02:41,916.1,419629
2021-04-16 10:02:42,916.0,419739
2021-04-16 10:02:43,916.05,419740
2021-04-16 10:02:44,916.05,419740
2021-04-16 10:02:45,916.3,419791
2021-04-16 10:02:46,916.5,419991
2021-04-16 10:02:47,916.5,419991
2021-04-16 10:02:49,916.4,420145
2021-04-16 10:02:50,916.4,420145
2021-04-16 10:02:51,916.45,420264
2021-04-16 10:02:52,916.45,420264
2021-04-16 10:02:53,916.45,420264
2021-04-16 10:02:54,916.2,420309
2021-04-16 10:02:55,916.3,420359
2021-04-16 10:02:56,916.45,420598
2021-04-16 10:02:57,916.45,420605
2021-04-16 10:02:58,916.45,420605
2021-04-16 10:02:59,916.45,420605
2021-04-16 10:03:00,916.35,420606
2021-04-16 10:03:01,916.1,420655
2021-04-16 10:03:02,916.1,420655
2021-04-16 10:03:03,916.1,420730
2021-04-16 10:03:04,916.1,420745
2021-04-16 10:03:05,916.0,422554
2021-04-16 10:03:06,916.0,422554
2021-04-16 10:03:09,916.1,422632
2021-04-16 10:03:10,916.1,422632
2021-04-16 10:03:11,916.1,422644
2021-04-16 10:03:12,915.65,422647
2021-04-16 10:03:13,915.65,422647
2021-04-16 10:03:14,915.65,422673
2021-04-16 10:03:15,915.65,422673
2021-04-16 10:03:16,916.0,422678
2021-04-16 10:03:17,916.0,422678
2021-04-16 10:03:18,916.0,422678
2021-04-16 10:03:19,916.0,422678
2021-04-16 10:03:21,916.0,422678
2021-04-16 10:03:22,915.6,422795
2021-04-16 10:03:23,915.6,422795
2021-04-16 10:03:24,915.9,422882
2021-04-16 10:03:25,915.9,422882
2021-04-16 10:03:26,915.5,422902
2021-04-16 10:03:26,915.5,422902
2021-04-16 10:03:28,915.5,422902
2021-04-16 10:03:28,915.5,422902
2021-04-16 10:03:29,915.5,422902
2021-04-16 10:03:31,915.55,422959
2021-04-16 10:03:31,915.85,422966
2021-04-16 10:03:32,915.85,422966
2021-04-16 10:03:33,915.85,422966
2021-04-16 10:03:34,915.85,422993
2021-04-16 10:03:35,916.0,423519
2021-04-16 10:03:36,915.6,423569
2021-04-16 10:03:37,915.6,423579
2021-04-16 10:03:38,915.55,423665
2021-04-16 10:03:39,915.55,423665
2021-04-16 10:03:40,915.6,423691
2021-04-16 10:03:41,915.65,423745
2021-04-16 10:03:42,915.65,423745
2021-04-16 10:03:44,915.65,423745
2021-04-16 10:03:44,915.65,423745
2021-04-16 10:03:45,915.9,423795
2021-04-16 10:03:46,916.0,423820
2021-04-16 10:03:47,916.0,423820
2021-04-16 10:03:48,916.0,423820
2021-04-16 10:03:49,916.0,423820
2021-04-16 10:03:50,916.0,423842
2021-04-16 10:03:51,916.0,423857
2021-04-16 10:03:52,916.1,424064
2021-04-16 10:03:53,916.1,424064
2021-04-16 10:03:54,916.0,424248
2021-04-16 10:03:55,915.95,424268
2021-04-16 10:03:56,915.95,424268
2021-04-16 10:03:57,915.95,424268
2021-04-16 10:03:58,915.95,424268
2021-04-16 10:04:00,915.95,424268
2021-04-16 10:04:00,915.95,424268
2021-04-16 10:04:01,915.9,424273
2021-04-16 10:04:02,915.9,424273
2021-04-16 10:04:03,915.9,424323
2021-04-16 10:04:04,915.65,424684
2021-04-16 10:04:05,915.65,424853
2021-04-16 10:04:06,915.65,424853
2021-04-16 10:04:07,915.8,424860
2021-04-16 10:04:08,915.8,424860
2021-04-16 10:04:09,915.55,425214
2021-04-16 10:04:10,915.55,425245
2021-04-16 10:04:12,915.7,425305
2021-04-16 10:04:12,915.5,425298
2021-04-16 10:04:13,915.7,425311
2021-04-16 10:04:14,915.7,426561
2021-04-16 10:04:15,915.75,426617
2021-04-16 10:04:17,915.5,426684
2021-04-16 10:04:17,915.7,426691
2021-04-16 10:04:18,915.5,427080
2021-04-16 10:04:19,915.5,427155
2021-04-16 10:04:20,915.5,427165
2021-04-16 10:04:21,915.5,427165
2021-04-16 10:04:22,915.5,427545
2021-04-16 10:04:23,915.5,427545
2021-04-16 10:04:26,915.35,428632
2021-04-16 10:04:26,915.5,428255
2021-04-16 10:04:27,915.35,428632
2021-04-16 10:04:28,915.35,428632
2021-04-16 10:04:30,915.35,428720
2021-04-16 10:04:31,915.35,428720
2021-04-16 10:04:32,915.5,428861
2021-04-16 10:04:33,915.25,428865
2021-04-16 10:04:34,915.5,428965
2021-04-16 10:04:35,915.5,428965
2021-04-16 10:04:36,915.5,428965
2021-04-16 10:04:37,915.5,428965
2021-04-16 10:04:38,915.5,428965
2021-04-16 10:04:39,915.3,428979
2021-04-16 10:04:41,915.3,429000
2021-04-16 10:04:42,915.3,429000
2021-04-16 10:04:43,915.3,429000
2021-04-16 10:04:44,915.3,429000
2021-04-16 10:04:45,915.3,429020
2021-04-16 10:04:46,915.5,429035
2021-04-16 10:04:47,915.5,429035
2021-04-16 10:04:48,915.5,429038
2021-04-16 10:04:49,915.5,429038
2021-04-16 10:04:50,915.5,429038
2021-04-16 10:04:51,915.3,429039
2021-04-16 10:04:52,915.3,429039
2021-04-16 10:04:53,915.3,429039
2021-04-16 10:04:54,915.3,429069
2021-04-16 10:04:55,915.3,429098
2021-04-16 10:04:56,915.3,429098
2021-04-16 10:04:57,915.3,429098
2021-04-16 10:04:58,915.5,429243
2021-04-16 10:04:59,915.5,429243
2021-04-16 10:05:00,915.5,429293
2021-04-16 10:05:01,915.45,429360
2021-04-16 10:05:02,915.45,429360
2021-04-16 10:05:03,915.35,429376
2021-04-16 10:05:04,915.35,429386
2021-04-16 10:05:06,915.35,429412
2021-04-16 10:05:06,915.35,429412
2021-04-16 10:05:07,915.5,429442
2021-04-16 10:05:08,915.5,429442
2021-04-16 10:05:09,915.35,429477
2021-04-16 10:05:10,915.5,429487
2021-04-16 10:05:11,915.5,429487
2021-04-16 10:05:12,915.45,429635
2021-04-16 10:05:13,915.45,429635
2021-04-16 10:05:14,915.5,429706
2021-04-16 10:05:15,915.5,429706
2021-04-16 10:05:16,915.5,429706
2021-04-16 10:05:17,915.5,429712
2021-04-16 10:05:18,915.5,429712
2021-04-16 10:05:19,915.5,429712
2021-04-16 10:05:20,915.5,429712
2021-04-16 10:05:21,915.5,429733
2021-04-16 10:05:22,915.5,429733
2021-04-16 10:05:23,915.5,429798
2021-04-16 10:05:24,915.5,429798
2021-04-16 10:05:25,915.5,429798
2021-04-16 10:05:26,915.5,429849
2021-04-16 10:05:27,915.5,429914
2021-04-16 10:05:28,915.5,429964
2021-04-16 10:05:29,915.5,429964
2021-04-16 10:05:30,915.45,430054
2021-04-16 10:05:31,915.5,430059
2021-04-16 10:05:33,915.5,430070
2021-04-16 10:05:34,915.5,430070
2021-04-16 10:05:35,915.5,430070
2021-04-16 10:05:36,915.5,430072
2021-04-16 10:05:37,915.5,430072
2021-04-16 10:05:38,915.5,430072
2021-04-16 10:05:39,915.45,430097
2021-04-16 10:05:38,915.45,430097
2021-04-16 10:05:40,915.45,430097
2021-04-16 10:05:41,915.45,430118
2021-04-16 10:05:42,915.45,430268
2021-04-16 10:05:43,915.45,430268
2021-04-16 10:05:44,915.45,430268
2021-04-16 10:05:45,915.45,430268
2021-04-16 10:05:46,915.45,430268
2021-04-16 10:05:47,915.45,430268
2021-04-16 10:05:48,915.45,430268
2021-04-16 10:05:50,915.45,430268
2021-04-16 10:05:51,915.5,430319
2021-04-16 10:05:52,915.5,430319
2021-04-16 10:05:53,915.5,430319
2021-04-16 10:05:54,915.2,431664
2021-04-16 10:05:54,915.2,431664
2021-04-16 10:05:55,915.2,431664
2021-04-16 10:05:56,915.2,431664
2021-04-16 10:05:57,915.1,431735
2021-04-16 10:05:58,915.1,431735
2021-04-16 10:06:00,915.1,431735
2021-04-16 10:06:01,915.1,431756
2021-04-16 10:06:01,915.1,431756
2021-04-16 10:06:02,915.25,431763
2021-04-16 10:06:03,915.25,431763
2021-04-16 10:06:04,915.25,431763
2021-04-16 10:06:05,915.1,431818
2021-04-16 10:06:06,915.25,431820
2021-04-16 10:06:08,915.25,431820
2021-04-16 10:06:09,915.25,431820
2021-04-16 10:06:10,915.25,431820
2021-04-16 10:06:11,915.25,431820
2021-04-16 10:06:12,915.25,431820
2021-04-16 10:06:13,915.15,431851
2021-04-16 10:06:15,915.15,431891
2021-04-16 10:06:16,915.15,431891
2021-04-16 10:06:17,915.25,431931
2021-04-16 10:06:18,915.05,432031
2021-04-16 10:06:18,915.05,432031
2021-04-16 10:06:19,915.05,432031
2021-04-16 10:06:20,915.05,432031
2021-04-16 10:06:21,915.05,432051
2021-04-16 10:06:23,915.05,432051
2021-04-16 10:06:24,915.05,432051
2021-04-16 10:06:25,915.05,432051
2021-04-16 10:06:27,915.05,432051
2021-04-16 10:06:28,915.0,433312
2021-04-16 10:06:28,915.0,433312
2021-04-16 10:06:29,915.0,433312
2021-04-16 10:06:30,915.0,433312
2021-04-16 10:06:31,914.9,433507
2021-04-16 10:06:32,914.9,433507
2021-04-16 10:06:33,914.9,433507
2021-04-16 10:06:34,914.9,433507
2021-04-16 10:06:35,915.0,433517
2021-04-16 10:06:36,914.9,433547
2021-04-16 10:06:39,915.05,433793
2021-04-16 10:06:39,915.05,433793
2021-04-16 10:06:40,915.0,433795
2021-04-16 10:06:41,914.6,433850
2021-04-16 10:06:42,915.0,433952
2021-04-16 10:06:43,915.0,433962
2021-04-16 10:06:44,915.0,433962
2021-04-16 10:06:45,914.75,433982
2021-04-16 10:06:46,914.75,434030
2021-04-16 10:06:47,914.75,434030
2021-04-16 10:06:48,914.75,434030
2021-04-16 10:06:49,915.0,434157
2021-04-16 10:06:50,915.0,434177
2021-04-16 10:06:51,915.0,434178
2021-04-16 10:06:53,915.0,434178
2021-04-16 10:06:54,915.0,434178
2021-04-16 10:06:55,915.0,434178
2021-04-16 10:06:56,915.0,434178
2021-04-16 10:06:57,915.0,434178
2021-04-16 10:06:58,915.25,434417
2021-04-16 10:06:58,915.25,434417
2021-04-16 10:06:59,915.25,434417
2021-04-16 10:07:00,915.5,436291
2021-04-16 10:07:01,915.45,436293
2021-04-16 10:07:02,915.45,436293
2021-04-16 10:07:03,915.45,436394
2021-04-16 10:07:04,915.4,436557
2021-04-16 10:07:05,915.45,436627
2021-04-16 10:07:06,915.4,436746
2021-04-16 10:07:07,915.4,436746
2021-04-16 10:07:09,915.4,436846
2021-04-16 10:07:10,915.45,436858
2021-04-16 10:07:11,915.4,436910
2021-04-16 10:07:12,915.45,436911
2021-04-16 10:07:13,915.5,437811
2021-04-16 10:07:14,915.5,437926
2021-04-16 10:07:15,915.5,437928
2021-04-16 10:07:17,915.35,438221
2021-04-16 10:07:18,915.35,438221
2021-04-16 10:07:19,915.1,438226
2021-04-16 10:07:20,915.1,438226
2021-04-16 10:07:21,915.1,438246
2021-04-16 10:07:21,915.1,438305
2021-04-16 10:07:22,915.1,438305
2021-04-16 10:07:23,915.1,438305
2021-04-16 10:07:24,915.1,438305
2021-04-16 10:07:25,915.1,438305
2021-04-16 10:07:27,915.1,438305
2021-04-16 10:07:28,915.1,438355
2021-04-16 10:07:29,915.1,438355
2021-04-16 10:07:30,915.1,438355
2021-04-16 10:07:31,915.1,438355
2021-04-16 10:07:32,915.45,438405
2021-04-16 10:07:33,915.45,438405
2021-04-16 10:07:34,915.45,438405
2021-04-16 10:07:35,915.45,438445
2021-04-16 10:07:36,915.45,438486
2021-04-16 10:07:37,915.45,438486
2021-04-16 10:07:38,915.45,438486
2021-04-16 10:07:39,915.5,438536
2021-04-16 10:07:40,915.5,438536
2021-04-16 10:07:41,915.5,438536
2021-04-16 10:07:42,915.45,438541
2021-04-16 10:07:43,915.45,438541
2021-04-16 10:07:44,915.5,438601
2021-04-16 10:07:45,915.5,438601
2021-04-16 10:07:45,915.5,438601
2021-04-16 10:07:46,915.45,438614
2021-04-16 10:07:47,915.45,438614
2021-04-16 10:07:48,915.05,439009
2021-04-16 10:07:49,915.35,439043
2021-04-16 10:07:50,915.35,439043
2021-04-16 10:07:51,915.1,439109
2021-04-16 10:07:52,915.1,439109
2021-04-16 10:07:54,915.1,439114
2021-04-16 10:07:55,915.5,439214
2021-04-16 10:07:56,915.5,439214
2021-04-16 10:07:57,915.5,439214
2021-04-16 10:07:59,915.1,439278
2021-04-16 10:07:59,915.1,439278
2021-04-16 10:08:00,915.25,439298
2021-04-16 10:08:01,915.25,439298
2021-04-16 10:08:03,915.25,439298
2021-04-16 10:08:03,915.25,439298
2021-04-16 10:08:05,915.45,439499
2021-04-16 10:08:06,915.45,439499
2021-04-16 10:08:07,915.45,439499
2021-04-16 10:08:08,915.45,439499
2021-04-16 10:08:09,915.25,439500
2021-04-16 10:08:10,915.25,439500
2021-04-16 10:08:11,915.25,439536
2021-04-16 10:08:12,915.25,439536
2021-04-16 10:08:13,915.25,439536
2021-04-16 10:08:14,915.25,439536
2021-04-16 10:08:15,915.25,439536
2021-04-16 10:08:15,915.25,439536
2021-04-16 10:08:16,915.25,439536
2021-04-16 10:08:17,915.25,439536
2021-04-16 10:08:18,915.5,439767
2021-04-16 10:08:19,915.5,439767
2021-04-16 10:08:20,915.5,444101
2021-04-16 10:08:21,915.35,444311
2021-04-16 10:08:22,915.35,444311
2021-04-16 10:08:25,915.35,444311
2021-04-16 10:08:26,915.45,444377
2021-04-16 10:08:27,915.45,444462
2021-04-16 10:08:28,915.45,444462
2021-04-16 10:08:29,915.5,447850
2021-04-16 10:08:30,915.5,448262
2021-04-16 10:08:31,915.5,448262
2021-04-16 10:08:32,915.45,448401
2021-04-16 10:08:33,915.5,448435
2021-04-16 10:08:33,915.5,448591
2021-04-16 10:08:34,915.5,448629
2021-04-16 10:08:35,915.45,448630
2021-04-16 10:08:36,915.5,448650
2021-04-16 10:08:38,915.5,448650
2021-04-16 10:08:39,915.5,448650
2021-04-16 10:08:40,915.5,448650
2021-04-16 10:08:41,915.45,449132
2021-04-16 10:08:42,915.35,449184
2021-04-16 10:08:43,915.35,449184
2021-04-16 10:08:44,915.35,449184
2021-04-16 10:08:45,915.35,449184
2021-04-16 10:08:46,915.35,449205
2021-04-16 10:08:46,915.35,449205
2021-04-16 10:08:48,915.35,449205
2021-04-16 10:08:49,915.35,449205
2021-04-16 10:08:50,915.35,449210
2021-04-16 10:08:51,915.35,449210
2021-04-16 10:08:52,915.35,449210
2021-04-16 10:08:53,915.35,449210
2021-04-16 10:08:54,915.35,449210
2021-04-16 10:08:55,915.35,449210
2021-04-16 10:08:57,915.35,449235
2021-04-16 10:08:58,915.35,449235
2021-04-16 10:08:59,915.4,449250
2021-04-16 10:09:00,915.5,449325
2021-04-16 10:09:00,915.35,449300
2021-04-16 10:09:01,915.5,449325
2021-04-16 10:09:05,915.35,449330
2021-04-16 10:09:06,915.5,449333
2021-04-16 10:09:07,915.5,449402
2021-04-16 10:09:08,915.5,449402
2021-04-16 10:09:09,915.5,449402
2021-04-16 10:09:10,915.5,449402
2021-04-16 10:09:11,915.5,449402
2021-04-16 10:09:12,915.5,449402
2021-04-16 10:09:13,915.5,449402
2021-04-16 10:09:14,915.4,449406
2021-04-16 10:09:15,915.4,449406
2021-04-16 10:09:16,915.4,449406
2021-04-16 10:09:17,915.5,449407
2021-04-16 10:09:18,915.5,449423
2021-04-16 10:09:19,915.5,449438
2021-04-16 10:09:20,915.5,449664
2021-04-16 10:09:22,915.5,449664
2021-04-16 10:09:23,915.7,449685
2021-04-16 10:09:24,915.7,449690
2021-04-16 10:09:25,916.1,450690
2021-04-16 10:09:26,916.1,450690
2021-04-16 10:09:27,916.1,450690
2021-04-16 10:09:28,916.05,450691
2021-04-16 10:09:29,916.05,450706
2021-04-16 10:09:30,916.05,450706
2021-04-16 10:09:31,916.05,450706
2021-04-16 10:09:32,915.6,450769
2021-04-16 10:09:33,915.9,450919
2021-04-16 10:09:34,915.5,451559
2021-04-16 10:09:35,915.5,451573
2021-04-16 10:09:36,915.5,451573
2021-04-16 10:09:37,915.7,451578
2021-04-16 10:09:38,915.7,451578
2021-04-16 10:09:39,915.8,452078
2021-04-16 10:09:39,915.8,452178
2021-04-16 10:09:40,915.8,452178
2021-04-16 10:09:42,915.75,452453
2021-04-16 10:09:43,915.75,452453
2021-04-16 10:09:44,915.75,452453
2021-04-16 10:09:45,915.75,452453
2021-04-16 10:09:46,915.5,452468
2021-04-16 10:09:48,915.5,452468
2021-04-16 10:09:49,915.5,452468
2021-04-16 10:09:49,915.5,452468
2021-04-16 10:09:51,915.5,452468
2021-04-16 10:09:53,915.5,452468
2021-04-16 10:09:54,915.5,452968
2021-04-16 10:09:55,915.7,452973
2021-04-16 10:09:56,915.7,453018
2021-04-16 10:09:57,915.7,453018
2021-04-16 10:09:58,915.7,453018
2021-04-16 10:09:59,915.7,453028
2021-04-16 10:09:59,915.7,453028
2021-04-16 10:10:01,915.7,453048
2021-04-16 10:10:02,915.7,453048
2021-04-16 10:10:02,915.7,453048
2021-04-16 10:10:03,915.7,453048
2021-04-16 10:10:04,915.7,453098
2021-04-16 10:10:06,915.7,453118
2021-04-16 10:10:07,915.7,453118
2021-04-16 10:10:08,915.9,453122
2021-04-16 10:10:09,915.9,453122
2021-04-16 10:10:10,915.9,453123
2021-04-16 10:10:11,915.9,453123
2021-04-16 10:10:12,915.9,453148
2021-04-16 10:10:13,915.9,453168
2021-04-16 10:10:14,916.0,453213
2021-04-16 10:10:15,915.9,453431
2021-04-16 10:10:16,915.5,453522
2021-04-16 10:10:16,915.5,453522
2021-04-16 10:10:18,915.5,453522
2021-04-16 10:10:19,915.5,453522
2021-04-16 10:10:20,915.5,453542
2021-04-16 10:10:21,915.5,453542
2021-04-16 10:10:22,915.5,453542
2021-04-16 10:10:23,915.5,453551
2021-04-16 10:10:24,915.65,453568
2021-04-16 10:10:25,915.65,453571
2021-04-16 10:10:26,915.65,453571
2021-04-16 10:10:28,915.65,453571
2021-04-16 10:10:29,915.65,453571
2021-04-16 10:10:30,915.65,453571
2021-04-16 10:10:31,915.85,453576
2021-04-16 10:10:33,915.85,453576
2021-04-16 10:10:35,915.85,453577
2021-04-16 10:10:36,915.85,453587
2021-04-16 10:10:36,915.85,453587
2021-04-16 10:10:38,915.85,453587
2021-04-16 10:10:39,915.85,453587
2021-04-16 10:10:40,915.85,453587
2021-04-16 10:10:41,915.85,453587
2021-04-16 10:10:42,915.85,453587
2021-04-16 10:10:43,916.0,453690
2021-04-16 10:10:44,916.0,453703
2021-04-16 10:10:45,916.0,453703
2021-04-16 10:10:46,915.85,453705
2021-04-16 10:10:47,915.85,453705
2021-04-16 10:10:48,915.85,453705
2021-04-16 10:10:49,915.85,453705
2021-04-16 10:10:50,916.0,453725
2021-04-16 10:10:52,916.0,453725
2021-04-16 10:10:53,916.0,453725
2021-04-16 10:10:54,916.0,453725
2021-04-16 10:10:55,915.85,453925
2021-04-16 10:10:56,916.0,453935
2021-04-16 10:10:57,916.0,453948
2021-04-16 10:10:58,916.0,453948
2021-04-16 10:10:59,916.0,453948
2021-04-16 10:10:59,916.0,453948
2021-04-16 10:11:00,916.0,453948
2021-04-16 10:11:01,916.0,453948
2021-04-16 10:11:02,915.95,453953
2021-04-16 10:11:03,916.0,454472
2021-04-16 10:11:05,916.1,454489
2021-04-16 10:11:06,916.05,454760
2021-04-16 10:11:07,916.05,454760
2021-04-16 10:11:08,916.0,455510
2021-04-16 10:11:09,916.0,455510
2021-04-16 10:11:10,916.0,455510
2021-04-16 10:11:11,916.0,455600
2021-04-16 10:11:13,916.1,455741
2021-04-16 10:11:14,916.0,456074
2021-04-16 10:11:15,916.1,456132
2021-04-16 10:11:16,916.1,456132
2021-04-16 10:11:17,916.1,456132
2021-04-16 10:11:18,916.1,456132
2021-04-16 10:11:19,916.1,456132
2021-04-16 10:11:20,916.05,456232
2021-04-16 10:11:21,916.0,456252
2021-04-16 10:11:22,916.0,456252
