timestamp,ltp,volume
2021-05-25 09:15:27,4116.75,5405
2021-05-25 09:15:28,4116.75,5423
2021-05-25 09:15:29,4112.75,5931
2021-05-25 09:15:30,4115.0,5981
2021-05-25 09:15:31,4116.0,5994
2021-05-25 09:15:32,4116.2,6012
2021-05-25 09:15:33,4117.35,6312
2021-05-25 09:15:34,4121.0,6363
2021-05-25 09:15:35,4121.95,7019
2021-05-25 09:15:36,4121.95,7020
2021-05-25 09:15:37,4121.95,7020
2021-05-25 09:15:38,4121.95,7034
2021-05-25 09:15:39,4122.0,7040
2021-05-25 09:15:40,4123.55,7041
2021-05-25 09:15:41,4122.0,7112
2021-05-25 09:15:42,4123.15,7177
2021-05-25 09:15:43,4119.25,7184
2021-05-25 09:15:44,4121.1,7246
2021-05-25 09:15:45,4123.5,7266
2021-05-25 09:15:46,4124.35,7349
2021-05-25 09:15:47,4121.1,7353
2021-05-25 09:15:48,4123.55,7364
2021-05-25 09:15:49,4122.9,7406
2021-05-25 09:15:50,4120.25,7439
2021-05-25 09:15:51,4119.05,7447
2021-05-25 09:15:52,4122.3,7647
2021-05-25 09:15:53,4119.25,7806
2021-05-25 09:15:54,4121.4,8465
2021-05-25 09:15:55,4119.55,8603
2021-05-25 09:15:56,4120.0,8703
2021-05-25 09:15:57,4120.75,8759
2021-05-25 09:15:58,4122.0,8780
2021-05-25 09:15:59,4122.5,8786
2021-05-25 09:16:00,4123.15,9666
2021-05-25 09:16:01,4124.2,9675
2021-05-25 09:16:02,4125.1,9980
2021-05-25 09:16:03,4120.05,10259
2021-05-25 09:16:04,4120.05,10259
2021-05-25 09:16:05,4118.3,10397
2021-05-25 09:16:06,4120.8,10401
2021-05-25 09:16:07,4120.05,10423
2021-05-25 09:16:08,4119.0,10429
2021-05-25 09:16:09,4118.35,10493
2021-05-25 09:16:10,4120.0,10506
2021-05-25 09:16:11,4118.6,10524
2021-05-25 09:16:12,4120.7,10543
2021-05-25 09:16:13,4120.7,10543
2021-05-25 09:16:14,4109.2,11873
2021-05-25 09:16:15,4116.4,13028
2021-05-25 09:16:16,4119.15,13055
2021-05-25 09:16:17,4119.15,13102
2021-05-25 09:16:18,4118.95,13672
2021-05-25 09:16:19,4122.25,13676
2021-05-25 09:16:21,4123.65,14358
2021-05-25 09:16:22,4129.0,15705
2021-05-25 09:16:23,4129.0,15802
2021-05-25 09:16:24,4129.6,15803
2021-05-25 09:16:25,4130.0,15985
2021-05-25 09:16:26,4131.55,16286
2021-05-25 09:16:27,4131.0,16427
2021-05-25 09:16:28,4131.55,16507
2021-05-25 09:16:29,4133.55,16844
2021-05-25 09:16:30,4133.8,17070
2021-05-25 09:16:31,4134.1,17218
2021-05-25 09:16:32,4135.55,18749
2021-05-25 09:16:33,4137.0,18757
2021-05-25 09:16:34,4137.5,18857
2021-05-25 09:16:35,4136.8,18939
2021-05-25 09:16:37,4136.9,19058
2021-05-25 09:16:38,4136.4,19092
2021-05-25 09:16:39,4136.4,19092
2021-05-25 09:16:40,4132.55,19416
2021-05-25 09:16:41,4130.45,19653
2021-05-25 09:16:42,4131.25,19768
2021-05-25 09:16:45,4129.2,20066
2021-05-25 09:16:46,4130.45,20158
2021-05-25 09:16:47,4129.15,20186
2021-05-25 09:16:48,4129.15,20200
2021-05-25 09:16:50,4129.1,20215
2021-05-25 09:16:51,4129.1,20235
2021-05-25 09:16:53,4125.25,20285
2021-05-25 09:16:55,4128.15,20399
2021-05-25 09:16:56,4125.7,20404
2021-05-25 09:16:57,4128.1,20408
2021-05-25 09:16:58,4125.8,20418
2021-05-25 09:16:59,4125.8,20418
2021-05-25 09:17:01,4125.65,20643
2021-05-25 09:17:02,4125.95,20645
2021-05-25 09:17:03,4125.6,21045
2021-05-25 09:17:04,4125.6,21048
2021-05-25 09:17:05,4125.1,21178
2021-05-25 09:17:06,4125.1,21178
2021-05-25 09:17:07,4124.9,21182
2021-05-25 09:17:07,4124.9,21182
2021-05-25 09:17:08,4125.25,21190
2021-05-25 09:17:09,4125.25,21190
2021-05-25 09:17:10,4124.9,21276
2021-05-25 09:17:11,4124.9,21276
2021-05-25 09:17:12,4126.0,21354
2021-05-25 09:17:13,4126.4,21412
2021-05-25 09:17:14,4124.9,21427
2021-05-25 09:17:15,4124.9,21428
2021-05-25 09:17:16,4124.9,21428
2021-05-25 09:17:17,4123.25,21494
2021-05-25 09:17:18,4123.25,21494
2021-05-25 09:17:19,4123.4,21537
2021-05-25 09:17:20,4121.3,21543
2021-05-25 09:17:22,4123.4,21544
2021-05-25 09:17:23,4123.4,21544
2021-05-25 09:17:24,4121.3,21553
2021-05-25 09:17:25,4121.3,21553
2021-05-25 09:17:26,4120.7,21557
2021-05-25 09:17:27,4118.95,21837
2021-05-25 09:17:28,4118.95,21837
2021-05-25 09:17:29,4118.95,21837
2021-05-25 09:17:31,4119.05,21847
2021-05-25 09:17:32,4119.05,21858
2021-05-25 09:17:33,4119.15,21942
2021-05-25 09:17:35,4120.35,21952
2021-05-25 09:17:36,4119.15,21965
2021-05-25 09:17:39,4122.5,22001
2021-05-25 09:17:41,4122.5,22002
2021-05-25 09:17:42,4122.5,22005
2021-05-25 09:17:42,4122.5,22005
2021-05-25 09:17:43,4122.5,22005
2021-05-25 09:17:44,4121.9,22006
2021-05-25 09:17:45,4121.9,22006
2021-05-25 09:17:46,4121.9,22006
2021-05-25 09:17:47,4121.9,22006
2021-05-25 09:17:48,4121.9,22006
2021-05-25 09:17:49,4121.65,22131
2021-05-25 09:17:50,4122.0,22166
2021-05-25 09:17:51,4122.0,22166
2021-05-25 09:17:53,4122.0,22166
2021-05-25 09:17:54,4122.0,22166
2021-05-25 09:17:55,4122.75,22214
2021-05-25 09:17:56,4122.5,22223
2021-05-25 09:17:57,4119.05,22472
2021-05-25 09:17:58,4121.4,22478
2021-05-25 09:17:59,4121.45,22498
2021-05-25 09:18:00,4121.45,22498
2021-05-25 09:18:01,4121.45,22498
2021-05-25 09:18:02,4121.55,23072
2021-05-25 09:18:03,4123.7,23098
2021-05-25 09:18:05,4121.55,23119
2021-05-25 09:18:07,4121.55,23126
2021-05-25 09:18:08,4120.45,23614
2021-05-25 09:18:09,4120.45,23614
2021-05-25 09:18:11,4120.45,23614
2021-05-25 09:18:12,4120.45,23614
2021-05-25 09:18:13,4122.6,23616
2021-05-25 09:18:14,4122.65,23663
2021-05-25 09:18:15,4122.65,23663
2021-05-25 09:18:16,4122.9,23665
2021-05-25 09:18:17,4123.35,23687
2021-05-25 09:18:18,4123.25,23693
2021-05-25 09:18:19,4120.0,23903
2021-05-25 09:18:19,4120.0,24103
2021-05-25 09:18:20,4119.45,24380
2021-05-25 09:18:21,4118.0,24651
2021-05-25 09:18:23,4119.25,24821
2021-05-25 09:18:24,4121.55,24834
2021-05-25 09:18:25,4121.55,24834
2021-05-25 09:18:26,4121.55,24834
2021-05-25 09:18:27,4121.5,24853
2021-05-25 09:18:28,4121.5,24853
2021-05-25 09:18:29,4121.5,24853
2021-05-25 09:18:30,4123.45,24908
2021-05-25 09:18:31,4123.45,24909
2021-05-25 09:18:32,4123.35,24914
2021-05-25 09:18:33,4123.35,24914
2021-05-25 09:18:34,4123.35,24914
2021-05-25 09:18:35,4123.35,24914
2021-05-25 09:18:36,4123.35,24914
2021-05-25 09:18:37,4120.0,25370
2021-05-25 09:18:38,4119.35,25654
2021-05-25 09:18:39,4119.35,25654
2021-05-25 09:18:40,4119.35,25654
2021-05-25 09:18:41,4119.35,25654
2021-05-25 09:18:42,4122.2,25658
2021-05-25 09:18:43,4122.2,25660
2021-05-25 09:18:44,4120.05,25807
2021-05-25 09:18:45,4121.0,25910
2021-05-25 09:18:46,4121.0,25910
2021-05-25 09:18:47,4120.05,25914
2021-05-25 09:18:48,4122.35,25916
2021-05-25 09:18:49,4122.35,25916
2021-05-25 09:18:50,4120.0,26053
2021-05-25 09:18:51,4119.95,26076
2021-05-25 09:18:52,4119.95,26076
2021-05-25 09:18:53,4119.9,26148
2021-05-25 09:18:54,4119.95,26150
2021-05-25 09:18:55,4120.05,26441
2021-05-25 09:18:56,4119.05,26542
2021-05-25 09:18:57,4121.45,26544
2021-05-25 09:18:58,4120.0,26607
2021-05-25 09:18:59,4118.9,26611
2021-05-25 09:19:00,4118.9,26611
2021-05-25 09:19:01,4119.95,26612
2021-05-25 09:19:03,4120.0,26652
2021-05-25 09:19:03,4118.95,26688
2021-05-25 09:19:05,4120.0,26938
2021-05-25 09:19:06,4120.0,26943
2021-05-25 09:19:07,4120.0,26943
2021-05-25 09:19:08,4120.0,26943
2021-05-25 09:19:09,4121.0,26944
2021-05-25 09:19:10,4121.9,26957
2021-05-25 09:19:10,4121.9,26957
2021-05-25 09:19:11,4120.0,26972
2021-05-25 09:19:12,4120.0,26996
2021-05-25 09:19:14,4120.0,27016
2021-05-25 09:19:15,4118.95,27026
2021-05-25 09:19:16,4118.95,27026
2021-05-25 09:19:17,4119.8,27028
2021-05-25 09:19:18,4119.8,27028
2021-05-25 09:19:19,4119.8,27028
2021-05-25 09:19:20,4119.8,27029
2021-05-25 09:19:21,4119.8,27029
2021-05-25 09:19:22,4119.8,27029
2021-05-25 09:19:23,4120.0,27031
2021-05-25 09:19:24,4120.0,27031
2021-05-25 09:19:25,4120.0,27031
2021-05-25 09:19:26,4120.0,27031
2021-05-25 09:19:27,4120.0,27031
2021-05-25 09:19:28,4120.0,27031
2021-05-25 09:19:30,4120.0,27031
2021-05-25 09:19:32,4118.6,27047
2021-05-25 09:19:34,4121.4,27180
2021-05-25 09:19:35,4118.0,27238
2021-05-25 09:19:36,4118.0,27238
2021-05-25 09:19:37,4118.0,27238
2021-05-25 09:19:38,4118.0,27238
2021-05-25 09:19:39,4118.85,27240
2021-05-25 09:19:42,4118.0,27256
2021-05-25 09:19:44,4115.05,27440
2021-05-25 09:19:45,4115.05,27440
2021-05-25 09:19:46,4115.05,27564
2021-05-25 09:19:47,4115.05,27564
2021-05-25 09:19:48,4115.05,27564
2021-05-25 09:19:49,4115.05,27564
2021-05-25 09:19:50,4115.4,27572
2021-05-25 09:19:51,4115.4,27572
2021-05-25 09:19:52,4117.6,27584
2021-05-25 09:19:53,4117.75,27675
2021-05-25 09:19:54,4116.2,27685
2021-05-25 09:19:56,4116.2,27685
2021-05-25 09:19:57,4116.2,27685
2021-05-25 09:19:58,4116.2,27685
2021-05-25 09:19:59,4117.6,27736
2021-05-25 09:20:00,4117.6,27742
2021-05-25 09:20:01,4117.6,27742
2021-05-25 09:20:02,4117.6,27742
2021-05-25 09:20:03,4117.6,27744
2021-05-25 09:20:05,4112.5,28272
2021-05-25 09:20:06,4112.5,28272
2021-05-25 09:20:07,4113.6,28273
2021-05-25 09:20:09,4112.35,28294
2021-05-25 09:20:11,4112.35,28294
2021-05-25 09:20:12,4112.35,28301
2021-05-25 09:20:13,4113.5,28305
2021-05-25 09:20:14,4113.45,28311
2021-05-25 09:20:15,4113.45,28311
2021-05-25 09:20:16,4112.35,28313
2021-05-25 09:20:17,4112.35,28313
2021-05-25 09:20:18,4113.45,28316
2021-05-25 09:20:19,4111.1,28345
2021-05-25 09:20:20,4111.1,28345
2021-05-25 09:20:21,4113.05,28552
2021-05-25 09:20:22,4112.75,28574
2021-05-25 09:20:23,4110.6,28674
2021-05-25 09:20:24,4110.6,28674
2021-05-25 09:20:25,4110.6,28674
2021-05-25 09:20:26,4113.05,28684
2021-05-25 09:20:27,4114.95,28755
2021-05-25 09:20:30,4114.35,28770
2021-05-25 09:20:31,4115.0,28853
2021-05-25 09:20:32,4117.0,28854
2021-05-25 09:20:33,4117.0,28884
2021-05-25 09:20:34,4117.25,28894
2021-05-25 09:20:35,4117.6,28902
2021-05-25 09:20:36,4117.6,28953
2021-05-25 09:20:37,4117.6,28959
2021-05-25 09:20:38,4118.0,28966
2021-05-25 09:20:39,4118.0,28966
2021-05-25 09:20:40,4118.0,28967
2021-05-25 09:20:41,4118.6,28972
2021-05-25 09:20:43,4119.6,28985
2021-05-25 09:20:44,4119.6,28985
2021-05-25 09:20:45,4119.6,28985
2021-05-25 09:20:46,4119.5,28986
2021-05-25 09:20:47,4119.5,28991
2021-05-25 09:20:48,4119.55,29005
2021-05-25 09:20:49,4118.0,29019
2021-05-25 09:20:50,4117.1,29022
2021-05-25 09:20:51,4117.2,29074
2021-05-25 09:20:52,4116.45,29094
2021-05-25 09:20:53,4116.1,29102
2021-05-25 09:20:55,4117.55,29157
2021-05-25 09:20:56,4115.65,29167
2021-05-25 09:20:57,4115.65,29167
2021-05-25 09:20:58,4115.65,29167
2021-05-25 09:20:59,4116.8,29171
2021-05-25 09:21:00,4112.05,29222
2021-05-25 09:21:01,4112.05,29222
2021-05-25 09:21:02,4112.05,29222
2021-05-25 09:21:07,4113.3,29315
2021-05-25 09:21:09,4113.3,29398
2021-05-25 09:21:10,4113.3,29421
2021-05-25 09:21:11,4113.1,29430
2021-05-25 09:21:12,4114.75,29439
2021-05-25 09:21:13,4114.0,29536
2021-05-25 09:21:14,4114.05,29555
2021-05-25 09:21:15,4114.25,29556
2021-05-25 09:21:17,4116.7,29558
2021-05-25 09:21:18,4116.7,29558
2021-05-25 09:21:19,4116.7,29560
2021-05-25 09:21:20,4116.7,29560
2021-05-25 09:21:21,4116.7,29561
2021-05-25 09:21:22,4116.7,29561
2021-05-25 09:21:24,4116.7,29561
2021-05-25 09:21:25,4116.7,29561
2021-05-25 09:21:26,4116.5,29565
2021-05-25 09:21:27,4116.5,29565
2021-05-25 09:21:28,4116.4,29586
2021-05-25 09:21:29,4117.35,29589
2021-05-25 09:21:30,4115.1,29595
2021-05-25 09:21:31,4115.1,29595
2021-05-25 09:21:33,4114.95,29795
2021-05-25 09:21:34,4114.95,29795
2021-05-25 09:21:35,4114.95,29795
2021-05-25 09:21:37,4114.95,29795
2021-05-25 09:21:41,4118.05,29831
2021-05-25 09:21:42,4118.6,29834
2021-05-25 09:21:44,4118.5,29884
2021-05-25 09:21:45,4118.5,29884
2021-05-25 09:21:46,4118.5,29884
2021-05-25 09:21:47,4118.5,29884
2021-05-25 09:21:48,4118.5,29884
2021-05-25 09:21:49,4119.8,29893
2021-05-25 09:21:50,4119.8,29898
2021-05-25 09:21:51,4119.25,29899
2021-05-25 09:21:52,4116.85,30676
2021-05-25 09:21:53,4116.85,30891
2021-05-25 09:21:54,4116.85,30899
2021-05-25 09:21:55,4116.85,30899
2021-05-25 09:21:56,4116.85,30899
2021-05-25 09:21:57,4116.85,30899
2021-05-25 09:21:58,4116.85,30904
2021-05-25 09:21:59,4115.7,30916
2021-05-25 09:22:00,4115.7,30916
2021-05-25 09:22:00,4115.7,30916
2021-05-25 09:22:01,4119.0,31015
2021-05-25 09:22:02,4122.2,31346
2021-05-25 09:22:03,4122.2,31346
2021-05-25 09:22:04,4122.2,31352
2021-05-25 09:22:05,4122.2,31352
2021-05-25 09:22:06,4122.2,31362
2021-05-25 09:22:07,4122.2,31368
2021-05-25 09:22:08,4119.1,31552
2021-05-25 09:22:10,4119.35,31683
2021-05-25 09:22:11,4119.35,31683
2021-05-25 09:22:12,4119.5,31693
2021-05-25 09:22:13,4119.5,31693
2021-05-25 09:22:15,4120.15,31731
2021-05-25 09:22:17,4119.0,32013
2021-05-25 09:22:18,4118.2,32068
2021-05-25 09:22:20,4118.2,32343
2021-05-25 09:22:21,4118.2,32345
2021-05-25 09:22:22,4118.15,32355
2021-05-25 09:22:24,4115.55,33003
2021-05-25 09:22:25,4111.8,33139
2021-05-25 09:22:27,4116.45,33413
2021-05-25 09:22:28,4118.15,33438
2021-05-25 09:22:30,4118.15,33548
2021-05-25 09:22:31,4118.4,33594
2021-05-25 09:22:32,4120.0,33616
2021-05-25 09:22:33,4122.05,33618
2021-05-25 09:22:34,4120.0,33668
2021-05-25 09:22:35,4121.15,33672
2021-05-25 09:22:36,4121.15,33676
2021-05-25 09:22:37,4121.15,33680
2021-05-25 09:22:38,4121.15,33680
2021-05-25 09:22:41,4122.05,33685
2021-05-25 09:22:42,4122.7,33689
2021-05-25 09:22:43,4121.15,33695
2021-05-25 09:22:44,4120.2,34124
2021-05-25 09:22:45,4120.2,34314
2021-05-25 09:22:46,4120.2,34314
2021-05-25 09:22:47,4120.2,34314
2021-05-25 09:22:48,4120.2,34314
2021-05-25 09:22:49,4121.15,34317
2021-05-25 09:22:50,4122.5,34327
2021-05-25 09:22:51,4122.3,34339
2021-05-25 09:22:52,4122.3,34340
2021-05-25 09:22:53,4122.3,34340
2021-05-25 09:22:54,4122.55,34341
2021-05-25 09:22:55,4122.55,34341
2021-05-25 09:22:56,4122.55,34341
2021-05-25 09:22:57,4122.55,34351
2021-05-25 09:22:58,4122.55,34355
2021-05-25 09:22:59,4122.55,34355
2021-05-25 09:23:00,4122.55,34355
2021-05-25 09:23:01,4122.55,34355
2021-05-25 09:23:03,4122.55,34355
2021-05-25 09:23:04,4122.3,34357
2021-05-25 09:23:05,4122.5,34367
2021-05-25 09:23:06,4122.55,34378
2021-05-25 09:23:08,4122.55,34378
2021-05-25 09:23:09,4122.3,34383
2021-05-25 09:23:10,4122.55,34384
2021-05-25 09:23:11,4122.55,34384
2021-05-25 09:23:12,4122.55,34384
2021-05-25 09:23:13,4122.55,34384
2021-05-25 09:23:14,4122.3,34394
2021-05-25 09:23:15,4122.35,34402
2021-05-25 09:23:16,4122.0,34433
2021-05-25 09:23:17,4122.0,34433
2021-05-25 09:23:18,4121.0,34435
2021-05-25 09:23:20,4122.0,34521
2021-05-25 09:23:21,4122.0,34521
2021-05-25 09:23:22,4120.0,34731
2021-05-25 09:23:23,4117.85,34763
2021-05-25 09:23:27,4117.85,34782
2021-05-25 09:23:28,4117.2,34799
2021-05-25 09:23:29,4117.2,34801
2021-05-25 09:23:30,4116.6,34851
2021-05-25 09:23:31,4118.25,34857
2021-05-25 09:23:32,4119.85,34897
2021-05-25 09:23:33,4119.85,34901
2021-05-25 09:23:34,4119.85,34901
2021-05-25 09:23:35,4119.85,34901
2021-05-25 09:23:35,4117.85,35010
2021-05-25 09:23:36,4117.85,35085
2021-05-25 09:23:37,4117.85,35092
2021-05-25 09:23:38,4117.85,35103
2021-05-25 09:23:39,4117.75,35105
2021-05-25 09:23:40,4115.0,35323
2021-05-25 09:23:41,4115.0,35352
2021-05-25 09:23:42,4114.4,35484
2021-05-25 09:23:43,4115.55,35532
2021-05-25 09:23:44,4115.55,35532
2021-05-25 09:23:45,4115.55,35532
2021-05-25 09:23:46,4115.55,35532
2021-05-25 09:23:47,4115.55,35532
2021-05-25 09:23:48,4117.9,35546
2021-05-25 09:23:49,4117.9,35552
2021-05-25 09:23:50,4117.9,35552
2021-05-25 09:23:51,4117.9,35552
2021-05-25 09:23:52,4115.0,35556
2021-05-25 09:23:53,4115.0,35556
2021-05-25 09:23:54,4115.0,35556
2021-05-25 09:23:55,4115.0,35556
2021-05-25 09:23:56,4115.0,35635
2021-05-25 09:23:57,4115.05,35677
2021-05-25 09:23:58,4115.05,35677
2021-05-25 09:23:59,4115.05,35677
2021-05-25 09:24:00,4115.05,35677
2021-05-25 09:24:01,4116.55,35687
2021-05-25 09:24:02,4119.2,35688
2021-05-25 09:24:03,4119.1,35692
2021-05-25 09:24:04,4119.1,35692
2021-05-25 09:24:05,4116.55,35694
2021-05-25 09:24:06,4115.85,35703
2021-05-25 09:24:07,4117.9,35705
2021-05-25 09:24:08,4115.75,35708
2021-05-25 09:24:09,4115.8,35709
2021-05-25 09:24:10,4115.75,35710
2021-05-25 09:24:11,4115.75,35710
2021-05-25 09:24:12,4115.85,35715
2021-05-25 09:24:13,4115.85,35715
2021-05-25 09:24:15,4117.9,35716
2021-05-25 09:24:17,4117.9,35718
2021-05-25 09:24:18,4117.9,35718
2021-05-25 09:24:19,4116.6,35723
2021-05-25 09:24:20,4116.6,35723
2021-05-25 09:24:21,4116.6,35723
2021-05-25 09:24:22,4118.15,35748
2021-05-25 09:24:23,4118.15,35751
2021-05-25 09:24:24,4118.15,35751
2021-05-25 09:24:25,4118.15,35751
2021-05-25 09:24:26,4116.1,35752
2021-05-25 09:24:27,4116.05,35842
2021-05-25 09:24:28,4116.0,35857
2021-05-25 09:24:29,4114.8,36087
2021-05-25 09:24:30,4113.95,36112
2021-05-25 09:24:31,4113.95,36112
2021-05-25 09:24:32,4113.85,36125
2021-05-25 09:24:34,4111.8,36225
2021-05-25 09:24:35,4113.35,36238
2021-05-25 09:24:36,4114.3,36240
2021-05-25 09:24:37,4113.35,36241
2021-05-25 09:24:38,4113.35,36241
2021-05-25 09:24:39,4113.35,36241
2021-05-25 09:24:40,4113.35,36251
2021-05-25 09:24:41,4113.35,36252
2021-05-25 09:24:42,4113.4,36264
2021-05-25 09:24:43,4113.4,36265
2021-05-25 09:24:44,4113.4,36265
2021-05-25 09:24:45,4113.4,36265
2021-05-25 09:24:46,4113.4,36265
2021-05-25 09:24:48,4113.3,36282
2021-05-25 09:24:49,4113.35,36310
2021-05-25 09:24:50,4113.35,36310
2021-05-25 09:24:51,4113.35,36310
2021-05-25 09:24:52,4113.75,36323
2021-05-25 09:24:53,4113.75,36323
2021-05-25 09:24:54,4114.55,36333
2021-05-25 09:24:55,4117.0,36389
2021-05-25 09:24:56,4116.3,36418
2021-05-25 09:24:57,4116.25,36435
2021-05-25 09:24:59,4116.25,36435
2021-05-25 09:25:00,4117.35,36444
2021-05-25 09:25:01,4117.35,36445
2021-05-25 09:25:02,4117.35,36445
2021-05-25 09:25:03,4117.35,36445
2021-05-25 09:25:04,4117.4,36496
2021-05-25 09:25:05,4115.15,36506
2021-05-25 09:25:06,4115.15,36506
2021-05-25 09:25:07,4115.15,36506
2021-05-25 09:25:08,4115.15,36506
2021-05-25 09:25:09,4115.15,36506
2021-05-25 09:25:10,4116.9,36507
2021-05-25 09:25:11,4115.15,36511
2021-05-25 09:25:13,4115.15,36598
2021-05-25 09:25:14,4115.15,36598
2021-05-25 09:25:15,4116.9,36602
2021-05-25 09:25:16,4116.9,36602
2021-05-25 09:25:17,4117.65,36604
2021-05-25 09:25:18,4119.0,36622
2021-05-25 09:25:21,4118.95,36623
2021-05-25 09:25:23,4117.35,36655
2021-05-25 09:25:24,4117.35,36656
2021-05-25 09:25:25,4117.35,36656
2021-05-25 09:25:26,4117.35,36656
2021-05-25 09:25:27,4117.35,36656
2021-05-25 09:25:28,4117.35,36656
2021-05-25 09:25:29,4117.35,36661
2021-05-25 09:25:30,4115.2,36670
2021-05-25 09:25:31,4115.0,36720
2021-05-25 09:25:32,4114.8,36721
2021-05-25 09:25:33,4114.8,36721
2021-05-25 09:25:34,4116.8,36772
2021-05-25 09:25:35,4115.6,36773
2021-05-25 09:25:36,4113.9,36805
2021-05-25 09:25:37,4113.9,36805
2021-05-25 09:25:38,4113.9,36805
2021-05-25 09:25:39,4117.45,36868
2021-05-25 09:25:40,4117.2,36875
2021-05-25 09:25:43,4117.2,36879
2021-05-25 09:25:45,4115.8,36938
2021-05-25 09:25:46,4117.0,36999
2021-05-25 09:25:47,4117.0,37000
2021-05-25 09:25:48,4117.0,37000
2021-05-25 09:25:49,4117.35,37006
2021-05-25 09:25:50,4117.35,37006
2021-05-25 09:25:51,4117.35,37012
2021-05-25 09:25:52,4117.35,37012
2021-05-25 09:25:53,4116.0,37016
2021-05-25 09:25:54,4116.0,37016
2021-05-25 09:25:55,4117.35,37022
2021-05-25 09:25:56,4117.35,37022
2021-05-25 09:25:57,4117.6,37023
2021-05-25 09:25:58,4117.6,37023
2021-05-25 09:25:59,4117.6,37023
2021-05-25 09:26:00,4117.6,37023
2021-05-25 09:26:01,4117.6,37023
2021-05-25 09:26:02,4117.6,37023
2021-05-25 09:26:03,4117.6,37023
2021-05-25 09:26:04,4117.6,37023
2021-05-25 09:26:05,4117.6,37124
2021-05-25 09:26:06,4116.0,37143
2021-05-25 09:26:07,4115.8,37144
2021-05-25 09:26:08,4115.15,37244
2021-05-25 09:26:09,4115.15,37244
2021-05-25 09:26:10,4115.15,37244
2021-05-25 09:26:11,4115.15,37244
2021-05-25 09:26:12,4116.0,37251
2021-05-25 09:26:13,4116.0,37251
2021-05-25 09:26:14,4116.0,37251
2021-05-25 09:26:15,4116.95,37253
2021-05-25 09:26:16,4116.95,37253
2021-05-25 09:26:17,4116.05,37298
2021-05-25 09:26:18,4116.95,37302
2021-05-25 09:26:20,4117.55,37415
2021-05-25 09:26:21,4116.95,37432
2021-05-25 09:26:24,4116.95,37438
2021-05-25 09:26:26,4115.7,37443
2021-05-25 09:26:27,4117.6,37516
2021-05-25 09:26:28,4117.6,37516
2021-05-25 09:26:29,4115.7,37519
2021-05-25 09:26:30,4115.7,37519
2021-05-25 09:26:31,4115.7,37519
2021-05-25 09:26:32,4115.7,37519
2021-05-25 09:26:33,4115.7,37520
2021-05-25 09:26:34,4115.7,37520
2021-05-25 09:26:35,4115.7,37520
2021-05-25 09:26:36,4115.7,37520
2021-05-25 09:26:37,4115.7,37520
2021-05-25 09:26:38,4115.7,37531
2021-05-25 09:26:39,4115.7,37531
2021-05-25 09:26:40,4115.7,37531
2021-05-25 09:26:41,4115.7,37531
2021-05-25 09:26:42,4116.8,37541
2021-05-25 09:26:43,4116.8,37543
2021-05-25 09:26:44,4116.8,37543
2021-05-25 09:26:45,4116.95,37641
2021-05-25 09:26:46,4116.95,37642
2021-05-25 09:26:47,4116.95,37642
2021-05-25 09:26:48,4115.3,37662
2021-05-25 09:26:49,4117.6,37682
2021-05-25 09:26:50,4117.6,37684
2021-05-25 09:26:51,4117.7,37709
2021-05-25 09:26:52,4117.7,37709
2021-05-25 09:26:53,4118.0,37711
2021-05-25 09:26:54,4118.0,37711
2021-05-25 09:26:55,4117.7,37714
2021-05-25 09:26:56,4115.5,37716
2021-05-25 09:26:57,4115.5,37716
2021-05-25 09:26:58,4115.5,37716
2021-05-25 09:26:59,4115.5,37716
2021-05-25 09:27:00,4115.5,37716
2021-05-25 09:27:01,4115.5,37716
2021-05-25 09:27:02,4117.6,37766
2021-05-25 09:27:04,4117.25,37773
2021-05-25 09:27:05,4117.25,37773
2021-05-25 09:27:06,4117.25,37773
2021-05-25 09:27:07,4117.25,37773
2021-05-25 09:27:08,4117.25,37773
2021-05-25 09:27:11,4115.5,37777
2021-05-25 09:27:12,4115.5,37777
2021-05-25 09:27:14,4117.6,37804
2021-05-25 09:27:15,4115.55,37805
2021-05-25 09:27:16,4113.35,38251
2021-05-25 09:27:17,4113.35,38296
2021-05-25 09:27:18,4112.9,38301
2021-05-25 09:27:19,4110.0,38525
2021-05-25 09:27:20,4111.25,38542
2021-05-25 09:27:21,4109.1,38642
2021-05-25 09:27:23,4108.85,38667
2021-05-25 09:27:24,4109.0,38767
2021-05-25 09:27:25,4109.0,38778
2021-05-25 09:27:26,4109.0,38778
2021-05-25 09:27:27,4108.95,38780
2021-05-25 09:27:30,4108.95,38793
2021-05-25 09:27:31,4108.95,38822
2021-05-25 09:27:32,4108.85,38826
2021-05-25 09:27:33,4108.85,38826
2021-05-25 09:27:34,4110.4,38916
2021-05-25 09:27:35,4108.85,38935
2021-05-25 09:27:36,4108.85,38935
2021-05-25 09:27:37,4108.05,38940
2021-05-25 09:27:38,4108.05,38940
2021-05-25 09:27:39,4108.85,38954
2021-05-25 09:27:40,4107.0,38967
2021-05-25 09:27:41,4106.0,39165
2021-05-25 09:27:42,4108.8,39265
2021-05-25 09:27:43,4109.55,39312
2021-05-25 09:27:44,4109.55,39312
2021-05-25 09:27:45,4109.55,39312
2021-05-25 09:27:46,4109.55,39312
2021-05-25 09:27:47,4109.25,39333
2021-05-25 09:27:50,4106.05,39373
2021-05-25 09:27:51,4106.05,39373
2021-05-25 09:27:53,4108.9,39518
2021-05-25 09:27:54,4108.85,39532
2021-05-25 09:27:55,4106.0,39544
2021-05-25 09:27:56,4106.0,39544
2021-05-25 09:27:57,4106.25,39726
2021-05-25 09:27:59,4106.2,39741
2021-05-25 09:28:00,4106.2,39741
2021-05-25 09:28:01,4105.1,39872
2021-05-25 09:28:02,4105.1,39872
2021-05-25 09:28:04,4106.2,39883
2021-05-25 09:28:06,4105.0,39975
2021-05-25 09:28:07,4105.0,39975
2021-05-25 09:28:09,4105.0,39978
2021-05-25 09:28:10,4106.7,39982
2021-05-25 09:28:11,4106.7,39988
2021-05-25 09:28:12,4105.2,40005
2021-05-25 09:28:13,4106.7,40006
2021-05-25 09:28:14,4106.7,40008
2021-05-25 09:28:15,4106.7,40010
2021-05-25 09:28:16,4106.7,40010
2021-05-25 09:28:17,4106.7,40010
2021-05-25 09:28:18,4106.7,40011
2021-05-25 09:28:19,4105.0,40012
2021-05-25 09:28:20,4106.05,40013
2021-05-25 09:28:21,4106.05,40013
2021-05-25 09:28:22,4106.05,40013
2021-05-25 09:28:23,4106.05,40013
2021-05-25 09:28:24,4106.05,40013
2021-05-25 09:28:25,4106.05,40013
2021-05-25 09:28:26,4106.05,40013
2021-05-25 09:28:28,4106.05,40081
2021-05-25 09:28:29,4106.05,40081
2021-05-25 09:28:31,4105.0,40109
2021-05-25 09:28:32,4106.7,40219
2021-05-25 09:28:33,4106.7,40219
2021-05-25 09:28:34,4107.7,40229
2021-05-25 09:28:35,4107.7,40231
2021-05-25 09:28:36,4109.0,40234
2021-05-25 09:28:37,4109.0,40249
2021-05-25 09:28:38,4109.0,40251
2021-05-25 09:28:39,4109.0,40252
2021-05-25 09:28:40,4109.0,40252
2021-05-25 09:28:41,4109.0,40269
2021-05-25 09:28:42,4109.0,40269
2021-05-25 09:28:43,4109.0,40269
2021-05-25 09:28:45,4113.15,40363
2021-05-25 09:28:47,4114.3,40364
2021-05-25 09:28:48,4114.3,40364
2021-05-25 09:28:49,4112.25,40373
2021-05-25 09:28:50,4112.25,40379
2021-05-25 09:28:51,4112.25,40381
2021-05-25 09:28:52,4112.25,40381
2021-05-25 09:28:56,4112.65,40444
2021-05-25 09:28:57,4112.65,40444
2021-05-25 09:28:58,4112.65,40451
2021-05-25 09:28:59,4113.7,40454
2021-05-25 09:28:59,4113.7,40454
2021-05-25 09:29:00,4114.1,40534
2021-05-25 09:29:01,4113.1,40543
2021-05-25 09:29:02,4113.1,40543
2021-05-25 09:29:03,4113.1,40543
2021-05-25 09:29:04,4113.1,40543
2021-05-25 09:29:05,4110.0,40618
2021-05-25 09:29:06,4111.15,41215
2021-05-25 09:29:07,4112.95,41216
2021-05-25 09:29:09,4111.15,41254
2021-05-25 09:29:10,4111.15,41254
2021-05-25 09:29:11,4113.15,41258
2021-05-25 09:29:12,4113.15,41258
2021-05-25 09:29:13,4113.4,41311
2021-05-25 09:29:14,4113.15,41338
2021-05-25 09:29:15,4113.0,41339
2021-05-25 09:29:16,4110.5,41358
2021-05-25 09:29:17,4110.5,41362
2021-05-25 09:29:18,4110.4,41363
2021-05-25 09:29:19,4110.4,41363
2021-05-25 09:29:20,4110.4,41363
2021-05-25 09:29:21,4110.4,41370
2021-05-25 09:29:22,4110.4,41371
2021-05-25 09:29:23,4110.4,41371
2021-05-25 09:29:24,4112.5,41421
2021-05-25 09:29:25,4112.45,41426
2021-05-25 09:29:27,4112.45,41426
2021-05-25 09:29:28,4112.45,41426
2021-05-25 09:29:29,4112.45,41426
2021-05-25 09:29:29,4112.45,41426
2021-05-25 09:29:30,4112.45,41426
2021-05-25 09:29:31,4112.45,41426
2021-05-25 09:29:32,4112.45,41426
2021-05-25 09:29:33,4112.45,41426
2021-05-25 09:29:34,4112.45,41426
2021-05-25 09:29:35,4112.45,41426
2021-05-25 09:29:36,4112.45,41426
2021-05-25 09:29:37,4112.45,41426
2021-05-25 09:29:38,4110.4,41427
2021-05-25 09:29:39,4111.9,41436
2021-05-25 09:29:41,4110.25,41443
2021-05-25 09:29:42,4109.5,41464
2021-05-25 09:29:42,4109.5,41464
2021-05-25 09:29:43,4109.5,41464
2021-05-25 09:29:44,4109.5,41464
2021-05-25 09:29:45,4108.95,41471
2021-05-25 09:29:46,4108.9,41474
2021-05-25 09:29:47,4108.9,41474
2021-05-25 09:29:48,4108.9,41474
2021-05-25 09:29:50,4108.9,41474
2021-05-25 09:29:51,4108.9,41474
2021-05-25 09:29:51,4108.9,41474
2021-05-25 09:29:52,4108.9,41474
2021-05-25 09:29:53,4108.9,41479
2021-05-25 09:29:54,4108.9,41480
2021-05-25 09:29:55,4106.15,41530
2021-05-25 09:29:56,4106.1,41621
2021-05-25 09:29:57,4106.5,41631
2021-05-25 09:29:58,4106.5,41632
2021-05-25 09:29:59,4109.6,41923
2021-05-25 09:30:00,4109.6,41923
2021-05-25 09:30:01,4110.25,41933
2021-05-25 09:30:02,4108.7,41954
2021-05-25 09:30:04,4109.45,42007
2021-05-25 09:30:05,4109.45,42008
2021-05-25 09:30:06,4109.45,42008
2021-05-25 09:30:07,4109.45,42008
2021-05-25 09:30:08,4109.45,42008
2021-05-25 09:30:09,4109.15,42013
2021-05-25 09:30:10,4109.15,42013
2021-05-25 09:30:11,4109.15,42013
2021-05-25 09:30:12,4109.15,42021
2021-05-25 09:30:12,4109.15,42013
2021-05-25 09:30:13,4105.05,42421
2021-05-25 09:30:14,4105.85,42558
2021-05-25 09:30:15,4107.75,42582
2021-05-25 09:30:16,4105.85,42606
2021-05-25 09:30:17,4107.05,42612
2021-05-25 09:30:18,4107.05,42612
2021-05-25 09:30:20,4107.9,42618
2021-05-25 09:30:21,4110.0,42619
2021-05-25 09:30:22,4110.0,42619
2021-05-25 09:30:23,4109.75,42659
2021-05-25 09:30:25,4109.75,42670
2021-05-25 09:30:26,4108.75,42675
2021-05-25 09:30:29,4107.2,42808
2021-05-25 09:30:34,4107.3,42830
2021-05-25 09:30:38,4107.3,42955
2021-05-25 09:30:46,4106.35,43538
2021-05-25 09:30:50,4106.95,43549
2021-05-25 09:30:55,4106.95,43558
2021-05-25 09:30:59,4106.95,43599
2021-05-25 09:31:03,4106.95,43616
2021-05-25 09:31:07,4104.6,44011
2021-05-25 09:31:12,4108.0,44163
2021-05-25 09:31:16,4107.8,44223
2021-05-25 09:31:21,4106.8,44259
2021-05-25 09:31:25,4106.25,44352
2021-05-25 09:31:34,4108.05,44461
2021-05-25 09:31:38,4106.25,44479
2021-05-25 09:31:43,4106.25,44479
2021-05-25 09:31:47,4108.05,44480
2021-05-25 09:31:51,4108.05,44480
2021-05-25 09:31:56,4108.05,44480
2021-05-25 09:32:00,4106.0,44491
2021-05-25 09:32:05,4106.0,44492
2021-05-25 09:32:09,4107.7,44493
2021-05-25 09:32:13,4107.85,44504
2021-05-25 09:32:17,4108.0,44533
2021-05-25 09:32:22,4108.0,44535
2021-05-25 09:32:26,4108.0,44539
2021-05-25 09:32:30,4108.0,44639
2021-05-25 09:32:34,4108.0,44676
2021-05-25 09:32:38,4108.0,44676
2021-05-25 09:32:43,4106.45,44725
2021-05-25 09:32:47,4107.65,44735
2021-05-25 09:32:51,4107.65,44738
2021-05-25 09:32:55,4108.05,44752
2021-05-25 09:32:59,4109.0,44853
2021-05-25 09:33:03,4107.65,44869
2021-05-25 09:33:08,4106.7,44874
2021-05-25 09:33:12,4107.35,44986
2021-05-25 09:33:16,4105.0,45301
2021-05-25 09:33:20,4106.55,45365
2021-05-25 09:33:24,4106.9,45407
2021-05-25 09:33:28,4108.9,45452
2021-05-25 09:33:32,4108.65,45480
2021-05-25 09:33:37,4107.6,45481
2021-05-25 09:33:41,4106.0,45490
2021-05-25 09:33:45,4106.0,45531
2021-05-25 09:33:49,4106.0,45535
2021-05-25 09:33:54,4105.95,45536
2021-05-25 09:33:58,4106.0,45537
2021-05-25 09:34:02,4105.85,45546
2021-05-25 09:34:07,4104.55,45640
2021-05-25 09:34:11,4104.5,45749
2021-05-25 09:34:15,4104.95,45752
2021-05-25 09:34:19,4105.85,45761
2021-05-25 09:34:23,4104.0,45807
2021-05-25 09:34:27,4104.0,46012
2021-05-25 09:34:31,4105.7,46040
2021-05-25 09:34:35,4105.7,46048
2021-05-25 09:34:40,4105.9,46071
2021-05-25 09:34:44,4106.0,46105
2021-05-25 09:34:48,4106.75,46225
2021-05-25 09:34:52,4108.15,46229
2021-05-25 09:34:56,4108.3,46242
2021-05-25 09:35:01,4108.85,46253
2021-05-25 09:35:05,4106.75,46358
2021-05-25 09:35:09,4107.9,46364
2021-05-25 09:35:13,4107.85,46366
2021-05-25 09:35:17,4107.95,46375
2021-05-25 09:35:21,4107.95,46376
2021-05-25 09:35:29,4107.8,46392
2021-05-25 09:35:33,4108.2,46408
2021-05-25 09:35:38,4109.0,46410
2021-05-25 09:35:46,4109.15,46560
2021-05-25 09:35:51,4111.1,46563
2021-05-25 09:35:55,4109.3,46599
2021-05-25 09:35:59,4111.35,46600
2021-05-25 09:36:03,4111.75,46616
2021-05-25 09:36:08,4110.55,46633
2021-05-25 09:36:16,4110.75,46829
2021-05-25 09:36:20,4109.4,46847
2021-05-25 09:36:24,4109.4,46849
2021-05-25 09:36:28,4110.55,46925
2021-05-25 09:36:32,4110.55,46929
2021-05-25 09:36:36,4109.25,46934
2021-05-25 09:36:40,4111.25,47139
2021-05-25 09:36:44,4111.3,47168
2021-05-25 09:36:48,4110.4,47174
2021-05-25 09:36:51,4110.4,47174
2021-05-25 09:37:03,4109.45,47176
2021-05-25 09:37:07,4110.7,47178
2021-05-25 09:37:11,4109.4,47198
2021-05-25 09:37:15,4109.45,47203
2021-05-25 09:37:20,4110.5,47205
2021-05-25 09:37:24,4110.4,47252
2021-05-25 09:37:28,4108.0,47544
2021-05-25 09:37:32,4107.85,47575
2021-05-25 09:37:36,4105.0,47747
2021-05-25 09:37:40,4105.0,47747
2021-05-25 09:37:44,4105.0,47768
2021-05-25 09:37:47,4105.0,47821
2021-05-25 09:37:51,4106.6,48020
2021-05-25 09:37:55,4105.0,48131
2021-05-25 09:37:58,4104.8,48166
2021-05-25 09:38:02,4105.85,48167
2021-05-25 09:38:06,4107.75,48169
2021-05-25 09:38:10,4107.75,48170
2021-05-25 09:38:14,4105.85,48171
2021-05-25 09:38:18,4107.75,48172
2021-05-25 09:38:21,4107.75,48172
2021-05-25 09:38:25,4107.5,48183
2021-05-25 09:38:28,4105.2,48203
2021-05-25 09:38:32,4107.75,48210
2021-05-25 09:38:36,4107.75,48214
2021-05-25 09:38:40,4106.3,48229
2021-05-25 09:38:43,4106.3,48229
2021-05-25 09:38:47,4107.7,48276
2021-05-25 09:38:51,4105.65,48401
2021-05-25 09:38:58,4109.05,48426
2021-05-25 09:39:02,4108.85,48556
2021-05-25 09:39:10,4109.25,48702
2021-05-25 09:39:14,4108.3,48704
2021-05-25 09:39:18,4106.7,48725
2021-05-25 09:39:22,4106.7,48725
2021-05-25 09:39:25,4106.7,48725
2021-05-25 09:39:29,4106.7,48725
2021-05-25 09:39:33,4109.0,48765
2021-05-25 09:39:37,4109.55,48770
2021-05-25 09:39:41,4109.55,48770
2021-05-25 09:39:45,4106.7,48809
2021-05-25 09:39:49,4106.7,48809
2021-05-25 09:39:53,4106.4,48820
2021-05-25 09:39:56,4106.4,48820
2021-05-25 09:40:00,4106.4,48820
2021-05-25 09:40:04,4106.0,48992
2021-05-25 09:40:08,4106.0,49416
2021-05-25 09:40:12,4107.4,49482
2021-05-25 09:40:16,4107.4,49482
2021-05-25 09:40:20,4107.4,49482
2021-05-25 09:40:24,4105.1,49521
2021-05-25 09:40:28,4105.0,49726
2021-05-25 09:40:32,4105.2,49728
2021-05-25 09:40:36,4105.85,50331
2021-05-25 09:40:40,4105.0,50438
2021-05-25 09:40:43,4105.0,50438
2021-05-25 09:40:47,4104.65,50456
2021-05-25 09:40:51,4104.65,50465
2021-05-25 09:40:55,4104.0,50596
2021-05-25 09:40:59,4106.35,50939
2021-05-25 09:41:02,4102.75,50944
2021-05-25 09:41:06,4104.25,50946
2021-05-25 09:41:10,4104.25,50946
2021-05-25 09:41:13,4104.25,50946
2021-05-25 09:41:17,4102.1,50982
2021-05-25 09:41:21,4102.0,51082
2021-05-25 09:41:24,4102.0,51098
2021-05-25 09:41:28,4102.0,51098
2021-05-25 09:41:32,4102.1,51103
2021-05-25 09:41:36,4102.1,51117
2021-05-25 09:41:40,4102.1,51117
2021-05-25 09:41:44,4102.0,51118
2021-05-25 09:41:48,4102.1,51120
2021-05-25 09:41:51,4102.35,51206
2021-05-25 09:41:55,4106.0,51269
2021-05-25 09:41:59,4107.0,51270
2021-05-25 09:42:03,4107.0,51270
2021-05-25 09:42:07,4106.2,51280
2021-05-25 09:42:10,4106.2,51280
2021-05-25 09:42:14,4105.1,51376
2021-05-25 09:42:18,4103.35,51426
2021-05-25 09:42:22,4105.85,51457
2021-05-25 09:42:26,4104.45,51458
2021-05-25 09:42:30,4105.9,51462
2021-05-25 09:42:34,4105.9,51462
2021-05-25 09:42:38,4104.45,51463
2021-05-25 09:42:41,4104.45,51463
2021-05-25 09:42:45,4102.1,51516
2021-05-25 09:42:52,4102.4,51638
2021-05-25 09:42:56,4102.4,51638
2021-05-25 09:43:00,4102.95,51662
2021-05-25 09:43:03,4102.4,51769
2021-05-25 09:43:07,4099.25,53276
2021-05-25 09:43:15,4096.15,53663
2021-05-25 09:43:18,4097.7,53677
2021-05-25 09:43:22,4097.7,53698
2021-05-25 09:43:26,4098.4,53700
2021-05-25 09:43:29,4097.7,53741
2021-05-25 09:43:33,4098.0,53919
2021-05-25 09:43:36,4100.1,54086
2021-05-25 09:43:40,4098.75,54197
2021-05-25 09:43:44,4099.15,54222
2021-05-25 09:43:48,4101.35,54252
2021-05-25 09:43:52,4102.0,54253
2021-05-25 09:43:55,4100.8,54255
2021-05-25 09:43:59,4100.65,54256
2021-05-25 09:44:03,4100.6,54258
2021-05-25 09:44:07,4099.2,54317
2021-05-25 09:44:10,4100.0,54318
2021-05-25 09:44:14,4100.0,54319
2021-05-25 09:44:17,4100.0,54319
2021-05-25 09:44:21,4099.25,54324
2021-05-25 09:44:25,4099.25,54326
2021-05-25 09:44:29,4099.25,54331
2021-05-25 09:44:33,4099.25,54331
2021-05-25 09:44:37,4097.0,54579
2021-05-25 09:44:41,4096.0,54799
2021-05-25 09:44:44,4096.15,54825
2021-05-25 09:44:48,4098.1,54827
2021-05-25 09:44:52,4098.1,54827
2021-05-25 09:44:55,4096.8,54839
2021-05-25 09:44:59,4096.8,54839
2021-05-25 09:45:03,4096.2,54859
2021-05-25 09:45:07,4096.2,54859
2021-05-25 09:45:11,4096.0,54862
2021-05-25 09:45:18,4096.2,54881
2021-05-25 09:45:22,4097.8,54882
2021-05-25 09:45:26,4097.85,54937
2021-05-25 09:45:31,4096.0,55540
2021-05-25 09:45:34,4095.0,55914
2021-05-25 09:45:38,4094.85,56085
2021-05-25 09:45:42,4096.7,56097
2021-05-25 09:45:45,4099.65,56169
2021-05-25 09:45:49,4099.65,56169
2021-05-25 09:45:53,4099.65,56169
2021-05-25 09:45:57,4099.65,56169
2021-05-25 09:46:09,4096.0,56184
2021-05-25 09:46:12,4097.55,56286
2021-05-25 09:46:16,4097.6,56308
2021-05-25 09:46:20,4095.55,56363
2021-05-25 09:46:24,4095.55,56363
2021-05-25 09:46:32,4095.5,56368
2021-05-25 09:46:36,4095.0,56406
2021-05-25 09:46:40,4095.5,56474
2021-05-25 09:46:44,4096.0,56499
2021-05-25 09:46:48,4096.5,56634
2021-05-25 09:46:52,4096.45,56638
2021-05-25 09:46:56,4096.15,56692
2021-05-25 09:47:00,4095.85,56702
2021-05-25 09:47:03,4095.8,56769
2021-05-25 09:47:07,4096.25,56779
2021-05-25 09:47:12,4095.8,56785
2021-05-25 09:47:16,4094.1,56819
2021-05-25 09:47:20,4094.1,56819
2021-05-25 09:47:24,4094.95,56831
2021-05-25 09:47:28,4090.8,57913
2021-05-25 09:47:32,4093.0,57927
2021-05-25 09:47:36,4093.0,57927
2021-05-25 09:47:40,4092.9,57972
2021-05-25 09:47:48,4093.0,58200
2021-05-25 09:47:52,4093.0,58200
2021-05-25 09:47:55,4094.05,58201
2021-05-25 09:47:59,4094.1,58293
2021-05-25 09:48:03,4094.05,58297
2021-05-25 09:48:07,4094.05,58380
2021-05-25 09:48:11,4092.95,58933
2021-05-25 09:48:15,4092.3,59206
2021-05-25 09:48:18,4092.0,59241
2021-05-25 09:48:22,4091.0,59263
2021-05-25 09:48:26,4091.95,59650
2021-05-25 09:48:30,4091.95,59650
2021-05-25 09:48:33,4088.9,60053
2021-05-25 09:48:37,4088.1,60318
2021-05-25 09:48:41,4089.25,60351
2021-05-25 09:48:45,4092.8,61816
2021-05-25 09:48:49,4092.8,61816
2021-05-25 09:48:52,4090.0,62001
2021-05-25 09:48:55,4090.0,62005
2021-05-25 09:48:59,4090.0,62047
2021-05-25 09:49:03,4088.35,62472
2021-05-25 09:49:06,4091.45,63299
2021-05-25 09:49:10,4091.45,63300
2021-05-25 09:49:14,4088.95,63406
2021-05-25 09:49:18,4088.95,63406
2021-05-25 09:49:21,4088.75,63428
2021-05-25 09:49:25,4088.95,63612
2021-05-25 09:49:28,4091.05,63681
2021-05-25 09:49:32,4089.2,63719
2021-05-25 09:49:35,4089.0,63879
2021-05-25 09:49:39,4089.0,63889
2021-05-25 09:49:43,4090.8,63906
2021-05-25 09:49:47,4090.8,63906
2021-05-25 09:49:50,4090.8,63906
2021-05-25 09:49:54,4088.15,64138
2021-05-25 09:49:57,4088.15,64138
2021-05-25 09:50:01,4089.7,64183
2021-05-25 09:50:05,4088.15,64207
2021-05-25 09:50:09,4087.2,64242
2021-05-25 09:50:12,4089.0,64246
2021-05-25 09:50:16,4086.9,64295
2021-05-25 09:50:20,4086.9,64295
2021-05-25 09:50:24,4088.95,64613
2021-05-25 09:50:27,4087.65,64618
2021-05-25 09:50:27,4087.6,64652
2021-05-25 09:50:28,4087.6,64652
2021-05-25 09:50:29,4087.6,64652
2021-05-25 09:50:30,4087.6,64652
2021-05-25 09:50:31,4087.6,64652
2021-05-25 09:50:32,4087.6,64652
2021-05-25 09:50:33,4089.05,64657
2021-05-25 09:50:35,4089.05,64657
2021-05-25 09:50:35,4089.05,64657
2021-05-25 09:50:37,4086.9,64776
2021-05-25 09:50:36,4087.5,64744
2021-05-25 09:50:38,4086.9,64776
2021-05-25 09:50:39,4088.95,64786
2021-05-25 09:50:40,4087.5,64885
2021-05-25 09:50:41,4087.5,64885
2021-05-25 09:50:42,4087.5,64885
2021-05-25 09:50:43,4085.7,64902
2021-05-25 09:50:44,4085.7,64902
2021-05-25 09:50:45,4086.0,64908
2021-05-25 09:50:46,4086.0,64908
2021-05-25 09:50:47,4087.85,64918
2021-05-25 09:50:48,4087.85,64918
2021-05-25 09:50:49,4088.0,64943
2021-05-25 09:50:50,4088.0,64943
2021-05-25 09:50:52,4088.0,64943
2021-05-25 09:50:53,4085.6,65004
2021-05-25 09:50:54,4085.6,65004
2021-05-25 09:50:55,4089.9,65203
2021-05-25 09:50:55,4089.9,65203
2021-05-25 09:50:57,4089.05,65264
2021-05-25 09:50:58,4090.0,65265
2021-05-25 09:50:59,4090.0,65265
2021-05-25 09:51:00,4089.0,65267
2021-05-25 09:51:01,4089.9,65292
2021-05-25 09:51:02,4089.0,65297
2021-05-25 09:51:03,4089.0,65297
2021-05-25 09:51:04,4089.0,65297
2021-05-25 09:51:05,4089.0,65297
2021-05-25 09:51:06,4089.0,65319
2021-05-25 09:51:07,4089.0,65334
2021-05-25 09:51:08,4089.0,65334
2021-05-25 09:51:11,4089.0,65347
2021-05-25 09:51:12,4089.0,65347
2021-05-25 09:51:13,4089.0,65347
2021-05-25 09:51:14,4089.0,65347
2021-05-25 09:51:15,4089.7,65367
2021-05-25 09:51:17,4089.7,65367
2021-05-25 09:51:18,4090.0,65392
2021-05-25 09:51:18,4090.0,65392
2021-05-25 09:51:19,4089.0,65395
2021-05-25 09:51:20,4089.0,65395
2021-05-25 09:51:22,4089.0,65395
2021-05-25 09:51:23,4089.0,65405
2021-05-25 09:51:24,4089.0,65405
2021-05-25 09:51:25,4091.05,65704
2021-05-25 09:51:26,4091.05,65704
2021-05-25 09:51:28,4091.05,65760
2021-05-25 09:51:29,4091.05,65771
2021-05-25 09:51:30,4091.05,65771
2021-05-25 09:51:31,4091.05,65788
2021-05-25 09:51:32,4091.05,65788
2021-05-25 09:51:33,4091.05,65788
2021-05-25 09:51:34,4091.05,65788
2021-05-25 09:51:35,4090.0,65796
2021-05-25 09:51:35,4090.0,65796
2021-05-25 09:51:36,4091.05,65805
2021-05-25 09:51:37,4091.05,65805
2021-05-25 09:51:38,4091.05,65805
2021-05-25 09:51:39,4091.05,65805
2021-05-25 09:51:40,4091.05,65811
2021-05-25 09:51:42,4091.0,66154
2021-05-25 09:51:43,4091.3,66160
2021-05-25 09:51:44,4091.3,66183
2021-05-25 09:51:45,4091.3,66190
2021-05-25 09:51:46,4091.3,66190
2021-05-25 09:51:47,4091.0,66201
2021-05-25 09:51:48,4091.3,66285
2021-05-25 09:51:50,4091.0,66290
2021-05-25 09:51:51,4091.0,66290
2021-05-25 09:51:52,4091.0,66291
2021-05-25 09:51:53,4092.3,66296
2021-05-25 09:51:54,4094.25,66396
2021-05-25 09:51:56,4093.35,66411
2021-05-25 09:51:57,4093.35,66411
2021-05-25 09:51:58,4094.05,66452
2021-05-25 09:51:59,4091.65,66483
2021-05-25 09:52:00,4091.65,66483
2021-05-25 09:52:01,4091.65,66483
2021-05-25 09:52:02,4091.65,66483
2021-05-25 09:52:03,4091.65,66483
2021-05-25 09:52:04,4091.65,66483
2021-05-25 09:52:05,4091.65,66483
2021-05-25 09:52:07,4091.65,66483
2021-05-25 09:52:08,4091.7,66503
2021-05-25 09:52:09,4091.7,66503
2021-05-25 09:52:10,4091.7,66503
2021-05-25 09:52:11,4091.7,66503
2021-05-25 09:52:12,4091.7,66503
2021-05-25 09:52:12,4091.7,66503
2021-05-25 09:52:13,4091.7,66503
2021-05-25 09:52:14,4091.7,66503
2021-05-25 09:52:15,4091.7,66503
2021-05-25 09:52:17,4093.65,66539
2021-05-25 09:52:16,4093.65,66539
2021-05-25 09:52:18,4093.65,66539
2021-05-25 09:52:19,4093.65,66539
2021-05-25 09:52:20,4093.65,66539
2021-05-25 09:52:21,4093.65,66539
2021-05-25 09:52:23,4093.65,66542
2021-05-25 09:52:26,4093.85,66552
2021-05-25 09:52:27,4093.85,66552
2021-05-25 09:52:28,4093.85,66552
2021-05-25 09:52:29,4093.85,66552
2021-05-25 09:52:30,4092.9,66562
2021-05-25 09:52:31,4093.25,66567
2021-05-25 09:52:32,4093.25,66567
2021-05-25 09:52:33,4093.25,66567
2021-05-25 09:52:34,4093.25,66567
2021-05-25 09:52:34,4093.25,66567
2021-05-25 09:52:36,4091.45,66624
2021-05-25 09:52:37,4093.75,66625
2021-05-25 09:52:38,4093.75,66625
2021-05-25 09:52:40,4093.75,66625
2021-05-25 09:52:40,4093.75,66625
2021-05-25 09:52:41,4093.75,66625
2021-05-25 09:52:42,4093.6,66643
2021-05-25 09:52:44,4093.6,66643
2021-05-25 09:52:44,4093.6,66643
2021-05-25 09:52:45,4093.6,66646
2021-05-25 09:52:47,4093.6,66646
2021-05-25 09:52:48,4093.6,66646
2021-05-25 09:52:49,4093.6,66646
2021-05-25 09:52:50,4093.6,66646
2021-05-25 09:52:51,4093.6,66651
2021-05-25 09:52:52,4093.6,66651
2021-05-25 09:52:52,4093.6,66651
2021-05-25 09:52:53,4093.6,66651
2021-05-25 09:52:54,4093.6,66651
2021-05-25 09:52:56,4093.6,66651
2021-05-25 09:52:57,4093.6,66651
2021-05-25 09:52:59,4093.6,66651
2021-05-25 09:53:00,4093.6,66651
2021-05-25 09:53:02,4093.6,66651
2021-05-25 09:53:03,4093.6,66654
2021-05-25 09:53:03,4093.6,66654
2021-05-25 09:53:05,4093.6,66654
2021-05-25 09:53:05,4093.6,66654
2021-05-25 09:53:07,4093.6,66654
2021-05-25 09:53:07,4093.6,66654
2021-05-25 09:53:08,4093.6,66654
2021-05-25 09:53:09,4093.6,66654
2021-05-25 09:53:10,4091.95,66655
2021-05-25 09:53:12,4091.95,66655
2021-05-25 09:53:13,4091.95,66655
2021-05-25 09:53:14,4091.95,66655
2021-05-25 09:53:15,4091.95,66655
2021-05-25 09:53:16,4092.8,66656
2021-05-25 09:53:17,4091.65,66657
2021-05-25 09:53:18,4091.65,66657
2021-05-25 09:53:19,4091.65,66657
2021-05-25 09:53:20,4091.65,66657
2021-05-25 09:53:21,4091.65,66657
2021-05-25 09:53:22,4091.65,66657
2021-05-25 09:53:23,4091.65,66657
2021-05-25 09:53:24,4091.65,66657
2021-05-25 09:53:25,4091.65,66657
2021-05-25 09:53:26,4091.65,66657
2021-05-25 09:53:27,4092.0,66667
2021-05-25 09:53:30,4092.0,66667
2021-05-25 09:53:31,4092.0,66667
2021-05-25 09:53:32,4091.65,66725
2021-05-25 09:53:32,4091.65,66726
2021-05-25 09:53:34,4091.65,66726
2021-05-25 09:53:35,4091.65,66726
2021-05-25 09:53:36,4091.65,66726
2021-05-25 09:53:38,4091.65,66726
2021-05-25 09:53:39,4091.45,66731
2021-05-25 09:53:40,4091.95,66737
2021-05-25 09:53:42,4091.95,66737
2021-05-25 09:53:43,4091.95,66737
2021-05-25 09:53:45,4091.3,66861
2021-05-25 09:53:46,4091.15,66862
2021-05-25 09:53:47,4091.15,66862
2021-05-25 09:53:49,4091.15,66862
2021-05-25 09:53:50,4092.0,66882
2021-05-25 09:53:51,4092.0,66882
2021-05-25 09:53:52,4092.0,66882
2021-05-25 09:53:53,4092.0,66882
2021-05-25 09:53:55,4092.0,66882
2021-05-25 09:53:56,4092.0,66882
2021-05-25 09:53:58,4092.0,66882
2021-05-25 09:53:59,4092.0,66882
2021-05-25 09:54:00,4092.0,66882
2021-05-25 09:54:00,4092.0,66882
2021-05-25 09:54:01,4092.0,66882
2021-05-25 09:54:02,4092.0,66882
2021-05-25 09:54:03,4092.0,66882
2021-05-25 09:54:04,4092.0,66882
2021-05-25 09:54:06,4092.0,66882
2021-05-25 09:54:07,4092.0,66896
2021-05-25 09:54:08,4092.0,66896
2021-05-25 09:54:09,4092.0,66896
2021-05-25 09:54:10,4092.0,66896
2021-05-25 09:54:12,4092.0,66899
2021-05-25 09:54:13,4092.0,66899
2021-05-25 09:54:14,4092.0,66899
2021-05-25 09:54:14,4092.0,66899
2021-05-25 09:54:15,4092.0,66899
2021-05-25 09:54:16,4092.0,66899
2021-05-25 09:54:17,4092.0,66899
2021-05-25 09:54:20,4091.95,66944
2021-05-25 09:54:21,4091.95,66944
2021-05-25 09:54:24,4091.95,66944
2021-05-25 09:54:25,4092.0,67054
2021-05-25 09:54:27,4092.0,67054
2021-05-25 09:54:28,4091.95,67060
2021-05-25 09:54:29,4091.95,67060
2021-05-25 09:54:30,4091.95,67060
2021-05-25 09:54:33,4091.95,67060
2021-05-25 09:54:34,4091.95,67060
2021-05-25 09:54:35,4091.95,67060
2021-05-25 09:54:36,4091.95,67062
2021-05-25 09:54:37,4091.95,67062
2021-05-25 09:54:37,4091.95,67062
2021-05-25 09:54:39,4091.95,67062
2021-05-25 09:54:40,4091.95,67062
2021-05-25 09:54:41,4092.0,67114
2021-05-25 09:54:42,4092.0,67114
2021-05-25 09:54:43,4092.0,67120
2021-05-25 09:54:44,4092.0,67120
2021-05-25 09:54:45,4092.0,67120
2021-05-25 09:54:46,4092.0,67120
2021-05-25 09:54:47,4092.0,67120
2021-05-25 09:54:47,4092.0,67120
2021-05-25 09:54:49,4092.0,67120
2021-05-25 09:54:50,4092.0,67120
2021-05-25 09:54:51,4092.0,67120
2021-05-25 09:54:52,4092.0,67120
2021-05-25 09:54:53,4092.0,67120
2021-05-25 09:54:54,4092.0,67120
2021-05-25 09:54:55,4092.0,67120
2021-05-25 09:54:56,4092.0,67120
2021-05-25 09:54:57,4092.0,67124
2021-05-25 09:54:58,4092.0,67124
2021-05-25 09:54:59,4092.0,67124
2021-05-25 09:55:00,4092.0,67124
2021-05-25 09:55:01,4092.0,67124
2021-05-25 09:55:02,4092.0,67124
2021-05-25 09:55:03,4092.0,67124
2021-05-25 09:55:04,4092.0,67124
2021-05-25 09:55:06,4092.0,67124
2021-05-25 09:55:06,4092.0,67124
2021-05-25 09:55:07,4092.0,67124
2021-05-25 09:55:09,4092.0,67124
2021-05-25 09:55:10,4092.0,67124
2021-05-25 09:55:10,4091.95,67172
2021-05-25 09:55:11,4091.0,67222
2021-05-25 09:55:13,4091.0,67222
2021-05-25 09:55:17,4091.05,67237
2021-05-25 09:55:18,4091.05,67242
2021-05-25 09:55:19,4091.05,67242
2021-05-25 09:55:21,4091.05,67242
2021-05-25 09:55:22,4091.05,67242
2021-05-25 09:55:23,4091.05,67242
2021-05-25 09:55:24,4091.05,67242
2021-05-25 09:55:25,4091.05,67242
2021-05-25 09:55:26,4091.0,67330
2021-05-25 09:55:28,4091.2,67369
2021-05-25 09:55:32,4091.2,67386
2021-05-25 09:55:35,4091.2,67386
2021-05-25 09:55:38,4091.0,67621
2021-05-25 09:55:46,4091.0,67636
2021-05-25 09:55:49,4091.2,67641
2021-05-25 09:55:52,4091.0,67646
2021-05-25 09:55:55,4091.0,67646
2021-05-25 09:55:59,4091.0,67646
2021-05-25 09:56:02,4092.0,67680
2021-05-25 09:56:05,4092.0,67681
2021-05-25 09:56:09,4091.2,67683
2021-05-25 09:56:12,4091.0,67688
2021-05-25 09:56:15,4091.0,67690
2021-05-25 09:56:19,4092.0,67691
2021-05-25 09:56:22,4092.0,67698
2021-05-25 09:56:26,4092.0,67698
2021-05-25 09:56:29,4093.1,67748
2021-05-25 09:56:37,4094.2,67804
2021-05-25 09:56:40,4092.0,67806
2021-05-25 09:56:44,4094.0,67884
2021-05-25 09:56:47,4091.65,67892
2021-05-25 09:56:53,4093.8,67904
2021-05-25 09:56:57,4093.75,67931
2021-05-25 09:57:00,4093.75,67931
2021-05-25 09:57:03,4091.8,67933
2021-05-25 09:57:06,4093.75,67939
2021-05-25 09:57:10,4093.75,67939
2021-05-25 09:57:14,4091.85,67952
2021-05-25 09:57:18,4094.25,67953
2021-05-25 09:57:24,4091.7,67969
2021-05-25 09:57:27,4091.85,68072
2021-05-25 09:57:31,4091.85,68072
2021-05-25 09:57:34,4091.85,68072
2021-05-25 09:57:41,4092.25,68119
2021-05-25 09:57:44,4094.3,68130
2021-05-25 09:57:47,4094.3,68130
2021-05-25 09:57:51,4094.3,68130
2021-05-25 09:57:54,4094.15,68142
2021-05-25 09:57:57,4094.25,68147
2021-05-25 09:58:00,4094.2,68152
2021-05-25 09:58:04,4094.2,68152
2021-05-25 09:58:07,4091.0,69523
2021-05-25 09:58:11,4091.0,69523
2021-05-25 09:58:15,4091.65,69524
2021-05-25 09:58:18,4092.55,69546
2021-05-25 09:58:22,4092.55,69546
2021-05-25 09:58:25,4093.0,69547
2021-05-25 09:58:29,4091.1,69549
2021-05-25 09:58:32,4091.1,69551
2021-05-25 09:58:36,4090.2,69601
2021-05-25 09:58:39,4090.15,69602
2021-05-25 09:58:43,4090.15,69603
2021-05-25 09:58:46,4090.05,69628
2021-05-25 09:58:49,4091.85,69630
2021-05-25 09:58:53,4091.85,69630
2021-05-25 09:58:56,4091.9,69666
2021-05-25 09:59:00,4092.85,69667
2021-05-25 09:59:03,4091.85,69778
2021-05-25 09:59:10,4091.9,69829
2021-05-25 09:59:14,4091.9,69829
2021-05-25 09:59:18,4091.9,69829
2021-05-25 09:59:22,4091.9,69830
2021-05-25 09:59:29,4091.15,69846
2021-05-25 09:59:33,4091.15,69846
2021-05-25 09:59:36,4090.95,69847
2021-05-25 09:59:39,4092.6,69853
2021-05-25 09:59:43,4090.6,69857
2021-05-25 09:59:46,4090.55,69859
2021-05-25 09:59:49,4090.9,69861
2021-05-25 09:59:52,4090.9,69861
2021-05-25 09:59:56,4090.9,69861
2021-05-25 10:00:00,4090.9,69861
2021-05-25 10:00:03,4090.75,69862
2021-05-25 10:00:07,4092.0,69869
2021-05-25 10:00:10,4092.0,69876
2021-05-25 10:00:14,4090.95,69877
2021-05-25 10:00:17,4093.15,69884
2021-05-25 10:00:21,4093.15,69884
2021-05-25 10:00:24,4093.15,69884
2021-05-25 10:00:28,4091.35,69885
2021-05-25 10:00:31,4093.0,69887
2021-05-25 10:00:35,4093.0,69887
2021-05-25 10:00:43,4092.0,69890
2021-05-25 10:00:47,4092.0,69890
2021-05-25 10:00:50,4092.0,69890
2021-05-25 10:00:53,4092.0,69901
2021-05-25 10:00:57,4092.0,70001
2021-05-25 10:01:00,4091.25,70106
2021-05-25 10:01:03,4093.0,70303
2021-05-25 10:01:07,4091.9,70304
2021-05-25 10:01:10,4094.0,70309
2021-05-25 10:01:13,4094.0,70309
2021-05-25 10:01:17,4094.0,70309
2021-05-25 10:01:24,4093.55,70324
2021-05-25 10:01:28,4093.55,70324
2021-05-25 10:01:31,4093.55,70324
2021-05-25 10:01:35,4093.4,70334
2021-05-25 10:01:38,4091.8,70343
2021-05-25 10:01:41,4091.8,70343
2021-05-25 10:01:44,4093.35,70438
2021-05-25 10:01:48,4091.3,70439
2021-05-25 10:01:51,4091.3,70440
2021-05-25 10:01:54,4091.3,70440
2021-05-25 10:01:57,4091.3,70440
2021-05-25 10:02:00,4091.3,70441
2021-05-25 10:02:04,4091.3,70441
2021-05-25 10:02:07,4091.35,70443
2021-05-25 10:02:11,4091.35,70443
2021-05-25 10:02:14,4091.35,70445
2021-05-25 10:02:17,4091.35,70445
2021-05-25 10:02:20,4091.35,70445
2021-05-25 10:02:24,4091.75,70459
2021-05-25 10:02:27,4091.75,70462
2021-05-25 10:02:30,4091.4,70477
2021-05-25 10:02:34,4091.4,70478
2021-05-25 10:02:40,4092.25,70490
2021-05-25 10:02:44,4092.25,70492
2021-05-25 10:02:47,4092.25,70492
2021-05-25 10:02:53,4092.1,70503
2021-05-25 10:02:57,4092.1,70503
2021-05-25 10:03:00,4092.1,70503
2021-05-25 10:03:03,4092.1,70504
2021-05-25 10:03:06,4092.1,70504
2021-05-25 10:03:10,4092.8,70513
2021-05-25 10:03:13,4092.8,70513
2021-05-25 10:03:17,4092.1,70514
2021-05-25 10:03:20,4093.1,70519
2021-05-25 10:03:23,4093.1,70519
2021-05-25 10:03:26,4093.1,70519
2021-05-25 10:03:30,4092.1,70520
2021-05-25 10:03:33,4092.1,70520
2021-05-25 10:03:36,4092.1,70520
2021-05-25 10:03:39,4092.0,70585
2021-05-25 10:03:43,4091.55,70595
2021-05-25 10:03:46,4093.35,70605
2021-05-25 10:03:50,4093.35,70605
2021-05-25 10:03:53,4093.1,70607
2021-05-25 10:03:56,4092.1,70609
2021-05-25 10:03:59,4093.1,70619
2021-05-25 10:04:03,4093.1,70619
2021-05-25 10:04:06,4093.1,70619
2021-05-25 10:04:09,4091.4,70645
2021-05-25 10:04:13,4093.8,70822
2021-05-25 10:04:16,4093.8,70822
2021-05-25 10:04:24,4093.45,70923
2021-05-25 10:04:27,4090.7,71046
2021-05-25 10:04:34,4091.55,71057
2021-05-25 10:04:37,4091.55,71057
2021-05-25 10:04:40,4093.45,71067
2021-05-25 10:04:44,4093.3,71068
2021-05-25 10:04:47,4091.55,71069
2021-05-25 10:04:50,4091.55,71069
2021-05-25 10:04:54,4091.55,71069
2021-05-25 10:04:57,4090.9,71070
2021-05-25 10:05:03,4091.5,71284
2021-05-25 10:05:07,4092.8,71296
2021-05-25 10:05:10,4091.55,71297
2021-05-25 10:05:13,4093.1,71344
2021-05-25 10:05:16,4093.1,71344
2021-05-25 10:05:19,4093.1,71347
2021-05-25 10:05:23,4093.1,71347
2021-05-25 10:05:29,4091.55,71349
2021-05-25 10:05:32,4091.55,71349
2021-05-25 10:05:36,4093.0,71350
2021-05-25 10:05:39,4093.0,71362
2021-05-25 10:05:43,4093.0,71362
2021-05-25 10:05:47,4091.7,71377
2021-05-25 10:05:50,4091.7,71378
2021-05-25 10:05:53,4093.0,71402
2021-05-25 10:05:56,4093.55,71707
2021-05-25 10:05:59,4093.0,71709
2021-05-25 10:06:03,4093.0,71720
2021-05-25 10:06:06,4097.2,72356
2021-05-25 10:06:10,4097.2,72356
2021-05-25 10:06:14,4099.1,72370
2021-05-25 10:06:17,4100.0,72403
2021-05-25 10:06:20,4100.0,72425
2021-05-25 10:06:24,4099.95,72433
2021-05-25 10:06:27,4099.75,72450
2021-05-25 10:06:30,4100.0,72485
2021-05-25 10:06:33,4100.0,72830
2021-05-25 10:06:37,4099.75,72850
2021-05-25 10:06:40,4100.2,72876
2021-05-25 10:06:43,4100.35,72880
2021-05-25 10:06:46,4100.0,72906
2021-05-25 10:06:49,4100.0,72908
2021-05-25 10:06:52,4100.0,72908
2021-05-25 10:06:55,4101.2,72994
2021-05-25 10:06:58,4101.4,73082
2021-05-25 10:07:01,4100.0,73097
2021-05-25 10:07:05,4100.0,74015
2021-05-25 10:07:07,4098.35,74052
2021-05-25 10:07:11,4101.5,74071
2021-05-25 10:07:17,4102.75,74169
2021-05-25 10:07:20,4104.8,74204
2021-05-25 10:07:23,4103.1,74305
2021-05-25 10:07:26,4103.1,74305
2021-05-25 10:07:30,4102.7,74306
2021-05-25 10:07:33,4103.5,74311
2021-05-25 10:07:36,4102.85,74370
2021-05-25 10:07:38,4105.0,74511
2021-05-25 10:07:41,4105.05,74515
2021-05-25 10:07:45,4105.9,74545
2021-05-25 10:07:49,4105.5,74558
2021-05-25 10:07:52,4105.55,74573
2021-05-25 10:07:55,4108.55,74590
2021-05-25 10:08:01,4106.35,75096
2021-05-25 10:08:05,4105.0,75161
2021-05-25 10:08:07,4105.0,75327
2021-05-25 10:08:10,4105.0,75409
2021-05-25 10:08:14,4105.0,76485
2021-05-25 10:08:17,4105.0,76935
2021-05-25 10:08:20,4105.0,77252
2021-05-25 10:08:22,4105.0,77478
2021-05-25 10:08:26,4105.95,77865
2021-05-25 10:08:29,4105.0,77912
2021-05-25 10:08:35,4103.75,78512
2021-05-25 10:08:38,4103.25,78517
2021-05-25 10:08:41,4103.25,78517
2021-05-25 10:08:45,4105.0,78568
2021-05-25 10:08:48,4103.0,78716
2021-05-25 10:08:52,4103.0,78716
2021-05-25 10:08:55,4103.3,78731
2021-05-25 10:08:58,4103.65,79094
2021-05-25 10:09:02,4103.25,79215
2021-05-25 10:09:05,4104.8,79219
2021-05-25 10:09:09,4103.15,79587
2021-05-25 10:09:12,4103.15,79587
2021-05-25 10:09:15,4103.15,79587
2021-05-25 10:09:19,4103.8,79697
2021-05-25 10:09:22,4102.0,79956
2021-05-25 10:09:25,4102.1,79966
2021-05-25 10:09:28,4102.55,80051
2021-05-25 10:09:31,4099.8,80139
2021-05-25 10:09:34,4099.8,80142
2021-05-25 10:09:37,4099.8,80144
2021-05-25 10:09:41,4099.8,80192
2021-05-25 10:09:43,4099.8,80192
2021-05-25 10:09:47,4099.05,80194
2021-05-25 10:09:50,4099.05,80194
2021-05-25 10:09:56,4099.05,80194
2021-05-25 10:09:59,4099.05,80195
2021-05-25 10:10:05,4100.8,80280
2021-05-25 10:10:08,4099.2,80441
2021-05-25 10:10:11,4099.2,80441
2021-05-25 10:10:14,4101.15,80539
2021-05-25 10:10:17,4100.8,80698
2021-05-25 10:10:20,4099.8,80699
2021-05-25 10:10:23,4099.8,80699
2021-05-25 10:10:26,4100.2,80728
2021-05-25 10:10:27,4099.8,80785
2021-05-25 10:10:28,4099.8,80785
2021-05-25 10:10:29,4099.8,80785
2021-05-25 10:10:30,4099.8,80785
2021-05-25 10:10:31,4099.05,80801
2021-05-25 10:10:33,4099.05,80801
2021-05-25 10:10:34,4099.05,80801
2021-05-25 10:10:36,4099.05,80801
2021-05-25 10:10:37,4099.05,80801
2021-05-25 10:10:38,4099.05,80801
2021-05-25 10:10:38,4099.05,80802
2021-05-25 10:10:39,4099.05,80802
2021-05-25 10:10:40,4099.05,80919
2021-05-25 10:10:41,4099.05,80919
2021-05-25 10:10:42,4099.0,80971
2021-05-25 10:10:43,4099.0,80971
2021-05-25 10:10:45,4099.0,80971
2021-05-25 10:10:46,4099.0,80971
2021-05-25 10:10:49,4099.0,80971
2021-05-25 10:10:50,4099.0,80971
2021-05-25 10:10:52,4099.75,80973
2021-05-25 10:10:54,4099.75,80973
2021-05-25 10:10:55,4099.75,80973
2021-05-25 10:10:56,4099.75,80973
2021-05-25 10:10:57,4099.75,80973
2021-05-25 10:10:58,4099.75,80985
2021-05-25 10:10:59,4099.75,80985
2021-05-25 10:11:00,4099.75,80985
2021-05-25 10:11:01,4099.75,80985
2021-05-25 10:11:02,4099.75,80985
2021-05-25 10:11:04,4099.0,80986
2021-05-25 10:11:03,4099.75,80985
2021-05-25 10:11:05,4099.0,80986
2021-05-25 10:11:06,4099.0,80986
2021-05-25 10:11:07,4099.0,80986
2021-05-25 10:11:09,4099.0,80986
2021-05-25 10:11:10,4099.0,80986
2021-05-25 10:11:11,4099.0,80986
2021-05-25 10:11:11,4099.0,80986
2021-05-25 10:11:12,4099.0,80986
2021-05-25 10:11:13,4099.0,80989
2021-05-25 10:11:15,4099.0,80989
2021-05-25 10:11:17,4099.0,80990
2021-05-25 10:11:18,4099.0,80990
2021-05-25 10:11:19,4099.0,80990
2021-05-25 10:11:20,4099.0,80990
2021-05-25 10:11:21,4099.0,80990
2021-05-25 10:11:22,4099.0,81003
2021-05-25 10:11:23,4099.0,81003
2021-05-25 10:11:24,4099.0,81003
2021-05-25 10:11:25,4098.6,81057
2021-05-25 10:11:26,4098.6,81057
2021-05-25 10:11:27,4098.6,81057
2021-05-25 10:11:28,4098.6,81057
2021-05-25 10:11:29,4098.6,81057
2021-05-25 10:11:30,4098.6,81058
2021-05-25 10:11:31,4098.6,81058
2021-05-25 10:11:32,4098.6,81058
2021-05-25 10:11:33,4098.6,81058
2021-05-25 10:11:34,4098.6,81058
2021-05-25 10:11:35,4098.6,81058
2021-05-25 10:11:36,4098.6,81058
2021-05-25 10:11:37,4098.4,81059
2021-05-25 10:11:38,4098.4,81059
2021-05-25 10:11:40,4098.6,81069
2021-05-25 10:11:40,4098.0,81339
2021-05-25 10:11:42,4098.0,81339
2021-05-25 10:11:42,4098.0,81339
2021-05-25 10:11:43,4097.1,81555
2021-05-25 10:11:44,4096.9,81557
2021-05-25 10:11:45,4097.0,81578
2021-05-25 10:11:46,4097.0,81579
2021-05-25 10:11:47,4097.0,81579
2021-05-25 10:11:48,4097.0,81579
2021-05-25 10:11:49,4097.0,81585
2021-05-25 10:11:50,4097.0,81585
2021-05-25 10:11:51,4097.0,81585
2021-05-25 10:11:52,4097.0,81585
2021-05-25 10:11:53,4097.0,81585
2021-05-25 10:11:54,4096.75,81587
2021-05-25 10:11:55,4095.0,81600
2021-05-25 10:11:56,4095.0,81659
2021-05-25 10:11:57,4095.0,81660
2021-05-25 10:11:58,4095.0,81660
2021-05-25 10:11:59,4095.0,81660
2021-05-25 10:12:00,4095.0,81660
2021-05-25 10:12:02,4095.0,81660
2021-05-25 10:12:03,4096.65,81661
2021-05-25 10:12:03,4096.65,81661
2021-05-25 10:12:04,4096.65,81661
2021-05-25 10:12:05,4096.65,81661
2021-05-25 10:12:06,4096.65,81661
2021-05-25 10:12:07,4096.65,81661
2021-05-25 10:12:08,4096.65,81661
2021-05-25 10:12:09,4095.0,81672
2021-05-25 10:12:10,4095.0,81672
2021-05-25 10:12:12,4095.95,81673
2021-05-25 10:12:13,4095.95,81673
2021-05-25 10:12:14,4095.95,81673
2021-05-25 10:12:15,4095.95,81673
2021-05-25 10:12:15,4095.85,81775
2021-05-25 10:12:16,4095.85,81775
2021-05-25 10:12:17,4095.85,81775
2021-05-25 10:12:18,4095.85,81775
2021-05-25 10:12:19,4095.85,81775
2021-05-25 10:12:20,4098.2,81860
2021-05-25 10:12:21,4098.2,81860
2021-05-25 10:12:22,4097.45,81861
2021-05-25 10:12:23,4097.45,81861
2021-05-25 10:12:24,4097.45,81861
2021-05-25 10:12:25,4097.45,81861
2021-05-25 10:12:26,4097.45,81861
2021-05-25 10:12:27,4097.45,81861
2021-05-25 10:12:29,4096.0,81899
2021-05-25 10:12:30,4096.0,81899
2021-05-25 10:12:31,4097.65,81981
2021-05-25 10:12:32,4097.65,81981
2021-05-25 10:12:34,4097.65,81981
2021-05-25 10:12:35,4097.65,81981
2021-05-25 10:12:36,4095.5,81982
2021-05-25 10:12:37,4095.5,81982
2021-05-25 10:12:38,4095.5,81982
2021-05-25 10:12:39,4097.0,82182
2021-05-25 10:12:40,4097.0,82182
2021-05-25 10:12:41,4097.0,82182
2021-05-25 10:12:41,4097.0,82182
2021-05-25 10:12:42,4097.6,82183
2021-05-25 10:12:44,4097.6,82183
2021-05-25 10:12:45,4097.6,82183
2021-05-25 10:12:45,4097.6,82183
2021-05-25 10:12:47,4097.6,82183
2021-05-25 10:12:48,4096.95,82253
2021-05-25 10:12:49,4096.95,82253
2021-05-25 10:12:50,4099.4,82279
2021-05-25 10:12:50,4099.4,82279
2021-05-25 10:12:51,4100.0,82379
2021-05-25 10:12:52,4097.95,82380
2021-05-25 10:12:54,4097.95,82380
2021-05-25 10:12:55,4097.95,82380
2021-05-25 10:12:57,4097.95,82380
2021-05-25 10:12:57,4100.0,82404
2021-05-25 10:12:58,4100.0,82404
2021-05-25 10:12:59,4100.0,82404
2021-05-25 10:13:01,4097.95,82405
2021-05-25 10:13:00,4100.0,82404
2021-05-25 10:13:02,4097.95,82405
2021-05-25 10:13:03,4097.95,82405
2021-05-25 10:13:04,4097.95,82410
2021-05-25 10:13:05,4097.95,82410
2021-05-25 10:13:06,4097.95,82410
2021-05-25 10:13:07,4097.95,82411
2021-05-25 10:13:08,4097.95,82411
2021-05-25 10:13:09,4097.9,82421
2021-05-25 10:13:10,4097.9,82421
2021-05-25 10:13:12,4097.9,82421
2021-05-25 10:13:14,4097.6,82537
2021-05-25 10:13:15,4097.6,82537
2021-05-25 10:13:15,4097.6,82537
2021-05-25 10:13:17,4097.0,82595
2021-05-25 10:13:18,4097.0,82595
2021-05-25 10:13:19,4097.0,82595
2021-05-25 10:13:20,4098.95,82607
2021-05-25 10:13:21,4098.95,82607
2021-05-25 10:13:22,4098.95,82607
2021-05-25 10:13:24,4098.95,82607
2021-05-25 10:13:24,4098.95,82607
2021-05-25 10:13:25,4098.95,82607
2021-05-25 10:13:26,4098.95,82607
2021-05-25 10:13:27,4097.0,82608
2021-05-25 10:13:28,4099.0,82648
2021-05-25 10:13:29,4099.0,82648
2021-05-25 10:13:30,4099.0,82648
2021-05-25 10:13:31,4099.0,82648
2021-05-25 10:13:32,4099.0,82648
2021-05-25 10:13:33,4099.0,82648
2021-05-25 10:13:34,4099.0,82648
2021-05-25 10:13:35,4099.0,82648
2021-05-25 10:13:36,4096.9,82859
2021-05-25 10:13:38,4096.9,82859
2021-05-25 10:13:39,4096.9,82859
2021-05-25 10:13:40,4096.9,82860
2021-05-25 10:13:41,4098.9,82872
2021-05-25 10:13:42,4098.9,82872
2021-05-25 10:13:43,4098.85,82882
2021-05-25 10:13:44,4098.9,82897
2021-05-25 10:13:44,4098.9,82897
2021-05-25 10:13:45,4098.9,82897
2021-05-25 10:13:46,4098.9,82897
2021-05-25 10:13:47,4098.9,82897
2021-05-25 10:13:48,4098.9,82897
2021-05-25 10:13:49,4098.9,82897
2021-05-25 10:13:50,4097.3,82899
2021-05-25 10:13:51,4097.3,82899
2021-05-25 10:13:52,4097.3,82899
2021-05-25 10:13:53,4097.3,82901
2021-05-25 10:13:54,4099.0,82940
2021-05-25 10:13:57,4099.0,82940
2021-05-25 10:13:58,4100.0,82961
2021-05-25 10:13:58,4100.0,82961
2021-05-25 10:13:59,4100.0,83003
2021-05-25 10:14:00,4100.0,83003
2021-05-25 10:14:01,4100.0,83003
2021-05-25 10:14:03,4100.0,83003
2021-05-25 10:14:04,4100.0,83003
2021-05-25 10:14:05,4100.0,83003
2021-05-25 10:14:06,4100.0,83103
2021-05-25 10:14:09,4098.9,83105
2021-05-25 10:14:09,4098.9,83105
2021-05-25 10:14:10,4098.9,83105
2021-05-25 10:14:11,4098.9,83105
2021-05-25 10:14:13,4100.0,83114
2021-05-25 10:14:14,4100.0,83114
2021-05-25 10:14:17,4100.0,83114
2021-05-25 10:14:18,4100.0,83114
2021-05-25 10:14:19,4098.95,83117
2021-05-25 10:14:21,4098.95,83117
2021-05-25 10:14:23,4098.95,83117
2021-05-25 10:14:25,4098.95,83117
2021-05-25 10:14:26,4098.95,83117
2021-05-25 10:14:27,4098.95,83117
2021-05-25 10:14:30,4098.95,83117
2021-05-25 10:14:31,4098.95,83117
2021-05-25 10:14:32,4098.95,83117
2021-05-25 10:14:33,4098.95,83118
2021-05-25 10:14:34,4098.95,83118
2021-05-25 10:14:35,4100.0,83120
2021-05-25 10:14:36,4100.0,83120
2021-05-25 10:14:37,4100.0,83120
2021-05-25 10:14:39,4100.0,83120
2021-05-25 10:14:40,4100.0,83120
2021-05-25 10:14:42,4100.0,83120
2021-05-25 10:14:44,4100.0,83120
2021-05-25 10:14:45,4098.95,83122
2021-05-25 10:14:47,4098.95,83122
2021-05-25 10:14:48,4098.95,83122
2021-05-25 10:14:49,4098.95,83122
2021-05-25 10:14:49,4098.95,83122
2021-05-25 10:14:50,4098.95,83122
2021-05-25 10:14:51,4098.95,83122
2021-05-25 10:14:52,4098.95,83122
2021-05-25 10:14:53,4098.95,83122
2021-05-25 10:14:55,4100.0,83227
2021-05-25 10:14:56,4099.15,83258
2021-05-25 10:14:57,4100.0,83259
2021-05-25 10:14:58,4100.0,83287
2021-05-25 10:14:59,4100.0,83287
2021-05-25 10:15:00,4100.0,83287
2021-05-25 10:15:01,4100.0,83287
2021-05-25 10:15:02,4100.0,83287
2021-05-25 10:15:03,4098.6,83388
2021-05-25 10:15:04,4098.6,83388
2021-05-25 10:15:05,4098.6,83388
2021-05-25 10:15:06,4098.6,83388
2021-05-25 10:15:07,4098.6,83388
2021-05-25 10:15:08,4098.6,83388
2021-05-25 10:15:09,4100.0,83389
2021-05-25 10:15:12,4100.0,83399
2021-05-25 10:15:13,4100.0,83399
2021-05-25 10:15:14,4100.0,83399
2021-05-25 10:15:15,4100.0,83399
2021-05-25 10:15:16,4100.0,83399
2021-05-25 10:15:17,4100.0,83399
2021-05-25 10:15:18,4100.0,83399
2021-05-25 10:15:19,4100.0,83399
2021-05-25 10:15:21,4100.0,83399
2021-05-25 10:15:23,4100.0,83399
2021-05-25 10:15:24,4100.0,83399
2021-05-25 10:15:24,4100.0,83399
2021-05-25 10:15:25,4100.0,83399
2021-05-25 10:15:29,4098.5,83400
2021-05-25 10:15:32,4098.5,83401
2021-05-25 10:15:36,4098.5,83401
2021-05-25 10:15:38,4098.5,83401
2021-05-25 10:15:42,4098.5,83401
2021-05-25 10:15:45,4098.5,83401
2021-05-25 10:15:48,4098.5,83401
2021-05-25 10:15:51,4098.5,83401
2021-05-25 10:15:54,4098.6,83413
2021-05-25 10:15:57,4098.6,83413
2021-05-25 10:16:00,4098.6,83413
2021-05-25 10:16:03,4099.4,83414
2021-05-25 10:16:06,4099.4,83414
2021-05-25 10:16:09,4099.0,83530
2021-05-25 10:16:12,4099.0,83530
2021-05-25 10:16:15,4099.0,83530
2021-05-25 10:16:18,4099.4,83536
2021-05-25 10:16:21,4099.4,83537
2021-05-25 10:16:23,4099.4,83537
2021-05-25 10:16:26,4099.4,83537
2021-05-25 10:16:29,4099.4,83537
2021-05-25 10:16:32,4098.05,83622
2021-05-25 10:16:36,4098.05,83622
2021-05-25 10:16:39,4098.05,83622
2021-05-25 10:16:42,4098.05,83622
2021-05-25 10:16:49,4097.8,83627
2021-05-25 10:16:52,4097.8,83627
2021-05-25 10:16:55,4096.75,83642
2021-05-25 10:16:59,4097.0,83662
2021-05-25 10:17:02,4097.0,83662
2021-05-25 10:17:05,4097.0,83662
2021-05-25 10:17:08,4097.0,83662
2021-05-25 10:17:11,4096.75,83663
2021-05-25 10:17:15,4096.75,83663
2021-05-25 10:17:18,4096.75,83663
2021-05-25 10:17:22,4096.75,83663
2021-05-25 10:17:25,4096.75,83663
2021-05-25 10:17:28,4098.0,83664
2021-05-25 10:17:31,4098.0,83664
2021-05-25 10:17:34,4098.0,83664
2021-05-25 10:17:37,4098.0,83664
2021-05-25 10:17:40,4096.75,83665
2021-05-25 10:17:44,4096.75,83665
2021-05-25 10:17:51,4097.0,84173
2021-05-25 10:17:54,4096.65,84198
2021-05-25 10:17:57,4096.7,84201
2021-05-25 10:18:01,4096.0,84233
2021-05-25 10:18:04,4096.75,84240
2021-05-25 10:18:07,4098.05,84280
2021-05-25 10:18:10,4098.05,84290
2021-05-25 10:18:16,4098.05,84301
2021-05-25 10:18:19,4098.05,84301
2021-05-25 10:18:23,4100.0,84371
2021-05-25 10:18:26,4098.0,84376
2021-05-25 10:18:29,4098.0,84697
2021-05-25 10:18:32,4097.95,84699
2021-05-25 10:18:35,4097.95,84699
2021-05-25 10:18:37,4098.0,84788
2021-05-25 10:18:41,4097.95,84790
2021-05-25 10:18:44,4097.95,84891
2021-05-25 10:18:47,4097.95,84903
2021-05-25 10:18:50,4096.0,85012
2021-05-25 10:18:54,4096.0,85014
2021-05-25 10:18:58,4096.0,85014
2021-05-25 10:19:01,4096.0,85033
2021-05-25 10:19:08,4097.8,85039
2021-05-25 10:19:12,4097.95,85058
2021-05-25 10:19:15,4097.95,85060
2021-05-25 10:19:19,4098.0,85126
2021-05-25 10:19:22,4096.0,85175
2021-05-25 10:19:26,4096.0,85177
2021-05-25 10:19:29,4096.0,85177
2021-05-25 10:19:33,4095.6,85189
2021-05-25 10:19:36,4096.65,85263
2021-05-25 10:19:40,4096.4,85333
2021-05-25 10:19:43,4096.65,85338
2021-05-25 10:19:47,4096.55,85345
2021-05-25 10:19:50,4096.55,85345
2021-05-25 10:19:53,4096.55,85345
2021-05-25 10:19:57,4096.55,85345
2021-05-25 10:20:00,4096.55,85345
2021-05-25 10:20:03,4096.55,85345
2021-05-25 10:20:07,4096.4,85357
2021-05-25 10:20:10,4096.4,85358
2021-05-25 10:20:13,4096.4,85378
2021-05-25 10:20:16,4096.25,85379
2021-05-25 10:20:19,4096.25,85379
2021-05-25 10:20:22,4096.25,85382
2021-05-25 10:20:25,4096.0,85387
2021-05-25 10:20:29,4096.0,85387
2021-05-25 10:20:32,4094.55,85550
2021-05-25 10:20:35,4096.0,85663
2021-05-25 10:20:39,4094.2,85810
2021-05-25 10:20:42,4096.0,85842
2021-05-25 10:20:45,4094.3,85849
2021-05-25 10:20:48,4094.3,85850
2021-05-25 10:20:51,4094.3,85850
2021-05-25 10:20:54,4094.3,85850
2021-05-25 10:20:58,4094.3,85851
2021-05-25 10:21:00,4094.3,85851
2021-05-25 10:21:06,4093.05,85897
2021-05-25 10:21:10,4091.15,85992
2021-05-25 10:21:13,4090.7,86232
2021-05-25 10:21:16,4090.6,86233
2021-05-25 10:21:19,4090.0,86288
2021-05-25 10:21:21,4090.0,86309
2021-05-25 10:21:24,4090.0,86310
2021-05-25 10:21:27,4090.6,86319
2021-05-25 10:21:31,4090.0,86320
2021-05-25 10:21:34,4090.0,86320
2021-05-25 10:21:40,4090.35,86908
2021-05-25 10:21:46,4090.35,86933
2021-05-25 10:21:49,4090.0,86987
2021-05-25 10:21:52,4090.0,87200
2021-05-25 10:21:56,4090.0,87211
2021-05-25 10:21:59,4090.0,87212
2021-05-25 10:22:02,4090.0,87217
2021-05-25 10:22:05,4090.35,87224
2021-05-25 10:22:08,4090.0,87231
2021-05-25 10:22:11,4090.0,87232
2021-05-25 10:22:17,4090.0,87232
2021-05-25 10:22:20,4090.05,87251
2021-05-25 10:22:23,4090.05,87276
2021-05-25 10:22:26,4090.0,87298
2021-05-25 10:22:30,4090.0,87299
2021-05-25 10:22:33,4091.95,87300
2021-05-25 10:22:35,4091.95,87300
2021-05-25 10:22:38,4091.95,87300
2021-05-25 10:22:42,4091.95,87300
2021-05-25 10:22:45,4092.5,87303
2021-05-25 10:22:47,4090.2,87307
2021-05-25 10:22:50,4090.2,87307
2021-05-25 10:22:53,4090.0,87694
2021-05-25 10:22:59,4090.0,87790
2021-05-25 10:23:02,4090.0,87792
2021-05-25 10:23:05,4090.0,87792
2021-05-25 10:23:08,4090.0,87792
2021-05-25 10:23:11,4090.0,87792
2021-05-25 10:23:13,4091.0,87794
2021-05-25 10:23:16,4091.0,87794
2021-05-25 10:23:20,4091.95,87800
2021-05-25 10:23:26,4091.95,87802
2021-05-25 10:23:29,4092.75,87804
2021-05-25 10:23:32,4091.95,87805
2021-05-25 10:23:35,4091.0,87808
2021-05-25 10:23:38,4091.0,87808
2021-05-25 10:23:41,4091.0,87808
2021-05-25 10:23:44,4092.15,87809
2021-05-25 10:23:48,4093.45,87819
2021-05-25 10:23:51,4093.3,87831
2021-05-25 10:23:53,4091.95,87832
2021-05-25 10:23:56,4091.95,87832
2021-05-25 10:23:59,4091.1,87834
2021-05-25 10:24:02,4093.25,87884
2021-05-25 10:24:08,4093.3,87908
2021-05-25 10:24:11,4093.3,87908
2021-05-25 10:24:15,4093.3,87910
2021-05-25 10:24:18,4093.7,87920
2021-05-25 10:24:21,4092.85,87923
2021-05-25 10:24:24,4094.0,87924
2021-05-25 10:24:27,4094.3,87929
2021-05-25 10:24:30,4094.3,87942
2021-05-25 10:24:33,4093.7,87943
2021-05-25 10:24:35,4092.25,87986
2021-05-25 10:24:38,4092.25,87990
2021-05-25 10:24:41,4092.25,87990
2021-05-25 10:24:44,4094.1,88005
2021-05-25 10:24:47,4094.0,88010
2021-05-25 10:24:49,4094.0,88010
2021-05-25 10:24:52,4094.0,88010
2021-05-25 10:24:55,4094.0,88010
2021-05-25 10:24:57,4094.0,88012
2021-05-25 10:25:00,4092.25,88013
2021-05-25 10:25:03,4093.85,88016
2021-05-25 10:25:06,4093.85,88028
2021-05-25 10:25:09,4091.95,88118
2021-05-25 10:25:12,4091.0,88736
2021-05-25 10:25:15,4090.1,88762
2021-05-25 10:25:18,4090.2,89131
2021-05-25 10:25:22,4089.6,89233
2021-05-25 10:25:25,4089.6,89238
2021-05-25 10:25:28,4089.6,89238
2021-05-25 10:25:31,4090.2,89239
2021-05-25 10:25:34,4090.2,89239
2021-05-25 10:25:40,4089.6,89252
2021-05-25 10:25:43,4089.45,89269
2021-05-25 10:25:50,4089.25,89274
2021-05-25 10:25:54,4089.0,89582
2021-05-25 10:25:57,4089.95,89626
2021-05-25 10:26:00,4089.95,89626
2021-05-25 10:26:03,4089.95,89626
2021-05-25 10:26:09,4090.0,89638
2021-05-25 10:26:12,4090.0,89638
2021-05-25 10:26:15,4090.0,89638
2021-05-25 10:26:21,4090.0,89667
2021-05-25 10:26:25,4089.0,89681
2021-05-25 10:26:28,4089.0,89681
2021-05-25 10:26:31,4090.0,89683
2021-05-25 10:26:34,4091.15,89691
2021-05-25 10:26:37,4089.0,89801
2021-05-25 10:26:40,4089.0,89802
2021-05-25 10:26:43,4090.6,89811
2021-05-25 10:26:49,4091.55,89822
2021-05-25 10:26:52,4091.55,89822
2021-05-25 10:26:55,4091.45,89834
2021-05-25 10:26:58,4090.6,89836
2021-05-25 10:27:01,4090.6,89836
2021-05-25 10:27:04,4090.6,89853
2021-05-25 10:27:08,4090.6,89853
2021-05-25 10:27:16,4089.5,89940
2021-05-25 10:27:19,4089.5,89940
2021-05-25 10:27:22,4089.5,89940
2021-05-25 10:27:28,4089.05,90065
2021-05-25 10:27:32,4092.4,90071
2021-05-25 10:27:35,4092.35,90072
2021-05-25 10:27:39,4092.35,90072
2021-05-25 10:27:42,4092.35,90072
2021-05-25 10:27:45,4090.45,90102
2021-05-25 10:27:48,4090.45,90104
2021-05-25 10:27:51,4090.45,90104
2021-05-25 10:27:54,4090.45,90104
2021-05-25 10:27:57,4090.45,90104
2021-05-25 10:28:00,4090.45,90104
2021-05-25 10:28:02,4089.6,90163
2021-05-25 10:28:05,4089.6,90163
2021-05-25 10:28:09,4091.5,90167
2021-05-25 10:28:12,4091.5,90194
2021-05-25 10:28:15,4090.55,90205
2021-05-25 10:28:19,4090.8,90207
2021-05-25 10:28:22,4091.2,90208
2021-05-25 10:28:26,4092.15,90226
2021-05-25 10:28:28,4092.4,90326
2021-05-25 10:28:32,4093.0,90327
2021-05-25 10:28:34,4093.0,90337
2021-05-25 10:28:37,4093.0,90337
2021-05-25 10:28:40,4093.0,90337
2021-05-25 10:28:43,4093.0,90337
2021-05-25 10:28:46,4092.6,90350
2021-05-25 10:28:49,4092.4,90425
2021-05-25 10:28:51,4092.4,90425
2021-05-25 10:28:54,4092.4,90425
2021-05-25 10:28:57,4092.55,90469
2021-05-25 10:29:03,4093.15,90482
2021-05-25 10:29:06,4093.15,90482
2021-05-25 10:29:09,4094.0,90483
2021-05-25 10:29:12,4094.0,90483
2021-05-25 10:29:15,4094.0,90483
2021-05-25 10:29:21,4094.65,90865
2021-05-25 10:29:24,4095.0,90880
2021-05-25 10:29:27,4095.0,90880
2021-05-25 10:29:29,4096.75,90883
2021-05-25 10:29:32,4096.75,90883
2021-05-25 10:29:35,4097.9,90887
2021-05-25 10:29:38,4097.35,90899
2021-05-25 10:29:41,4097.35,90899
2021-05-25 10:29:44,4096.65,90963
2021-05-25 10:29:50,4094.3,90988
2021-05-25 10:29:53,4094.3,90988
2021-05-25 10:29:56,4094.3,90988
2021-05-25 10:29:58,4096.85,90991
2021-05-25 10:30:01,4097.2,90993
2021-05-25 10:30:04,4097.2,90993
2021-05-25 10:30:06,4097.2,90993
2021-05-25 10:30:09,4097.2,90993
2021-05-25 10:30:12,4095.15,91003
2021-05-25 10:30:15,4097.15,91025
2021-05-25 10:30:18,4097.15,91025
2021-05-25 10:30:21,4097.15,91025
2021-05-25 10:30:24,4097.15,91025
2021-05-25 10:30:28,4096.25,91056
2021-05-25 10:30:29,4096.25,91056
2021-05-25 10:30:30,4096.25,91056
2021-05-25 10:30:31,4096.25,91056
2021-05-25 10:30:32,4096.25,91056
2021-05-25 10:30:33,4096.25,91056
2021-05-25 10:30:34,4096.25,91056
2021-05-25 10:30:35,4094.25,91106
2021-05-25 10:30:36,4096.25,91108
2021-05-25 10:30:37,4096.25,91108
2021-05-25 10:30:38,4096.25,91108
2021-05-25 10:30:41,4094.0,91137
2021-05-25 10:30:43,4094.0,91137
2021-05-25 10:30:44,4094.0,91137
2021-05-25 10:30:45,4095.0,91138
2021-05-25 10:30:48,4095.0,91138
2021-05-25 10:30:49,4095.0,91138
2021-05-25 10:30:50,4095.0,91138
2021-05-25 10:30:51,4094.0,91163
2021-05-25 10:30:52,4094.0,91163
2021-05-25 10:30:53,4094.0,91163
2021-05-25 10:30:56,4094.0,91164
2021-05-25 10:30:57,4094.0,91164
2021-05-25 10:30:59,4094.0,91164
2021-05-25 10:30:59,4094.0,91164
2021-05-25 10:31:01,4095.35,91170
2021-05-25 10:31:02,4095.35,91170
2021-05-25 10:31:04,4094.0,91175
2021-05-25 10:31:04,4094.0,91175
2021-05-25 10:31:05,4094.0,91175
2021-05-25 10:31:07,4094.0,91175
2021-05-25 10:31:08,4094.0,91182
2021-05-25 10:31:08,4094.0,91182
2021-05-25 10:31:09,4094.95,91383
2021-05-25 10:31:10,4094.95,91383
2021-05-25 10:31:11,4094.0,91443
2021-05-25 10:31:12,4095.65,91493
2021-05-25 10:31:13,4095.65,91493
2021-05-25 10:31:14,4095.65,91493
2021-05-25 10:31:15,4095.65,91493
2021-05-25 10:31:16,4095.6,91495
2021-05-25 10:31:18,4093.45,91594
2021-05-25 10:31:19,4093.45,91594
2021-05-25 10:31:20,4093.45,91594
2021-05-25 10:31:21,4093.45,91594
2021-05-25 10:31:22,4093.45,91594
2021-05-25 10:31:23,4093.45,91594
2021-05-25 10:31:24,4095.6,91599
2021-05-25 10:31:25,4096.55,91604
2021-05-25 10:31:26,4094.65,91606
2021-05-25 10:31:27,4094.65,91606
2021-05-25 10:31:28,4094.65,91606
2021-05-25 10:31:29,4094.65,91606
2021-05-25 10:31:30,4094.65,91606
2021-05-25 10:31:31,4094.65,91606
2021-05-25 10:31:32,4094.65,91606
2021-05-25 10:31:33,4094.65,91606
2021-05-25 10:31:34,4095.45,91706
2021-05-25 10:31:35,4095.45,91706
2021-05-25 10:31:36,4095.45,91706
2021-05-25 10:31:37,4095.45,91706
2021-05-25 10:31:38,4095.45,91706
2021-05-25 10:31:39,4095.45,91706
2021-05-25 10:31:40,4095.45,91706
2021-05-25 10:31:41,4095.45,91706
2021-05-25 10:31:43,4095.6,91709
2021-05-25 10:31:44,4095.6,91709
2021-05-25 10:31:46,4095.6,91709
2021-05-25 10:31:47,4095.6,91709
2021-05-25 10:31:48,4095.6,91709
2021-05-25 10:31:49,4095.9,91710
2021-05-25 10:31:50,4095.9,91710
2021-05-25 10:31:51,4095.9,91710
2021-05-25 10:31:53,4095.9,91710
2021-05-25 10:31:54,4095.9,91710
2021-05-25 10:31:55,4095.9,91710
2021-05-25 10:31:56,4095.85,91712
2021-05-25 10:31:59,4095.85,91713
2021-05-25 10:32:00,4095.85,91713
2021-05-25 10:32:01,4095.85,91713
2021-05-25 10:32:02,4095.85,91713
2021-05-25 10:32:04,4094.0,91724
2021-05-25 10:32:05,4094.0,91724
2021-05-25 10:32:07,4094.0,91724
2021-05-25 10:32:08,4094.0,91724
2021-05-25 10:32:10,4095.9,91725
2021-05-25 10:32:11,4095.9,91725
2021-05-25 10:32:12,4093.8,91749
2021-05-25 10:32:13,4093.8,91749
2021-05-25 10:32:15,4093.8,91749
2021-05-25 10:32:15,4095.6,91750
2021-05-25 10:32:16,4095.6,91750
2021-05-25 10:32:17,4095.6,91750
2021-05-25 10:32:18,4095.6,91750
2021-05-25 10:32:19,4095.6,91750
2021-05-25 10:32:20,4095.4,91752
2021-05-25 10:32:23,4095.4,91753
2021-05-25 10:32:24,4095.4,91753
2021-05-25 10:32:25,4095.4,91753
2021-05-25 10:32:26,4095.6,91853
2021-05-25 10:32:27,4095.6,91853
2021-05-25 10:32:28,4095.6,91853
2021-05-25 10:32:29,4095.85,91854
2021-05-25 10:32:31,4095.85,91856
2021-05-25 10:32:32,4095.85,91856
2021-05-25 10:32:32,4095.8,91857
2021-05-25 10:32:33,4095.8,91857
2021-05-25 10:32:34,4095.8,91857
2021-05-25 10:32:36,4094.65,91862
2021-05-25 10:32:37,4095.8,91877
2021-05-25 10:32:38,4095.8,91877
2021-05-25 10:32:41,4095.8,91877
2021-05-25 10:32:41,4095.8,91877
2021-05-25 10:32:42,4095.8,91877
2021-05-25 10:32:44,4095.8,91877
2021-05-25 10:32:45,4095.8,91877
2021-05-25 10:32:47,4095.8,91878
2021-05-25 10:32:47,4095.15,91898
2021-05-25 10:32:49,4095.8,91899
2021-05-25 10:32:50,4095.15,91909
2021-05-25 10:32:52,4095.15,91909
2021-05-25 10:32:54,4095.15,91909
2021-05-25 10:32:55,4095.15,91909
2021-05-25 10:32:59,4095.15,91909
2021-05-25 10:33:02,4096.7,92086
2021-05-25 10:33:03,4096.7,92087
2021-05-25 10:33:03,4095.3,92112
2021-05-25 10:33:04,4095.3,92112
2021-05-25 10:33:06,4096.7,92113
2021-05-25 10:33:07,4096.7,92113
2021-05-25 10:33:08,4096.7,92113
2021-05-25 10:33:09,4096.7,92113
2021-05-25 10:33:10,4097.15,92114
2021-05-25 10:33:10,4097.15,92114
2021-05-25 10:33:12,4097.35,92162
2021-05-25 10:33:13,4097.35,92162
2021-05-25 10:33:14,4097.35,92162
2021-05-25 10:33:15,4097.35,92162
2021-05-25 10:33:16,4097.35,92162
2021-05-25 10:33:19,4097.35,92162
2021-05-25 10:33:20,4097.35,92162
2021-05-25 10:33:22,4097.35,92162
2021-05-25 10:33:23,4097.35,92162
2021-05-25 10:33:24,4097.35,92162
2021-05-25 10:33:25,4097.35,92164
2021-05-25 10:33:26,4097.35,92164
2021-05-25 10:33:28,4098.0,92167
2021-05-25 10:33:29,4097.95,92170
2021-05-25 10:33:30,4097.95,92186
2021-05-25 10:33:31,4097.95,92186
2021-05-25 10:33:33,4097.95,92186
2021-05-25 10:33:33,4097.95,92189
2021-05-25 10:33:34,4097.35,92244
2021-05-25 10:33:35,4097.35,92244
2021-05-25 10:33:37,4097.25,92257
2021-05-25 10:33:38,4097.25,92257
2021-05-25 10:33:39,4097.25,92257
2021-05-25 10:33:40,4097.25,92257
2021-05-25 10:33:42,4097.25,92257
2021-05-25 10:33:42,4097.25,92257
2021-05-25 10:33:43,4097.25,92257
2021-05-25 10:33:44,4097.6,92258
2021-05-25 10:33:46,4097.25,92271
2021-05-25 10:33:47,4095.05,92479
2021-05-25 10:33:47,4095.25,92539
2021-05-25 10:33:48,4095.25,92539
2021-05-25 10:33:49,4095.25,92539
2021-05-25 10:33:50,4095.25,92539
2021-05-25 10:33:53,4095.4,92570
2021-05-25 10:33:54,4097.25,92571
2021-05-25 10:33:54,4097.25,92571
2021-05-25 10:33:56,4097.25,92571
2021-05-25 10:33:56,4097.25,92571
2021-05-25 10:33:57,4097.35,92580
2021-05-25 10:33:59,4097.35,92580
2021-05-25 10:33:59,4097.35,92580
2021-05-25 10:34:00,4097.35,92580
2021-05-25 10:34:01,4096.9,92819
2021-05-25 10:34:02,4096.9,92819
2021-05-25 10:34:03,4096.9,92819
2021-05-25 10:34:04,4096.9,92819
2021-05-25 10:34:06,4096.9,92819
2021-05-25 10:34:06,4096.9,92821
2021-05-25 10:34:07,4096.9,92821
2021-05-25 10:34:08,4096.9,92821
2021-05-25 10:34:10,4097.6,92823
2021-05-25 10:34:10,4097.6,92823
2021-05-25 10:34:11,4097.6,92823
2021-05-25 10:34:12,4097.6,92841
2021-05-25 10:34:13,4097.6,92841
2021-05-25 10:34:16,4097.6,92841
2021-05-25 10:34:17,4097.6,92841
2021-05-25 10:34:19,4097.6,92842
2021-05-25 10:34:20,4097.6,92842
2021-05-25 10:34:21,4097.6,92842
2021-05-25 10:34:23,4097.6,92842
2021-05-25 10:34:24,4097.6,92842
2021-05-25 10:34:25,4097.6,92846
2021-05-25 10:34:26,4097.6,92846
2021-05-25 10:34:27,4097.6,92846
2021-05-25 10:34:28,4097.35,92852
2021-05-25 10:34:28,4097.35,92852
2021-05-25 10:34:29,4097.35,92852
2021-05-25 10:34:30,4097.35,92852
2021-05-25 10:34:31,4097.0,92862
2021-05-25 10:34:32,4097.0,92868
2021-05-25 10:34:34,4097.0,92868
2021-05-25 10:34:35,4097.0,92868
2021-05-25 10:34:36,4097.0,92868
2021-05-25 10:34:37,4097.6,92877
2021-05-25 10:34:37,4096.2,92922
2021-05-25 10:34:38,4095.9,92955
2021-05-25 10:34:39,4095.9,92955
2021-05-25 10:34:40,4095.35,93040
2021-05-25 10:34:41,4095.35,93040
2021-05-25 10:34:42,4095.35,93040
2021-05-25 10:34:43,4095.35,93040
2021-05-25 10:34:44,4095.35,93040
2021-05-25 10:34:45,4095.35,93040
2021-05-25 10:34:49,4098.7,93517
2021-05-25 10:34:49,4098.7,93518
2021-05-25 10:34:50,4098.7,93518
2021-05-25 10:34:52,4098.7,93518
2021-05-25 10:34:53,4098.7,93518
2021-05-25 10:34:54,4098.7,93518
2021-05-25 10:34:55,4098.7,93518
2021-05-25 10:34:57,4099.5,93555
2021-05-25 10:34:58,4099.5,93555
2021-05-25 10:35:01,4098.95,93611
2021-05-25 10:35:02,4098.95,93611
2021-05-25 10:35:03,4099.35,93613
2021-05-25 10:35:04,4099.35,93613
2021-05-25 10:35:04,4099.35,93613
2021-05-25 10:35:06,4098.2,93723
2021-05-25 10:35:08,4098.2,93723
2021-05-25 10:35:09,4098.2,93723
2021-05-25 10:35:10,4098.2,93723
2021-05-25 10:35:11,4098.2,93723
2021-05-25 10:35:12,4097.55,93825
2021-05-25 10:35:13,4097.55,93825
2021-05-25 10:35:14,4097.55,93825
2021-05-25 10:35:15,4097.85,93833
2021-05-25 10:35:16,4097.9,93835
2021-05-25 10:35:17,4097.9,93835
2021-05-25 10:35:18,4097.9,93835
2021-05-25 10:35:19,4097.9,93835
2021-05-25 10:35:20,4095.15,93890
2021-05-25 10:35:23,4097.95,93891
2021-05-25 10:35:24,4098.2,93919
2021-05-25 10:35:25,4098.2,93919
2021-05-25 10:35:26,4098.6,93920
2021-05-25 10:35:28,4098.7,93967
2021-05-25 10:35:31,4095.6,94059
2021-05-25 10:35:34,4098.35,94067
2021-05-25 10:35:40,4098.35,94067
2021-05-25 10:35:43,4098.35,94081
2021-05-25 10:35:46,4098.5,94112
2021-05-25 10:35:49,4098.35,94114
2021-05-25 10:35:51,4098.35,94114
2021-05-25 10:35:54,4098.35,94114
2021-05-25 10:35:57,4098.95,94126
2021-05-25 10:36:00,4098.95,94126
2021-05-25 10:36:03,4098.95,94126
2021-05-25 10:36:06,4098.7,94133
2021-05-25 10:36:09,4098.35,94135
2021-05-25 10:36:12,4099.0,94140
2021-05-25 10:36:18,4099.0,94141
2021-05-25 10:36:21,4098.35,94197
2021-05-25 10:36:24,4098.35,94197
2021-05-25 10:36:28,4098.7,94198
2021-05-25 10:36:31,4098.7,94199
2021-05-25 10:36:34,4098.3,94225
2021-05-25 10:36:37,4098.3,94225
2021-05-25 10:36:39,4098.3,94225
2021-05-25 10:36:42,4098.0,94251
2021-05-25 10:36:44,4098.0,94251
2021-05-25 10:36:47,4098.0,94251
2021-05-25 10:36:50,4098.15,94261
2021-05-25 10:36:53,4098.15,94261
2021-05-25 10:36:55,4096.45,94267
2021-05-25 10:36:58,4096.45,94268
2021-05-25 10:37:01,4098.0,94274
2021-05-25 10:37:06,4096.1,94292
2021-05-25 10:37:09,4096.1,94292
2021-05-25 10:37:12,4097.55,94293
2021-05-25 10:37:19,4097.6,94306
2021-05-25 10:37:22,4098.0,94348
2021-05-25 10:37:25,4098.0,94351
2021-05-25 10:37:28,4098.0,94351
2021-05-25 10:37:33,4098.0,94353
2021-05-25 10:37:35,4098.0,94353
2021-05-25 10:37:38,4098.0,94354
2021-05-25 10:37:41,4098.0,94369
2021-05-25 10:37:43,4098.0,94369
2021-05-25 10:37:46,4098.0,94369
2021-05-25 10:37:49,4098.0,94381
2021-05-25 10:37:52,4098.0,94431
2021-05-25 10:37:55,4098.0,94432
2021-05-25 10:37:58,4098.0,94433
2021-05-25 10:38:00,4098.0,94433
2021-05-25 10:38:06,4098.0,94440
2021-05-25 10:38:12,4098.0,94446
2021-05-25 10:38:18,4098.0,94448
2021-05-25 10:38:21,4098.0,94448
2021-05-25 10:38:23,4098.0,94448
2021-05-25 10:38:26,4097.55,94470
2021-05-25 10:38:28,4096.05,94471
2021-05-25 10:38:31,4097.5,94472
2021-05-25 10:38:34,4097.5,94472
2021-05-25 10:38:36,4097.55,94473
2021-05-25 10:38:39,4097.55,94473
2021-05-25 10:38:41,4095.1,94597
2021-05-25 10:38:44,4095.1,94597
2021-05-25 10:38:46,4097.5,94607
2021-05-25 10:38:49,4095.0,94729
2021-05-25 10:38:51,4096.8,94773
2021-05-25 10:38:54,4096.8,94773
2021-05-25 10:38:56,4097.35,94775
2021-05-25 10:38:59,4097.35,94775
2021-05-25 10:39:01,4097.35,94775
2021-05-25 10:39:04,4097.35,94775
2021-05-25 10:39:08,4096.5,94791
2021-05-25 10:39:11,4096.5,94791
2021-05-25 10:39:14,4095.8,94792
2021-05-25 10:39:17,4095.7,94832
2021-05-25 10:39:20,4095.7,94832
2021-05-25 10:39:22,4095.0,94847
2021-05-25 10:39:27,4096.5,94849
2021-05-25 10:39:30,4096.5,94851
2021-05-25 10:39:33,4096.5,94851
2021-05-25 10:39:36,4094.7,95377
2021-05-25 10:39:41,4094.7,95377
2021-05-25 10:39:44,4094.7,95377
2021-05-25 10:39:47,4092.2,95577
2021-05-25 10:39:50,4092.2,95577
2021-05-25 10:39:53,4092.2,95577
2021-05-25 10:39:58,4095.0,95579
2021-05-25 10:40:04,4095.0,95579
2021-05-25 10:40:06,4095.35,95584
2021-05-25 10:40:09,4095.35,95584
2021-05-25 10:40:11,4095.35,95584
2021-05-25 10:40:14,4095.35,95584
2021-05-25 10:40:16,4095.2,95585
2021-05-25 10:40:19,4095.2,95632
2021-05-25 10:40:25,4095.2,95636
2021-05-25 10:40:28,4095.2,95636
2021-05-25 10:40:30,4095.2,95637
2021-05-25 10:40:33,4094.55,95648
2021-05-25 10:40:36,4093.15,95730
2021-05-25 10:40:39,4094.55,95731
2021-05-25 10:40:41,4095.2,95732
2021-05-25 10:40:44,4097.0,95789
2021-05-25 10:40:47,4097.0,95789
2021-05-25 10:40:49,4097.0,95789
2021-05-25 10:40:52,4097.0,95789
2021-05-25 10:40:55,4097.0,95789
2021-05-25 10:40:57,4097.0,95790
2021-05-25 10:41:00,4097.0,95790
2021-05-25 10:41:03,4097.0,95790
2021-05-25 10:41:05,4097.0,95791
2021-05-25 10:41:08,4097.0,95791
2021-05-25 10:41:11,4097.0,95791
2021-05-25 10:41:13,4095.85,95794
2021-05-25 10:41:16,4095.85,95794
2021-05-25 10:41:19,4095.85,95794
2021-05-25 10:41:22,4095.85,95794
2021-05-25 10:41:24,4095.85,95794
2021-05-25 10:41:27,4095.85,95794
2021-05-25 10:41:30,4096.9,95796
2021-05-25 10:41:33,4096.9,95796
2021-05-25 10:41:36,4096.9,95796
2021-05-25 10:41:39,4095.85,95903
2021-05-25 10:41:42,4096.4,95905
2021-05-25 10:41:45,4096.4,95905
2021-05-25 10:41:48,4096.4,96005
2021-05-25 10:41:50,4096.4,96005
2021-05-25 10:41:53,4095.1,96010
2021-05-25 10:41:56,4096.9,96011
2021-05-25 10:41:59,4095.2,96012
2021-05-25 10:42:02,4095.2,96012
2021-05-25 10:42:05,4095.2,96012
2021-05-25 10:42:08,4095.2,96012
2021-05-25 10:42:11,4095.2,96012
2021-05-25 10:42:14,4095.0,96023
2021-05-25 10:42:17,4095.0,96023
2021-05-25 10:42:19,4095.0,96023
2021-05-25 10:42:26,4097.0,96501
2021-05-25 10:42:29,4098.0,96507
2021-05-25 10:42:32,4098.0,96507
2021-05-25 10:42:35,4098.0,96507
2021-05-25 10:42:38,4098.0,96509
2021-05-25 10:42:41,4098.0,96510
2021-05-25 10:42:44,4098.0,96510
2021-05-25 10:42:47,4098.0,96510
2021-05-25 10:42:50,4096.4,96516
2021-05-25 10:42:53,4096.4,96516
2021-05-25 10:42:55,4096.4,96516
2021-05-25 10:42:58,4096.5,96526
2021-05-25 10:43:01,4096.5,96526
2021-05-25 10:43:04,4098.0,96528
2021-05-25 10:43:07,4096.45,96539
2021-05-25 10:43:10,4098.0,96540
2021-05-25 10:43:13,4098.0,96540
2021-05-25 10:43:16,4097.1,96545
2021-05-25 10:43:19,4097.1,96545
2021-05-25 10:43:22,4097.1,96545
2021-05-25 10:43:25,4097.1,96545
2021-05-25 10:43:27,4098.0,96549
2021-05-25 10:43:30,4098.0,96550
2021-05-25 10:43:33,4098.0,96550
2021-05-25 10:43:36,4097.1,96804
2021-05-25 10:43:39,4097.1,96804
2021-05-25 10:43:42,4097.25,96805
2021-05-25 10:43:45,4097.25,96805
2021-05-25 10:43:47,4097.25,96807
2021-05-25 10:43:50,4096.25,96815
2021-05-25 10:43:53,4096.0,96867
2021-05-25 10:43:56,4095.0,96886
2021-05-25 10:43:59,4095.0,96925
2021-05-25 10:44:01,4095.0,96925
2021-05-25 10:44:04,4091.2,98432
2021-05-25 10:44:07,4090.0,98433
2021-05-25 10:44:10,4090.0,98433
2021-05-25 10:44:13,4092.0,98435
2021-05-25 10:44:16,4092.3,98439
2021-05-25 10:44:18,4091.4,98444
2021-05-25 10:44:21,4091.4,98444
2021-05-25 10:44:24,4092.4,98448
2021-05-25 10:44:27,4092.4,98448
2021-05-25 10:44:30,4092.4,98448
2021-05-25 10:44:33,4092.4,98448
2021-05-25 10:44:36,4092.7,98468
2021-05-25 10:44:38,4093.4,98469
2021-05-25 10:44:41,4090.9,98483
2021-05-25 10:44:44,4091.7,98600
2021-05-25 10:44:47,4091.7,98600
2021-05-25 10:44:50,4090.95,98657
2021-05-25 10:44:53,4090.95,98657
2021-05-25 10:44:56,4093.0,98659
2021-05-25 10:44:59,4093.0,98671
2021-05-25 10:45:01,4093.0,98671
2021-05-25 10:45:04,4093.0,98671
2021-05-25 10:45:07,4092.95,98687
2021-05-25 10:45:09,4092.95,98687
2021-05-25 10:45:12,4092.95,98687
2021-05-25 10:45:15,4090.75,98787
2021-05-25 10:45:17,4090.8,98803
2021-05-25 10:45:20,4092.25,98804
2021-05-25 10:45:23,4089.4,98904
2021-05-25 10:45:26,4089.4,98904
2021-05-25 10:45:26,4090.45,98933
2021-05-25 10:45:27,4090.45,98933
2021-05-25 10:45:29,4089.05,99033
2021-05-25 10:45:30,4089.05,99033
2021-05-25 10:45:31,4089.05,99033
2021-05-25 10:45:32,4089.05,99033
2021-05-25 10:45:33,4089.05,99033
2021-05-25 10:45:34,4089.05,99033
2021-05-25 10:45:35,4089.05,99033
2021-05-25 10:45:37,4089.0,99341
2021-05-25 10:45:38,4089.0,99351
2021-05-25 10:45:38,4089.0,99351
2021-05-25 10:45:40,4090.0,99365
2021-05-25 10:45:40,4090.0,99380
2021-05-25 10:45:42,4090.0,99380
2021-05-25 10:45:43,4090.0,99380
2021-05-25 10:45:44,4090.0,99380
2021-05-25 10:45:45,4090.0,99380
2021-05-25 10:45:47,4090.0,99380
2021-05-25 10:45:48,4090.0,99380
2021-05-25 10:45:50,4090.0,99380
2021-05-25 10:45:51,4090.0,99392
2021-05-25 10:45:53,4090.0,99392
2021-05-25 10:45:54,4090.0,99403
2021-05-25 10:45:55,4090.0,99403
2021-05-25 10:45:56,4090.0,99403
2021-05-25 10:45:57,4089.0,99406
2021-05-25 10:45:58,4089.0,99406
2021-05-25 10:45:59,4089.0,99406
2021-05-25 10:46:00,4089.0,99507
2021-05-25 10:46:01,4090.0,99522
2021-05-25 10:46:01,4090.0,99522
2021-05-25 10:46:03,4090.0,99522
2021-05-25 10:46:04,4090.0,99522
2021-05-25 10:46:05,4090.0,99522
2021-05-25 10:46:05,4090.0,99522
2021-05-25 10:46:06,4090.0,99522
2021-05-25 10:46:07,4090.0,99522
2021-05-25 10:46:08,4090.0,99522
2021-05-25 10:46:09,4090.0,99522
2021-05-25 10:46:10,4090.0,99522
2021-05-25 10:46:12,4090.0,99522
2021-05-25 10:46:13,4090.0,99527
2021-05-25 10:46:14,4090.0,99527
2021-05-25 10:46:15,4090.0,99527
2021-05-25 10:46:16,4090.0,99527
2021-05-25 10:46:17,4090.0,99528
2021-05-25 10:46:18,4090.0,99529
2021-05-25 10:46:19,4090.0,99529
2021-05-25 10:46:20,4090.4,99544
2021-05-25 10:46:21,4090.4,99544
2021-05-25 10:46:22,4090.4,99544
2021-05-25 10:46:22,4090.4,99544
2021-05-25 10:46:23,4090.4,99544
2021-05-25 10:46:24,4090.4,99544
2021-05-25 10:46:26,4090.4,99544
2021-05-25 10:46:27,4090.4,99544
2021-05-25 10:46:28,4090.4,99544
2021-05-25 10:46:29,4091.8,99545
2021-05-25 10:46:29,4091.8,99545
2021-05-25 10:46:30,4091.8,99545
2021-05-25 10:46:31,4091.8,99545
2021-05-25 10:46:32,4091.8,99545
2021-05-25 10:46:33,4091.8,99545
2021-05-25 10:46:34,4091.8,99545
2021-05-25 10:46:35,4091.6,99546
2021-05-25 10:46:36,4091.6,99546
2021-05-25 10:46:38,4091.6,99546
2021-05-25 10:46:39,4092.15,99561
2021-05-25 10:46:41,4092.15,99561
2021-05-25 10:46:42,4092.2,99562
2021-05-25 10:46:42,4092.2,99562
2021-05-25 10:46:43,4092.2,99562
2021-05-25 10:46:45,4092.2,99562
2021-05-25 10:46:47,4092.25,99577
2021-05-25 10:46:48,4092.25,99577
2021-05-25 10:46:51,4092.25,99577
2021-05-25 10:46:52,4092.25,99577
2021-05-25 10:46:52,4092.25,99577
2021-05-25 10:46:53,4092.25,99577
2021-05-25 10:46:54,4092.25,99577
2021-05-25 10:46:55,4092.25,99577
2021-05-25 10:46:56,4093.8,99592
2021-05-25 10:46:57,4093.8,99595
2021-05-25 10:46:58,4093.8,99595
2021-05-25 10:46:59,4093.8,99595
2021-05-25 10:47:01,4093.8,99596
2021-05-25 10:47:02,4093.8,99596
2021-05-25 10:47:03,4093.8,99596
2021-05-25 10:47:04,4093.8,99596
2021-05-25 10:47:05,4093.8,99596
2021-05-25 10:47:06,4093.8,99597
2021-05-25 10:47:07,4093.8,99597
2021-05-25 10:47:07,4093.8,99597
2021-05-25 10:47:10,4095.85,99989
2021-05-25 10:47:11,4095.85,99989
2021-05-25 10:47:12,4096.0,100020
2021-05-25 10:47:13,4096.0,100020
2021-05-25 10:47:14,4096.0,100020
2021-05-25 10:47:15,4096.0,100020
2021-05-25 10:47:16,4096.0,100020
2021-05-25 10:47:17,4094.95,100023
2021-05-25 10:47:18,4092.05,100223
2021-05-25 10:47:19,4092.05,100223
2021-05-25 10:47:20,4092.05,100223
2021-05-25 10:47:20,4092.05,100233
2021-05-25 10:47:21,4092.05,100233
2021-05-25 10:47:22,4092.05,100233
2021-05-25 10:47:23,4092.05,100233
2021-05-25 10:47:25,4092.05,100233
2021-05-25 10:47:26,4092.05,100233
2021-05-25 10:47:26,4092.05,100233
2021-05-25 10:47:28,4092.05,100233
2021-05-25 10:47:28,4092.05,100233
2021-05-25 10:47:29,4094.1,100235
2021-05-25 10:47:30,4094.0,100240
2021-05-25 10:47:31,4092.0,100242
2021-05-25 10:47:33,4093.95,100257
2021-05-25 10:47:33,4093.95,100257
2021-05-25 10:47:34,4093.95,100257
2021-05-25 10:47:35,4093.95,100257
2021-05-25 10:47:37,4094.1,100400
2021-05-25 10:47:38,4094.1,100400
2021-05-25 10:47:38,4094.1,100400
2021-05-25 10:47:40,4094.1,100400
2021-05-25 10:47:41,4094.1,100400
2021-05-25 10:47:41,4094.1,100400
2021-05-25 10:47:42,4094.1,100400
2021-05-25 10:47:44,4094.1,100400
2021-05-25 10:47:44,4094.1,100404
2021-05-25 10:47:45,4094.1,100404
2021-05-25 10:47:46,4094.1,100404
2021-05-25 10:47:49,4092.15,100440
2021-05-25 10:47:50,4092.15,100440
2021-05-25 10:47:51,4092.15,100440
2021-05-25 10:47:52,4092.05,100479
2021-05-25 10:47:53,4092.05,100479
2021-05-25 10:47:54,4092.05,100479
2021-05-25 10:47:54,4092.05,100479
2021-05-25 10:47:55,4092.05,100479
2021-05-25 10:47:56,4092.05,100479
2021-05-25 10:47:57,4092.05,100479
2021-05-25 10:47:59,4092.05,100479
2021-05-25 10:48:00,4092.05,100479
2021-05-25 10:48:01,4092.05,100479
2021-05-25 10:48:02,4092.05,100479
2021-05-25 10:48:03,4092.05,100479
2021-05-25 10:48:04,4092.05,100479
2021-05-25 10:48:04,4092.05,100519
2021-05-25 10:48:05,4092.05,100519
2021-05-25 10:48:06,4092.1,100529
2021-05-25 10:48:07,4092.05,100559
2021-05-25 10:48:08,4092.05,100559
2021-05-25 10:48:09,4092.05,100559
2021-05-25 10:48:10,4092.05,100602
2021-05-25 10:48:11,4092.05,100602
2021-05-25 10:48:12,4092.05,100602
2021-05-25 10:48:14,4092.05,100602
2021-05-25 10:48:15,4094.35,100630
2021-05-25 10:48:16,4093.35,100632
2021-05-25 10:48:17,4093.35,100632
2021-05-25 10:48:17,4095.0,100633
2021-05-25 10:48:19,4095.0,100633
2021-05-25 10:48:20,4095.0,100633
2021-05-25 10:48:21,4095.0,100633
2021-05-25 10:48:22,4095.0,100633
2021-05-25 10:48:23,4095.0,100633
2021-05-25 10:48:24,4095.0,100633
2021-05-25 10:48:25,4095.0,100633
2021-05-25 10:48:26,4095.0,100633
2021-05-25 10:48:27,4095.0,100633
2021-05-25 10:48:28,4095.0,100633
2021-05-25 10:48:29,4095.0,100633
2021-05-25 10:48:30,4095.0,100634
2021-05-25 10:48:31,4095.0,100634
2021-05-25 10:48:33,4095.0,100635
2021-05-25 10:48:34,4095.0,100635
2021-05-25 10:48:35,4095.0,100635
2021-05-25 10:48:36,4095.0,100636
2021-05-25 10:48:37,4095.0,100636
2021-05-25 10:48:38,4095.0,100636
2021-05-25 10:48:39,4095.0,100636
2021-05-25 10:48:40,4095.0,100636
2021-05-25 10:48:41,4095.0,100636
2021-05-25 10:48:42,4095.0,100637
2021-05-25 10:48:44,4095.0,100637
2021-05-25 10:48:45,4095.0,100637
2021-05-25 10:48:46,4095.0,100637
2021-05-25 10:48:47,4095.0,100637
2021-05-25 10:48:48,4095.0,100637
2021-05-25 10:48:49,4095.0,100637
2021-05-25 10:48:50,4095.0,100637
2021-05-25 10:48:51,4094.1,100705
2021-05-25 10:48:52,4094.1,100705
2021-05-25 10:48:53,4094.1,100705
2021-05-25 10:48:54,4094.1,100705
2021-05-25 10:48:55,4093.25,100707
2021-05-25 10:48:56,4093.25,100707
2021-05-25 10:48:57,4093.25,100707
2021-05-25 10:48:58,4093.25,100707
2021-05-25 10:48:59,4094.05,100708
2021-05-25 10:49:00,4094.05,100708
2021-05-25 10:49:01,4094.05,100708
2021-05-25 10:49:02,4094.35,100718
2021-05-25 10:49:03,4094.35,100718
2021-05-25 10:49:04,4094.35,100718
2021-05-25 10:49:05,4094.35,100718
2021-05-25 10:49:06,4094.65,100719
2021-05-25 10:49:07,4094.65,100719
2021-05-25 10:49:08,4094.65,100719
2021-05-25 10:49:09,4094.65,100719
2021-05-25 10:49:10,4094.65,100719
2021-05-25 10:49:12,4094.65,100719
2021-05-25 10:49:13,4094.65,100719
2021-05-25 10:49:14,4094.65,100719
2021-05-25 10:49:15,4094.65,100719
2021-05-25 10:49:16,4094.65,100720
2021-05-25 10:49:17,4094.65,100720
2021-05-25 10:49:18,4093.25,100723
2021-05-25 10:49:18,4093.25,100723
2021-05-25 10:49:19,4093.25,100723
2021-05-25 10:49:20,4093.25,100723
2021-05-25 10:49:21,4093.25,100723
2021-05-25 10:49:22,4093.25,100723
2021-05-25 10:49:24,4093.25,100723
2021-05-25 10:49:24,4093.25,100723
2021-05-25 10:49:26,4093.25,100723
2021-05-25 10:49:27,4093.25,100723
2021-05-25 10:49:28,4093.25,100723
2021-05-25 10:49:29,4095.0,100725
2021-05-25 10:49:30,4095.0,100725
2021-05-25 10:49:31,4095.0,100725
2021-05-25 10:49:32,4095.0,100725
2021-05-25 10:49:33,4095.0,100725
2021-05-25 10:49:35,4095.0,100725
2021-05-25 10:49:36,4096.35,100726
2021-05-25 10:49:37,4096.35,100727
2021-05-25 10:49:38,4096.35,100727
2021-05-25 10:49:39,4096.35,100727
2021-05-25 10:49:40,4094.25,100732
2021-05-25 10:49:41,4094.25,100732
2021-05-25 10:49:42,4094.25,100732
2021-05-25 10:49:43,4094.25,100732
2021-05-25 10:49:44,4094.25,100732
2021-05-25 10:49:45,4094.25,100732
2021-05-25 10:49:46,4094.25,100732
2021-05-25 10:49:47,4094.25,100732
2021-05-25 10:49:47,4093.65,100740
2021-05-25 10:49:48,4093.65,100740
2021-05-25 10:49:49,4093.65,100740
2021-05-25 10:49:50,4093.65,100740
2021-05-25 10:49:52,4093.65,100740
2021-05-25 10:49:53,4093.65,100740
2021-05-25 10:49:54,4095.3,100741
2021-05-25 10:49:55,4095.3,100741
2021-05-25 10:49:56,4094.45,100742
2021-05-25 10:49:57,4094.45,100742
2021-05-25 10:49:58,4094.45,100742
2021-05-25 10:49:59,4094.45,100742
2021-05-25 10:50:00,4094.45,100742
2021-05-25 10:50:02,4094.45,100742
2021-05-25 10:50:01,4094.45,100742
2021-05-25 10:50:03,4094.45,100742
2021-05-25 10:50:04,4094.45,100742
2021-05-25 10:50:05,4092.05,100767
2021-05-25 10:50:06,4092.05,100767
2021-05-25 10:50:07,4092.05,100767
2021-05-25 10:50:08,4091.75,100817
2021-05-25 10:50:09,4094.7,100857
2021-05-25 10:50:10,4094.7,100857
2021-05-25 10:50:11,4092.2,100859
2021-05-25 10:50:12,4092.2,100859
2021-05-25 10:50:13,4092.2,100859
2021-05-25 10:50:14,4092.2,100859
2021-05-25 10:50:15,4092.2,100859
2021-05-25 10:50:17,4094.55,100860
2021-05-25 10:50:18,4095.0,100861
2021-05-25 10:50:19,4095.0,100861
2021-05-25 10:50:20,4095.0,100861
2021-05-25 10:50:21,4092.85,100866
2021-05-25 10:50:22,4092.85,100866
2021-05-25 10:50:23,4092.85,100866
2021-05-25 10:50:24,4092.8,100918
2021-05-25 10:50:25,4091.9,100924
2021-05-25 10:50:26,4091.9,100924
2021-05-25 10:50:27,4091.9,100924
2021-05-25 10:50:29,4091.9,100924
2021-05-25 10:50:30,4091.6,100936
2021-05-25 10:50:31,4091.6,100936
2021-05-25 10:50:32,4092.45,100939
2021-05-25 10:50:33,4092.45,100939
2021-05-25 10:50:34,4092.45,100939
2021-05-25 10:50:35,4091.5,101014
2021-05-25 10:50:36,4091.5,101014
2021-05-25 10:50:37,4091.5,101014
2021-05-25 10:50:38,4091.5,101014
2021-05-25 10:50:40,4091.5,101014
2021-05-25 10:50:39,4091.5,101014
2021-05-25 10:50:41,4092.7,101015
2021-05-25 10:50:42,4092.7,101015
2021-05-25 10:50:43,4092.7,101015
2021-05-25 10:50:44,4093.85,101078
2021-05-25 10:50:45,4093.85,101078
2021-05-25 10:50:46,4093.85,101078
2021-05-25 10:50:47,4093.85,101078
2021-05-25 10:50:48,4093.85,101078
2021-05-25 10:50:49,4093.85,101078
2021-05-25 10:50:50,4093.85,101078
2021-05-25 10:50:51,4093.85,101078
2021-05-25 10:50:52,4091.25,101080
2021-05-25 10:50:53,4093.3,101081
2021-05-25 10:50:54,4093.3,101081
2021-05-25 10:50:55,4093.3,101081
2021-05-25 10:50:59,4093.3,101081
2021-05-25 10:51:00,4093.3,101081
2021-05-25 10:51:03,4093.3,101081
2021-05-25 10:51:05,4093.3,101082
2021-05-25 10:51:06,4093.3,101082
2021-05-25 10:51:07,4093.3,101082
2021-05-25 10:51:08,4093.3,101082
2021-05-25 10:51:09,4093.3,101082
2021-05-25 10:51:10,4093.3,101082
2021-05-25 10:51:11,4093.3,101082
2021-05-25 10:51:12,4094.95,101132
2021-05-25 10:51:13,4091.5,101233
2021-05-25 10:51:14,4091.5,101233
2021-05-25 10:51:15,4091.5,101233
2021-05-25 10:51:16,4091.5,101233
2021-05-25 10:51:17,4091.5,101233
2021-05-25 10:51:18,4091.5,101233
2021-05-25 10:51:19,4091.5,101233
2021-05-25 10:51:20,4091.5,101233
2021-05-25 10:51:21,4091.5,101233
2021-05-25 10:51:22,4091.5,101233
2021-05-25 10:51:23,4091.5,101233
2021-05-25 10:51:24,4091.5,101233
2021-05-25 10:51:25,4091.5,101233
2021-05-25 10:51:26,4091.5,101233
2021-05-25 10:51:27,4091.5,101233
2021-05-25 10:51:29,4093.6,101235
2021-05-25 10:51:30,4093.6,101235
2021-05-25 10:51:31,4093.6,101235
2021-05-25 10:51:32,4093.6,101235
2021-05-25 10:51:33,4093.6,101235
2021-05-25 10:51:34,4093.6,101235
2021-05-25 10:51:36,4093.6,101236
2021-05-25 10:51:37,4093.6,101236
2021-05-25 10:51:38,4093.6,101236
2021-05-25 10:51:39,4093.6,101236
2021-05-25 10:51:40,4093.6,101236
2021-05-25 10:51:41,4093.6,101236
2021-05-25 10:51:43,4091.8,101237
2021-05-25 10:51:44,4091.8,101237
2021-05-25 10:51:45,4091.8,101237
2021-05-25 10:51:46,4091.8,101237
2021-05-25 10:51:47,4091.8,101237
2021-05-25 10:51:48,4091.8,101237
2021-05-25 10:51:49,4091.8,101237
2021-05-25 10:51:51,4093.2,101239
2021-05-25 10:51:52,4093.2,101239
2021-05-25 10:51:53,4093.25,101240
2021-05-25 10:51:54,4093.25,101240
2021-05-25 10:51:55,4093.25,101240
2021-05-25 10:51:56,4093.45,101241
2021-05-25 10:51:57,4093.45,101241
2021-05-25 10:51:58,4093.45,101241
2021-05-25 10:51:59,4093.45,101241
2021-05-25 10:52:00,4093.45,101241
2021-05-25 10:52:01,4093.45,101241
2021-05-25 10:52:02,4093.45,101241
2021-05-25 10:52:03,4093.45,101241
2021-05-25 10:52:04,4093.45,101241
2021-05-25 10:52:05,4091.8,101243
2021-05-25 10:52:06,4091.8,101243
2021-05-25 10:52:08,4091.8,101243
2021-05-25 10:52:08,4091.8,101243
2021-05-25 10:52:09,4091.8,101243
2021-05-25 10:52:11,4091.8,101243
2021-05-25 10:52:12,4093.0,101248
2021-05-25 10:52:13,4093.0,101248
2021-05-25 10:52:14,4093.0,101349
2021-05-25 10:52:15,4093.0,101349
2021-05-25 10:52:16,4093.0,101349
2021-05-25 10:52:17,4093.9,101350
2021-05-25 10:52:18,4093.9,101351
