timestamp,ltp,volume
2021-05-25 09:15:30,672.6,15018
2021-05-25 09:15:34,672.05,17061
2021-05-25 09:15:39,672.95,17395
2021-05-25 09:15:44,672.05,19320
2021-05-25 09:15:49,671.45,19994
2021-05-25 09:15:54,671.4,20264
2021-05-25 09:15:58,671.5,20488
2021-05-25 09:16:03,671.65,22847
2021-05-25 09:16:07,671.35,24220
2021-05-25 09:16:12,671.85,25273
2021-05-25 09:16:16,671.35,30010
2021-05-25 09:16:21,671.45,30858
2021-05-25 09:16:25,671.6,31125
2021-05-25 09:16:29,671.6,31143
2021-05-25 09:16:33,671.3,31313
2021-05-25 09:16:38,671.6,31560
2021-05-25 09:16:46,671.6,31932
2021-05-25 09:16:50,671.8,33004
2021-05-25 09:16:55,671.6,34534
2021-05-25 09:17:08,672.4,35644
2021-05-25 09:17:17,672.35,36306
2021-05-25 09:17:21,672.25,36869
2021-05-25 09:17:25,672.0,38330
2021-05-25 09:17:29,672.1,38431
2021-05-25 09:17:34,671.95,44725
2021-05-25 09:17:38,671.9,48981
2021-05-25 09:17:42,671.75,49639
2021-05-25 09:17:47,671.7,50929
2021-05-25 09:17:51,671.8,51334
2021-05-25 09:17:55,671.75,53208
2021-05-25 09:18:00,671.9,53312
2021-05-25 09:18:04,671.55,53854
2021-05-25 09:18:08,671.15,57217
2021-05-25 09:18:17,670.9,57717
2021-05-25 09:18:21,670.8,58147
2021-05-25 09:18:25,670.8,58583
2021-05-25 09:18:29,671.2,60474
2021-05-25 09:18:46,671.45,60834
2021-05-25 09:18:50,671.3,61446
2021-05-25 09:18:54,671.45,62002
2021-05-25 09:18:58,671.85,63038
2021-05-25 09:19:02,671.8,63293
2021-05-25 09:19:07,671.8,63390
2021-05-25 09:19:23,671.75,65271
2021-05-25 09:19:27,671.75,65346
2021-05-25 09:19:31,671.7,66111
2021-05-25 09:19:36,671.55,67162
2021-05-25 09:19:40,671.85,69484
2021-05-25 09:19:44,671.9,69514
2021-05-25 09:19:48,671.9,69711
2021-05-25 09:19:52,671.9,71261
2021-05-25 09:19:56,671.9,74891
2021-05-25 09:20:00,671.45,84591
2021-05-25 09:20:08,671.1,85441
2021-05-25 09:20:16,671.0,87771
2021-05-25 09:20:20,671.05,88530
2021-05-25 09:20:24,671.05,88919
2021-05-25 09:20:28,671.05,89144
2021-05-25 09:20:32,671.05,90324
2021-05-25 09:20:36,671.25,91023
2021-05-25 09:20:40,671.4,91065
2021-05-25 09:20:44,671.3,91141
2021-05-25 09:20:48,671.3,91514
2021-05-25 09:20:52,671.55,91583
2021-05-25 09:20:56,671.4,91694
2021-05-25 09:20:59,671.3,91996
2021-05-25 09:21:07,671.85,93404
2021-05-25 09:21:11,671.75,93982
2021-05-25 09:21:15,671.75,94382
2021-05-25 09:21:19,671.75,94482
2021-05-25 09:21:27,671.75,94713
2021-05-25 09:21:31,671.75,94859
2021-05-25 09:21:35,671.75,95010
2021-05-25 09:21:38,671.75,95243
2021-05-25 09:21:42,671.75,95561
2021-05-25 09:21:54,671.75,97028
2021-05-25 09:21:58,671.75,97713
2021-05-25 09:22:02,671.55,97854
2021-05-25 09:22:06,671.65,98010
2021-05-25 09:22:10,671.7,98984
2021-05-25 09:22:14,671.65,99255
2021-05-25 09:22:18,671.65,99287
2021-05-25 09:22:22,671.65,99957
2021-05-25 09:22:30,671.3,101674
2021-05-25 09:22:33,671.4,101847
2021-05-25 09:22:37,671.4,101923
2021-05-25 09:22:41,671.4,102074
2021-05-25 09:22:45,671.85,103526
2021-05-25 09:22:53,671.85,103647
2021-05-25 09:22:56,671.85,103697
2021-05-25 09:23:00,671.85,103902
2021-05-25 09:23:04,671.85,103988
2021-05-25 09:23:08,671.95,104153
2021-05-25 09:23:12,671.75,104749
2021-05-25 09:23:16,671.8,104855
2021-05-25 09:23:19,671.8,105427
2021-05-25 09:23:23,671.8,105488
2021-05-25 09:23:27,671.75,105528
2021-05-25 09:23:31,671.5,105549
2021-05-25 09:23:35,671.75,106132
2021-05-25 09:23:39,671.75,106199
2021-05-25 09:23:43,671.5,107276
2021-05-25 09:23:51,671.55,107347
2021-05-25 09:23:55,671.5,107742
2021-05-25 09:23:59,671.55,107903
2021-05-25 09:24:02,671.55,108248
2021-05-25 09:24:10,671.55,108680
2021-05-25 09:24:14,671.55,110060
2021-05-25 09:24:18,671.55,110301
2021-05-25 09:24:25,671.55,110642
2021-05-25 09:24:30,671.75,111166
2021-05-25 09:24:34,671.7,111174
2021-05-25 09:24:38,671.75,111541
2021-05-25 09:24:42,671.75,111567
2021-05-25 09:24:45,671.75,111730
2021-05-25 09:24:49,671.75,111828
2021-05-25 09:24:56,671.3,118864
2021-05-25 09:25:00,671.3,118893
2021-05-25 09:25:07,671.25,119780
2021-05-25 09:25:11,671.25,120095
2021-05-25 09:25:15,671.25,120230
2021-05-25 09:25:19,671.25,120270
2021-05-25 09:25:26,671.25,120270
2021-05-25 09:25:30,671.25,120656
2021-05-25 09:25:34,671.2,121797
2021-05-25 09:25:45,671.0,126813
2021-05-25 09:25:49,670.95,128424
2021-05-25 09:25:53,670.5,128710
2021-05-25 09:25:57,670.55,128968
2021-05-25 09:26:04,670.95,133667
2021-05-25 09:26:08,670.9,133692
2021-05-25 09:26:12,671.0,133923
2021-05-25 09:26:16,671.05,133975
2021-05-25 09:26:19,671.2,134297
2021-05-25 09:26:27,671.2,135041
2021-05-25 09:26:30,671.0,135221
2021-05-25 09:26:34,671.2,135248
2021-05-25 09:26:38,671.2,135282
2021-05-25 09:26:41,671.2,135343
2021-05-25 09:26:45,671.2,135363
2021-05-25 09:26:49,671.7,135932
2021-05-25 09:26:53,671.9,136401
2021-05-25 09:26:56,671.4,136416
2021-05-25 09:27:00,671.7,136863
2021-05-25 09:27:04,671.65,137040
2021-05-25 09:27:07,671.65,138112
2021-05-25 09:27:11,671.9,139288
2021-05-25 09:27:15,671.55,141521
2021-05-25 09:27:19,671.8,141524
2021-05-25 09:27:26,671.75,142495
2021-05-25 09:27:30,671.75,142633
2021-05-25 09:27:37,670.95,154250
2021-05-25 09:27:41,671.15,154780
2021-05-25 09:27:45,671.0,154847
2021-05-25 09:27:49,670.85,155275
2021-05-25 09:27:52,670.95,155540
2021-05-25 09:27:56,670.95,155540
2021-05-25 09:28:00,670.9,155545
2021-05-25 09:28:03,671.0,156247
2021-05-25 09:28:07,671.0,156307
2021-05-25 09:28:10,670.9,156530
2021-05-25 09:28:14,671.25,156930
2021-05-25 09:28:17,671.3,156949
2021-05-25 09:28:21,671.3,157050
2021-05-25 09:28:24,671.25,157075
2021-05-25 09:28:28,671.25,157096
2021-05-25 09:28:31,671.0,157313
2021-05-25 09:28:35,670.9,157863
2021-05-25 09:28:39,670.85,158271
2021-05-25 09:28:42,670.75,158581
2021-05-25 09:28:49,670.7,158776
2021-05-25 09:28:53,670.65,158901
2021-05-25 09:28:56,670.4,160267
2021-05-25 09:29:00,670.0,166205
2021-05-25 09:29:03,670.35,167450
2021-05-25 09:29:07,669.9,168906
2021-05-25 09:29:10,669.9,169521
2021-05-25 09:29:14,669.9,169903
2021-05-25 09:29:18,669.9,169985
2021-05-25 09:29:22,670.0,170584
2021-05-25 09:29:25,669.9,183316
2021-05-25 09:29:29,669.9,183465
2021-05-25 09:29:32,669.9,183825
2021-05-25 09:29:35,669.6,185733
2021-05-25 09:29:39,670.0,188820
2021-05-25 09:29:42,670.35,189491
2021-05-25 09:29:46,670.35,189491
2021-05-25 09:29:50,670.35,189764
2021-05-25 09:29:53,670.0,189774
2021-05-25 09:29:57,670.05,190126
2021-05-25 09:30:00,670.05,190360
2021-05-25 09:30:07,670.1,191305
2021-05-25 09:30:11,670.1,191360
2021-05-25 09:30:15,670.05,192147
2021-05-25 09:30:18,670.05,192409
2021-05-25 09:30:25,670.85,192794
2021-05-25 09:30:29,670.55,193219
2021-05-25 09:30:33,670.45,193279
2021-05-25 09:30:36,670.45,193313
2021-05-25 09:30:44,670.75,193752
2021-05-25 09:30:51,670.6,193807
2021-05-25 09:30:55,670.5,194061
2021-05-25 09:30:59,670.55,194082
2021-05-25 09:31:02,670.55,194123
2021-05-25 09:31:06,670.55,194230
2021-05-25 09:31:10,670.3,196099
2021-05-25 09:31:13,670.5,196259
2021-05-25 09:31:17,670.55,196271
2021-05-25 09:31:21,670.55,196277
2021-05-25 09:31:25,670.55,196342
2021-05-25 09:31:28,670.55,197143
2021-05-25 09:31:32,670.65,198231
2021-05-25 09:31:35,670.65,198251
2021-05-25 09:31:39,671.0,199549
2021-05-25 09:31:42,670.95,199759
2021-05-25 09:31:46,671.15,199761
2021-05-25 09:31:49,671.2,199771
2021-05-25 09:31:52,670.75,200456
2021-05-25 09:31:59,671.15,200848
2021-05-25 09:32:03,670.75,201055
2021-05-25 09:32:10,670.75,201088
2021-05-25 09:32:14,671.0,201093
2021-05-25 09:32:17,670.85,201463
2021-05-25 09:32:21,670.85,201463
2021-05-25 09:32:24,670.55,202521
2021-05-25 09:32:28,670.35,203747
2021-05-25 09:32:34,670.35,205367
2021-05-25 09:32:38,670.3,205396
2021-05-25 09:32:41,670.1,205496
2021-05-25 09:32:44,670.3,205689
2021-05-25 09:32:48,670.3,205941
2021-05-25 09:32:51,670.3,205986
2021-05-25 09:32:54,670.25,206019
2021-05-25 09:33:01,670.3,206079
2021-05-25 09:33:04,670.5,207747
2021-05-25 09:33:07,670.5,207754
2021-05-25 09:33:11,670.5,207831
2021-05-25 09:33:14,670.5,207833
2021-05-25 09:33:18,670.85,208340
2021-05-25 09:33:24,671.0,209080
2021-05-25 09:33:28,670.75,209101
2021-05-25 09:33:32,670.75,209225
2021-05-25 09:33:35,670.75,209313
2021-05-25 09:33:39,670.95,209315
2021-05-25 09:33:42,670.95,209420
2021-05-25 09:33:46,670.75,209434
2021-05-25 09:33:49,670.75,209444
2021-05-25 09:33:53,670.9,209467
2021-05-25 09:33:56,670.75,209473
2021-05-25 09:34:00,670.9,210248
2021-05-25 09:34:03,670.9,210248
2021-05-25 09:34:06,670.9,210258
2021-05-25 09:34:10,670.9,210265
2021-05-25 09:34:13,670.9,210270
2021-05-25 09:34:17,671.0,211750
2021-05-25 09:34:20,671.15,211760
2021-05-25 09:34:23,671.05,211788
2021-05-25 09:34:27,671.1,211814
2021-05-25 09:34:30,671.0,212370
2021-05-25 09:34:33,671.15,212449
2021-05-25 09:34:37,671.15,212689
2021-05-25 09:34:40,671.1,212761
2021-05-25 09:34:44,671.1,212761
2021-05-25 09:34:47,671.1,212763
2021-05-25 09:34:51,671.1,212885
2021-05-25 09:34:54,671.1,213030
2021-05-25 09:34:58,671.1,213879
2021-05-25 09:35:04,670.9,215338
2021-05-25 09:35:08,671.0,215494
2021-05-25 09:35:11,670.95,215529
2021-05-25 09:35:14,671.0,215639
2021-05-25 09:35:17,671.0,216268
2021-05-25 09:35:21,671.0,216410
2021-05-25 09:35:24,671.0,216411
2021-05-25 09:35:28,670.9,216442
2021-05-25 09:35:31,671.0,217378
2021-05-25 09:35:34,671.05,217380
2021-05-25 09:35:38,671.1,217384
2021-05-25 09:35:41,671.1,217384
2021-05-25 09:35:45,671.1,217675
2021-05-25 09:35:52,671.05,218573
2021-05-25 09:35:55,671.05,218573
2021-05-25 09:35:59,671.15,218629
2021-05-25 09:36:02,671.0,218968
2021-05-25 09:36:06,670.9,219241
2021-05-25 09:36:09,670.9,219284
2021-05-25 09:36:13,670.9,219421
2021-05-25 09:36:16,670.9,219471
2021-05-25 09:36:20,670.9,219474
2021-05-25 09:36:23,670.9,219599
2021-05-25 09:36:27,670.8,219682
2021-05-25 09:36:30,670.8,220086
2021-05-25 09:36:33,670.8,220130
2021-05-25 09:36:37,670.8,220244
2021-05-25 09:36:40,670.8,220244
2021-05-25 09:36:43,670.8,220468
2021-05-25 09:36:50,670.8,221923
2021-05-25 09:36:53,670.75,221933
2021-05-25 09:36:56,670.75,221933
2021-05-25 09:36:59,670.6,227207
2021-05-25 09:37:03,670.7,227302
2021-05-25 09:37:07,670.6,227354
2021-05-25 09:37:10,670.55,227573
2021-05-25 09:37:13,670.55,227574
2021-05-25 09:37:17,670.4,227613
2021-05-25 09:37:20,670.55,227687
2021-05-25 09:37:23,670.55,227767
2021-05-25 09:37:26,670.55,227767
2021-05-25 09:37:30,670.55,228849
2021-05-25 09:37:33,670.5,228854
2021-05-25 09:37:37,670.55,228864
2021-05-25 09:37:40,670.55,228866
2021-05-25 09:37:43,670.5,229566
2021-05-25 09:37:46,670.5,229568
2021-05-25 09:37:49,670.5,229569
2021-05-25 09:37:55,670.5,229695
2021-05-25 09:37:58,670.5,229698
2021-05-25 09:38:01,670.5,229722
2021-05-25 09:38:04,670.4,229732
2021-05-25 09:38:10,670.15,234292
2021-05-25 09:38:13,670.15,234292
2021-05-25 09:38:17,670.15,234292
2021-05-25 09:38:19,670.0,234549
2021-05-25 09:38:23,670.0,234549
2021-05-25 09:38:26,670.0,234549
2021-05-25 09:38:29,669.9,234825
2021-05-25 09:38:31,669.9,235130
2021-05-25 09:38:38,669.65,235359
2021-05-25 09:38:41,669.95,235361
2021-05-25 09:38:44,669.95,235365
2021-05-25 09:38:47,670.0,235506
2021-05-25 09:38:50,670.0,235637
2021-05-25 09:38:54,670.05,236452
2021-05-25 09:38:57,670.0,236602
2021-05-25 09:39:00,670.0,236661
2021-05-25 09:39:03,670.15,237216
2021-05-25 09:39:07,670.0,237316
2021-05-25 09:39:10,670.0,237316
2021-05-25 09:39:13,670.05,237352
2021-05-25 09:39:17,670.05,237352
2021-05-25 09:39:20,670.05,237411
2021-05-25 09:39:23,670.15,237521
2021-05-25 09:39:26,670.15,237521
2021-05-25 09:39:29,670.05,237699
2021-05-25 09:39:32,670.05,238794
2021-05-25 09:39:35,670.05,238810
2021-05-25 09:39:39,670.05,238833
2021-05-25 09:39:45,670.05,239488
2021-05-25 09:39:48,669.7,240743
2021-05-25 09:39:51,670.05,240812
2021-05-25 09:39:55,669.7,240937
2021-05-25 09:39:58,670.0,241213
2021-05-25 09:40:01,670.0,241263
2021-05-25 09:40:04,670.0,241266
2021-05-25 09:40:07,670.0,241423
2021-05-25 09:40:10,670.0,241629
2021-05-25 09:40:13,669.65,241714
2021-05-25 09:40:16,669.9,241869
2021-05-25 09:40:19,669.6,241900
2021-05-25 09:40:22,669.7,241952
2021-05-25 09:40:25,669.9,241965
2021-05-25 09:40:28,669.8,242166
2021-05-25 09:40:31,669.8,242318
2021-05-25 09:40:34,669.7,242868
2021-05-25 09:40:37,669.9,242943
2021-05-25 09:40:40,669.8,242993
2021-05-25 09:40:43,669.8,242993
2021-05-25 09:40:46,669.8,243054
2021-05-25 09:40:49,669.85,243074
2021-05-25 09:40:52,669.8,243177
2021-05-25 09:40:55,669.9,243336
2021-05-25 09:40:58,669.8,243456
2021-05-25 09:41:01,669.8,243651
2021-05-25 09:41:04,669.7,244446
2021-05-25 09:41:07,669.7,246374
2021-05-25 09:41:10,669.6,246482
2021-05-25 09:41:12,669.8,246627
2021-05-25 09:41:15,669.8,246627
2021-05-25 09:41:21,669.8,246951
2021-05-25 09:41:24,669.8,246951
2021-05-25 09:41:28,669.75,247852
2021-05-25 09:41:31,669.8,247948
2021-05-25 09:41:34,669.7,248740
2021-05-25 09:41:37,669.75,248829
2021-05-25 09:41:40,670.0,248929
2021-05-25 09:41:43,670.0,249047
2021-05-25 09:41:46,669.75,249146
2021-05-25 09:41:49,670.0,249573
2021-05-25 09:41:52,670.0,249589
2021-05-25 09:41:56,670.0,249804
2021-05-25 09:41:59,669.7,250409
2021-05-25 09:42:08,670.0,250477
2021-05-25 09:42:11,669.8,250702
2021-05-25 09:42:14,669.8,250717
2021-05-25 09:42:17,670.0,250991
2021-05-25 09:42:20,670.0,251061
2021-05-25 09:42:23,670.0,251066
2021-05-25 09:42:27,670.0,251066
2021-05-25 09:42:30,670.0,251076
2021-05-25 09:42:33,670.0,251196
2021-05-25 09:42:36,670.0,251317
2021-05-25 09:42:39,669.8,251418
2021-05-25 09:42:42,670.0,252231
2021-05-25 09:42:45,670.0,252231
2021-05-25 09:42:48,670.0,252316
2021-05-25 09:42:51,670.0,252339
2021-05-25 09:42:54,670.0,252364
2021-05-25 09:42:57,670.0,252457
2021-05-25 09:43:00,670.0,252501
2021-05-25 09:43:04,670.0,253649
2021-05-25 09:43:07,669.85,253729
2021-05-25 09:43:10,670.0,253764
2021-05-25 09:43:14,669.85,253804
2021-05-25 09:43:17,670.2,259134
2021-05-25 09:43:20,670.2,259134
2021-05-25 09:43:23,670.25,259363
2021-05-25 09:43:28,670.15,259505
2021-05-25 09:43:34,670.25,259666
2021-05-25 09:43:37,670.25,259686
2021-05-25 09:43:40,670.25,259686
2021-05-25 09:43:43,670.25,259718
2021-05-25 09:43:46,670.1,260886
2021-05-25 09:43:49,670.25,260960
2021-05-25 09:43:53,670.25,260960
2021-05-25 09:43:56,670.25,261275
2021-05-25 09:43:59,670.15,261347
2021-05-25 09:44:02,670.15,262230
2021-05-25 09:44:04,670.25,262235
2021-05-25 09:44:10,670.25,262276
2021-05-25 09:44:12,670.45,262469
2021-05-25 09:44:15,670.45,262469
2021-05-25 09:44:21,670.4,262629
2021-05-25 09:44:24,670.25,262936
2021-05-25 09:44:27,670.25,262936
2021-05-25 09:44:30,670.45,262952
2021-05-25 09:44:33,670.6,264298
2021-05-25 09:44:36,670.65,264577
2021-05-25 09:44:39,670.7,264611
2021-05-25 09:44:42,670.7,264871
2021-05-25 09:44:45,670.7,265024
2021-05-25 09:44:48,670.7,265350
2021-05-25 09:44:51,670.7,265808
2021-05-25 09:44:54,670.8,266469
2021-05-25 09:44:57,670.8,267277
2021-05-25 09:45:00,670.75,267287
2021-05-25 09:45:03,670.7,268504
2021-05-25 09:45:06,670.7,268560
2021-05-25 09:45:09,670.45,270781
2021-05-25 09:45:13,670.3,271126
2021-05-25 09:45:16,670.0,271229
2021-05-25 09:45:22,670.0,271515
2021-05-25 09:45:28,670.3,271535
2021-05-25 09:45:32,670.0,271678
2021-05-25 09:45:35,670.0,271678
2021-05-25 09:45:37,670.0,271678
2021-05-25 09:45:40,670.0,271708
2021-05-25 09:45:43,670.0,271708
2021-05-25 09:45:46,670.1,271806
2021-05-25 09:45:49,670.0,272993
2021-05-25 09:45:52,670.1,273030
2021-05-25 09:45:55,670.1,273030
2021-05-25 09:45:58,670.1,273050
2021-05-25 09:46:00,670.1,273162
2021-05-25 09:46:07,670.0,273531
2021-05-25 09:46:09,670.1,273741
2021-05-25 09:46:12,670.1,273891
2021-05-25 09:46:15,670.1,273899
2021-05-25 09:46:18,670.1,274003
2021-05-25 09:46:21,670.0,274203
2021-05-25 09:46:24,670.1,274204
2021-05-25 09:46:26,670.0,274224
2021-05-25 09:46:29,670.1,278843
2021-05-25 09:46:32,670.0,278886
2021-05-25 09:46:38,670.1,278890
2021-05-25 09:46:40,670.1,279023
2021-05-25 09:46:44,670.1,279023
2021-05-25 09:46:47,670.1,279990
2021-05-25 09:46:50,670.1,280060
2021-05-25 09:46:52,670.2,280062
2021-05-25 09:46:55,670.2,280082
2021-05-25 09:46:58,670.2,280082
2021-05-25 09:47:01,670.15,280615
2021-05-25 09:47:04,670.15,280615
2021-05-25 09:47:10,670.1,280670
2021-05-25 09:47:13,670.3,280691
2021-05-25 09:47:17,670.35,282217
2021-05-25 09:47:20,670.45,284410
2021-05-25 09:47:23,670.45,284412
2021-05-25 09:47:26,670.3,284530
2021-05-25 09:47:30,670.3,284530
2021-05-25 09:47:33,670.7,286320
2021-05-25 09:47:36,670.6,286409
2021-05-25 09:47:39,670.45,286716
2021-05-25 09:47:43,670.6,286816
2021-05-25 09:47:46,670.7,286919
2021-05-25 09:47:49,670.55,286973
2021-05-25 09:47:52,670.0,288054
2021-05-25 09:47:55,670.3,288164
2021-05-25 09:47:58,670.4,288194
2021-05-25 09:48:01,670.4,288194
2021-05-25 09:48:04,670.2,288275
2021-05-25 09:48:07,670.1,288280
2021-05-25 09:48:10,670.1,288285
2021-05-25 09:48:13,670.25,289410
2021-05-25 09:48:20,670.15,289482
2021-05-25 09:48:23,670.15,289482
2021-05-25 09:48:26,670.15,289482
2021-05-25 09:48:29,670.25,289542
2021-05-25 09:48:32,670.15,289585
2021-05-25 09:48:34,670.25,289593
2021-05-25 09:48:38,670.6,290493
2021-05-25 09:48:41,670.4,290689
2021-05-25 09:48:44,670.75,290694
2021-05-25 09:48:46,670.4,290737
2021-05-25 09:48:49,670.6,290787
2021-05-25 09:48:52,670.6,290827
2021-05-25 09:48:58,670.5,290837
2021-05-25 09:49:01,670.55,290890
2021-05-25 09:49:04,670.55,290890
2021-05-25 09:49:07,670.6,290900
2021-05-25 09:49:10,670.6,291311
2021-05-25 09:49:12,670.6,291311
2021-05-25 09:49:16,670.55,291354
2021-05-25 09:49:19,670.55,291413
2021-05-25 09:49:24,670.6,291439
2021-05-25 09:49:27,670.6,291512
2021-05-25 09:49:30,670.6,291512
2021-05-25 09:49:33,670.4,291917
2021-05-25 09:49:39,670.0,292716
2021-05-25 09:49:41,670.15,292741
2021-05-25 09:49:44,670.15,292753
2021-05-25 09:49:47,670.0,292836
2021-05-25 09:49:50,670.15,292902
2021-05-25 09:49:52,670.0,292917
2021-05-25 09:49:55,670.0,293038
2021-05-25 09:49:58,670.0,293038
2021-05-25 09:50:01,669.9,293183
2021-05-25 09:50:04,669.9,293226
2021-05-25 09:50:07,669.9,293226
2021-05-25 09:50:10,670.05,293228
2021-05-25 09:50:12,670.05,293228
2021-05-25 09:50:15,670.05,293427
2021-05-25 09:50:18,669.9,293545
2021-05-25 09:50:21,669.8,293776
2021-05-25 09:50:24,670.0,293871
2021-05-25 09:50:27,670.0,293871
2021-05-25 09:50:30,670.0,294122
2021-05-25 09:50:36,669.8,294184
2021-05-25 09:50:38,669.9,294259
2021-05-25 09:50:41,669.9,294269
2021-05-25 09:50:44,669.9,294269
2021-05-25 09:50:47,669.8,294353
2021-05-25 09:50:50,669.9,294453
2021-05-25 09:50:53,669.9,294886
2021-05-25 09:50:56,670.0,294901
2021-05-25 09:50:59,670.0,294901
2021-05-25 09:51:02,669.9,294944
2021-05-25 09:51:05,669.9,294959
2021-05-25 09:51:08,670.0,296013
2021-05-25 09:51:11,670.0,296152
2021-05-25 09:51:14,669.8,296172
2021-05-25 09:51:17,670.0,296513
2021-05-25 09:51:20,670.0,296513
2021-05-25 09:51:23,670.0,296523
2021-05-25 09:51:26,669.9,297154
2021-05-25 09:51:29,669.9,297190
2021-05-25 09:51:31,669.7,297364
2021-05-25 09:51:34,669.9,297368
2021-05-25 09:51:40,669.9,297469
2021-05-25 09:51:42,669.9,297469
2021-05-25 09:51:48,669.8,297516
2021-05-25 09:51:51,669.8,297792
2021-05-25 09:51:54,669.7,297842
2021-05-25 09:51:58,669.7,297842
2021-05-25 09:52:01,669.8,297872
2021-05-25 09:52:04,669.8,297931
2021-05-25 09:52:07,669.8,297941
2021-05-25 09:52:11,669.8,297976
2021-05-25 09:52:17,669.7,298482
2021-05-25 09:52:20,669.7,298482
2021-05-25 09:52:23,669.7,298596
2021-05-25 09:52:26,670.0,299048
2021-05-25 09:52:29,670.0,299148
2021-05-25 09:52:32,669.95,299192
2021-05-25 09:52:35,669.95,299250
2021-05-25 09:52:38,669.9,299270
2021-05-25 09:52:43,669.9,299302
2021-05-25 09:52:46,669.7,299346
2021-05-25 09:52:49,669.9,299434
2021-05-25 09:52:52,669.7,299534
2021-05-25 09:52:55,669.9,299537
2021-05-25 09:52:58,669.9,299540
2021-05-25 09:53:00,669.9,299790
2021-05-25 09:53:03,669.7,299974
2021-05-25 09:53:06,669.7,299979
2021-05-25 09:53:09,669.65,300284
2021-05-25 09:53:11,669.7,300376
2021-05-25 09:53:17,669.65,300479
2021-05-25 09:53:20,669.7,300509
2021-05-25 09:53:23,669.7,300511
2021-05-25 09:53:26,669.75,300795
2021-05-25 09:53:29,669.9,300895
2021-05-25 09:53:32,669.95,300964
2021-05-25 09:53:35,669.75,301014
2021-05-25 09:53:41,669.9,301115
2021-05-25 09:53:44,669.9,301246
2021-05-25 09:53:46,669.8,301819
2021-05-25 09:53:49,669.9,301894
2021-05-25 09:53:52,669.9,301895
2021-05-25 09:53:54,670.0,301911
2021-05-25 09:53:57,670.0,301922
2021-05-25 09:54:00,670.0,301922
2021-05-25 09:54:03,669.9,302058
2021-05-25 09:54:06,669.95,302095
2021-05-25 09:54:09,669.95,302673
2021-05-25 09:54:12,669.75,302689
2021-05-25 09:54:15,669.75,302689
2021-05-25 09:54:17,669.95,302878
2021-05-25 09:54:21,669.75,302892
2021-05-25 09:54:23,669.75,302892
2021-05-25 09:54:26,669.9,302942
2021-05-25 09:54:29,669.9,302942
2021-05-25 09:54:32,669.75,302986
2021-05-25 09:54:35,669.65,303574
2021-05-25 09:54:40,669.6,303644
2021-05-25 09:54:43,669.65,303647
2021-05-25 09:54:45,669.65,303749
2021-05-25 09:54:48,669.65,303865
2021-05-25 09:54:51,669.65,303865
2021-05-25 09:54:55,669.6,304351
2021-05-25 09:54:58,669.6,304351
2021-05-25 09:55:01,669.65,304476
2021-05-25 09:55:04,669.65,304521
2021-05-25 09:55:07,669.65,304916
2021-05-25 09:55:10,669.65,304938
2021-05-25 09:55:13,669.6,305431
2021-05-25 09:55:16,669.65,305449
2021-05-25 09:55:18,669.55,305642
2021-05-25 09:55:21,669.55,305642
2021-05-25 09:55:24,669.6,305998
2021-05-25 09:55:27,669.65,306012
2021-05-25 09:55:30,669.65,306038
2021-05-25 09:55:33,669.55,306269
2021-05-25 09:55:36,669.55,306269
2021-05-25 09:55:44,669.65,306865
2021-05-25 09:55:47,669.3,308089
2021-05-25 09:55:50,669.5,308149
2021-05-25 09:55:52,669.5,308523
2021-05-25 09:55:55,669.5,308574
2021-05-25 09:55:58,669.5,308575
2021-05-25 09:56:01,669.55,309278
2021-05-25 09:56:04,669.55,309346
2021-05-25 09:56:06,669.65,309646
2021-05-25 09:56:12,669.65,309671
2021-05-25 09:56:18,669.55,310463
2021-05-25 09:56:21,669.6,310470
2021-05-25 09:56:27,669.6,311451
2021-05-25 09:56:30,669.9,311556
2021-05-25 09:56:33,669.9,311644
2021-05-25 09:56:36,669.7,311646
2021-05-25 09:56:39,669.7,311658
2021-05-25 09:56:42,669.95,311849
2021-05-25 09:56:45,669.7,311894
2021-05-25 09:56:50,669.95,311952
2021-05-25 09:56:53,669.95,311963
2021-05-25 09:56:56,669.95,311968
2021-05-25 09:56:59,669.95,311979
2021-05-25 09:57:01,669.75,312027
2021-05-25 09:57:04,670.0,312754
2021-05-25 09:57:10,670.0,312884
2021-05-25 09:57:12,669.95,312986
2021-05-25 09:57:16,670.0,313425
2021-05-25 09:57:18,669.95,313750
2021-05-25 09:57:21,670.0,313770
2021-05-25 09:57:24,670.0,313800
2021-05-25 09:57:27,669.95,314612
2021-05-25 09:57:30,669.95,314642
2021-05-25 09:57:33,669.85,314835
2021-05-25 09:57:36,669.95,314845
2021-05-25 09:57:39,669.95,314851
2021-05-25 09:57:41,670.0,314951
2021-05-25 09:57:44,670.0,315035
2021-05-25 09:57:46,670.0,315080
2021-05-25 09:57:49,669.85,315085
2021-05-25 09:57:52,669.85,315085
2021-05-25 09:57:54,670.0,315103
2021-05-25 09:57:57,669.95,315125
2021-05-25 09:58:00,669.95,315150
2021-05-25 09:58:02,670.0,315229
2021-05-25 09:58:05,669.95,315317
2021-05-25 09:58:08,669.85,315624
2021-05-25 09:58:11,669.95,315778
2021-05-25 09:58:14,669.8,315878
2021-05-25 09:58:17,669.65,316843
2021-05-25 09:58:20,669.9,316937
2021-05-25 09:58:23,669.85,316939
2021-05-25 09:58:27,669.85,317009
2021-05-25 09:58:30,669.85,317017
2021-05-25 09:58:33,669.85,317080
2021-05-25 09:58:36,669.85,317080
2021-05-25 09:58:38,669.65,317121
2021-05-25 09:58:41,669.85,317127
2021-05-25 09:58:44,669.8,317151
2021-05-25 09:58:47,669.75,317189
2021-05-25 09:58:50,669.6,317195
2021-05-25 09:58:53,669.75,317257
2021-05-25 09:58:56,669.75,317444
2021-05-25 09:58:58,669.75,317451
2021-05-25 09:59:02,669.6,317496
2021-05-25 09:59:05,669.6,317496
2021-05-25 09:59:08,669.75,317712
2021-05-25 09:59:10,669.65,317753
2021-05-25 09:59:13,669.75,317804
2021-05-25 09:59:16,669.65,317847
2021-05-25 09:59:20,669.75,318033
2021-05-25 09:59:23,669.75,318043
2021-05-25 09:59:26,669.75,318105
2021-05-25 09:59:28,669.6,318115
2021-05-25 09:59:31,669.6,318177
2021-05-25 09:59:34,669.75,318197
2021-05-25 09:59:37,669.6,318303
2021-05-25 09:59:40,669.6,318307
2021-05-25 09:59:43,669.6,318308
2021-05-25 09:59:45,669.6,318308
2021-05-25 09:59:48,669.6,318356
2021-05-25 09:59:51,669.9,318856
2021-05-25 09:59:53,669.9,318856
2021-05-25 09:59:56,669.95,318858
2021-05-25 10:00:03,669.75,319055
2021-05-25 10:00:06,669.95,319081
2021-05-25 10:00:08,670.0,320200
2021-05-25 10:00:11,669.75,320346
2021-05-25 10:00:14,669.75,320387
2021-05-25 10:00:17,669.75,320520
2021-05-25 10:00:21,669.75,320520
2021-05-25 10:00:23,669.65,320722
2021-05-25 10:00:26,669.75,320731
2021-05-25 10:00:29,669.75,320767
2021-05-25 10:00:32,669.75,320842
2021-05-25 10:00:36,669.75,321070
2021-05-25 10:00:39,669.75,321083
2021-05-25 10:00:42,669.75,321088
2021-05-25 10:00:45,669.75,321091
2021-05-25 10:00:48,669.75,321246
2021-05-25 10:00:50,669.65,321346
2021-05-25 10:00:53,669.9,321396
2021-05-25 10:00:56,669.9,321396
2021-05-25 10:00:59,669.95,321410
2021-05-25 10:01:02,669.9,321520
2021-05-25 10:01:07,669.9,321535
2021-05-25 10:01:10,669.9,321535
2021-05-25 10:01:13,670.0,321536
2021-05-25 10:01:16,669.9,322334
2021-05-25 10:01:19,670.0,323352
2021-05-25 10:01:22,670.0,323352
2021-05-25 10:01:25,670.0,323352
2021-05-25 10:01:27,669.9,323357
2021-05-25 10:01:30,669.9,323360
2021-05-25 10:01:33,670.0,323460
2021-05-25 10:01:36,669.7,324362
2021-05-25 10:01:38,669.85,324469
2021-05-25 10:01:40,669.85,324479
2021-05-25 10:01:43,669.85,324489
2021-05-25 10:01:46,669.6,325102
2021-05-25 10:01:48,669.8,325177
2021-05-25 10:01:51,669.8,325352
2021-05-25 10:01:53,669.8,325378
2021-05-25 10:01:56,669.8,325397
2021-05-25 10:01:58,669.8,325455
2021-05-25 10:02:00,669.8,325471
2021-05-25 10:02:03,669.8,325516
2021-05-25 10:02:06,669.8,325544
2021-05-25 10:02:08,669.8,325549
2021-05-25 10:02:11,669.8,325559
2021-05-25 10:02:14,669.8,325559
2021-05-25 10:02:16,669.8,325602
2021-05-25 10:02:19,669.9,325759
2021-05-25 10:02:22,669.9,325759
2021-05-25 10:02:25,669.9,325759
2021-05-25 10:02:28,669.9,325772
2021-05-25 10:02:31,669.8,325773
2021-05-25 10:02:33,669.9,325917
2021-05-25 10:02:36,669.9,325932
2021-05-25 10:02:38,669.85,325938
2021-05-25 10:02:41,669.9,325944
2021-05-25 10:02:43,669.9,325945
2021-05-25 10:02:46,669.85,326004
2021-05-25 10:02:49,669.8,327156
2021-05-25 10:02:51,669.8,327156
2021-05-25 10:02:57,669.8,327272
2021-05-25 10:02:59,669.65,327575
2021-05-25 10:03:02,669.6,327618
2021-05-25 10:03:07,669.95,327749
2021-05-25 10:03:10,669.95,327749
2021-05-25 10:03:12,670.0,327752
2021-05-25 10:03:15,670.0,327752
2021-05-25 10:03:17,670.0,327826
2021-05-25 10:03:20,670.0,327826
2021-05-25 10:03:23,670.0,328110
2021-05-25 10:03:25,670.0,328181
2021-05-25 10:03:28,669.7,328322
2021-05-25 10:03:31,669.7,328322
2021-05-25 10:03:33,670.0,328865
2021-05-25 10:03:36,670.0,328865
2021-05-25 10:03:38,669.95,328879
2021-05-25 10:03:41,669.7,328883
2021-05-25 10:03:44,669.9,328884
2021-05-25 10:03:46,669.85,328929
2021-05-25 10:03:49,669.85,328934
2021-05-25 10:03:52,669.9,328949
2021-05-25 10:03:54,669.9,328974
2021-05-25 10:03:57,669.85,328980
2021-05-25 10:03:59,669.85,328980
2021-05-25 10:04:02,669.85,329049
2021-05-25 10:04:05,669.9,329119
2021-05-25 10:04:10,669.85,329124
2021-05-25 10:04:12,669.9,329161
2021-05-25 10:04:15,669.9,329162
2021-05-25 10:04:18,669.85,329411
2021-05-25 10:04:20,669.85,329411
2021-05-25 10:04:23,669.7,329661
2021-05-25 10:04:26,669.7,329661
2021-05-25 10:04:28,670.0,329766
2021-05-25 10:04:31,669.9,329770
2021-05-25 10:04:33,669.9,329770
2021-05-25 10:04:36,669.75,329805
2021-05-25 10:04:38,669.75,329816
2021-05-25 10:04:41,669.7,329875
2021-05-25 10:04:47,669.75,330083
2021-05-25 10:04:50,669.75,330083
2021-05-25 10:04:52,669.75,330083
2021-05-25 10:04:55,669.75,330083
2021-05-25 10:04:57,669.85,330237
2021-05-25 10:05:00,669.95,330372
2021-05-25 10:05:04,669.9,330545
2021-05-25 10:05:07,669.75,330602
2021-05-25 10:05:09,669.75,330602
2021-05-25 10:05:12,669.95,330737
2021-05-25 10:05:15,669.95,330737
2021-05-25 10:05:18,669.8,330786
2021-05-25 10:05:20,669.9,330809
2021-05-25 10:05:23,669.9,330829
2021-05-25 10:05:26,669.9,330829
2021-05-25 10:05:28,669.9,330991
2021-05-25 10:05:31,669.9,331063
2021-05-25 10:05:36,669.9,331063
2021-05-25 10:05:39,669.95,331319
2021-05-25 10:05:41,669.95,331519
2021-05-25 10:05:44,669.9,332020
2021-05-25 10:05:47,669.9,332310
2021-05-25 10:05:49,669.9,332320
2021-05-25 10:05:52,669.9,332530
2021-05-25 10:05:54,669.95,332545
2021-05-25 10:05:57,669.9,332601
2021-05-25 10:05:59,669.9,332601
2021-05-25 10:06:02,669.8,332769
2021-05-25 10:06:04,669.8,332807
2021-05-25 10:06:07,669.75,332812
2021-05-25 10:06:13,669.8,332862
2021-05-25 10:06:15,669.8,332887
2021-05-25 10:06:18,669.8,332980
2021-05-25 10:06:21,669.8,333001
2021-05-25 10:06:23,669.95,333086
2021-05-25 10:06:26,669.9,333116
2021-05-25 10:06:28,669.8,333327
2021-05-25 10:06:31,669.65,333477
2021-05-25 10:06:36,669.8,333605
2021-05-25 10:06:38,669.8,333681
2021-05-25 10:06:41,669.8,333697
2021-05-25 10:06:43,669.8,333697
2021-05-25 10:06:46,669.6,333900
2021-05-25 10:06:48,669.7,333941
2021-05-25 10:06:51,669.7,333941
2021-05-25 10:06:53,669.7,333941
2021-05-25 10:07:02,669.7,334014
2021-05-25 10:07:04,669.7,334034
2021-05-25 10:07:07,669.7,334039
2021-05-25 10:07:12,669.7,334039
2021-05-25 10:07:14,669.9,334069
2021-05-25 10:07:17,669.7,334207
2021-05-25 10:07:22,669.7,334481
2021-05-25 10:07:24,669.9,334681
2021-05-25 10:07:29,669.7,334686
2021-05-25 10:07:31,669.7,334729
2021-05-25 10:07:33,670.0,335220
2021-05-25 10:07:36,669.85,335221
2021-05-25 10:07:38,669.85,335227
2021-05-25 10:07:40,669.85,335227
2021-05-25 10:07:42,669.85,335378
2021-05-25 10:07:45,670.0,335388
2021-05-25 10:07:48,669.7,335444
2021-05-25 10:07:51,670.0,335535
2021-05-25 10:07:54,670.0,335538
2021-05-25 10:07:56,670.0,335552
2021-05-25 10:07:58,669.9,335555
2021-05-25 10:08:01,669.7,335601
2021-05-25 10:08:03,670.0,335602
2021-05-25 10:08:05,669.7,335759
2021-05-25 10:08:08,669.7,335780
2021-05-25 10:08:13,670.0,335790
2021-05-25 10:08:16,669.75,336033
2021-05-25 10:08:19,669.75,336052
2021-05-25 10:08:21,670.0,336067
2021-05-25 10:08:23,670.0,336080
2021-05-25 10:08:26,670.0,336085
2021-05-25 10:08:28,669.8,338095
2021-05-25 10:08:30,670.0,338211
2021-05-25 10:08:33,669.8,338265
2021-05-25 10:08:35,669.8,338280
2021-05-25 10:08:38,669.8,338287
2021-05-25 10:08:40,670.0,338387
2021-05-25 10:08:42,669.8,338745
2021-05-25 10:08:45,669.8,338814
2021-05-25 10:08:47,669.8,338865
2021-05-25 10:08:50,669.8,338866
2021-05-25 10:08:53,669.95,338916
2021-05-25 10:08:56,669.95,339016
2021-05-25 10:08:58,669.75,339119
2021-05-25 10:09:01,669.7,339171
2021-05-25 10:09:03,669.7,339171
2021-05-25 10:09:06,669.7,339171
2021-05-25 10:09:09,669.7,339176
2021-05-25 10:09:12,669.7,339176
2021-05-25 10:09:15,669.8,339186
2021-05-25 10:09:17,669.7,339235
2021-05-25 10:09:20,669.8,339448
2021-05-25 10:09:25,669.7,339482
2021-05-25 10:09:28,669.7,339497
2021-05-25 10:09:31,669.7,339497
2021-05-25 10:09:34,669.7,339540
2021-05-25 10:09:36,669.7,339540
2021-05-25 10:09:38,669.8,339556
2021-05-25 10:09:41,669.8,339561
2021-05-25 10:09:43,669.8,339583
2021-05-25 10:09:46,669.7,339728
2021-05-25 10:09:51,669.8,339888
2021-05-25 10:09:53,669.8,339953
2021-05-25 10:09:56,669.75,339980
2021-05-25 10:09:58,669.75,339996
2021-05-25 10:10:00,669.7,340000
2021-05-25 10:10:03,669.7,340043
2021-05-25 10:10:05,669.7,340043
2021-05-25 10:10:08,669.75,340365
2021-05-25 10:10:11,669.75,340443
2021-05-25 10:10:16,669.7,340482
2021-05-25 10:10:18,669.7,340736
2021-05-25 10:10:21,669.95,341050
2021-05-25 10:10:23,669.95,341050
2021-05-25 10:10:25,669.95,341050
2021-05-25 10:10:28,669.8,341055
2021-05-25 10:10:30,670.0,341064
2021-05-25 10:10:32,669.85,341364
2021-05-25 10:10:37,669.8,341970
2021-05-25 10:10:40,670.0,341971
2021-05-25 10:10:43,670.0,341971
2021-05-25 10:10:45,670.0,341989
2021-05-25 10:10:48,669.8,342037
2021-05-25 10:10:51,670.0,342097
2021-05-25 10:10:54,670.0,342147
2021-05-25 10:10:56,670.0,342153
2021-05-25 10:10:59,670.0,342259
2021-05-25 10:11:02,670.0,342323
2021-05-25 10:11:04,670.0,342415
2021-05-25 10:11:07,669.85,342431
2021-05-25 10:11:10,670.0,342446
2021-05-25 10:11:12,670.0,342446
2021-05-25 10:11:15,669.85,342461
2021-05-25 10:11:18,669.95,342631
2021-05-25 10:11:20,669.95,342631
2021-05-25 10:11:23,669.85,342845
2021-05-25 10:11:25,669.95,342861
2021-05-25 10:11:28,669.95,342961
2021-05-25 10:11:30,669.95,343041
2021-05-25 10:11:33,669.95,343111
2021-05-25 10:11:35,669.95,343122
2021-05-25 10:11:38,670.0,343194
2021-05-25 10:11:41,670.0,343194
2021-05-25 10:11:43,670.0,343196
2021-05-25 10:11:46,669.95,343324
2021-05-25 10:11:49,669.95,343329
2021-05-25 10:11:51,670.0,343364
2021-05-25 10:11:56,669.95,343465
2021-05-25 10:11:59,669.85,343476
2021-05-25 10:12:01,669.85,343519
2021-05-25 10:12:03,669.85,343519
2021-05-25 10:12:06,669.95,343549
2021-05-25 10:12:08,669.85,343550
2021-05-25 10:12:11,669.85,343675
2021-05-25 10:12:13,669.85,343684
2021-05-25 10:12:15,669.85,343684
2021-05-25 10:12:18,669.85,343775
2021-05-25 10:12:20,669.95,343855
2021-05-25 10:12:22,669.95,343855
2021-05-25 10:12:25,669.95,343855
2021-05-25 10:12:27,669.95,343910
2021-05-25 10:12:30,669.95,343910
2021-05-25 10:12:32,669.85,343953
2021-05-25 10:12:35,669.85,343953
2021-05-25 10:12:37,669.85,343959
2021-05-25 10:12:42,669.95,344185
2021-05-25 10:12:45,669.95,344185
2021-05-25 10:12:50,669.95,344250
2021-05-25 10:12:52,669.95,344250
2021-05-25 10:12:55,669.75,345274
2021-05-25 10:12:57,669.7,345309
2021-05-25 10:13:00,669.7,345309
2021-05-25 10:13:03,669.9,345454
2021-05-25 10:13:05,669.7,345455
2021-05-25 10:13:08,669.7,345463
2021-05-25 10:13:10,669.7,345473
2021-05-25 10:13:13,669.7,345473
2021-05-25 10:13:16,669.7,345678
2021-05-25 10:13:18,669.7,345747
2021-05-25 10:13:21,669.9,345772
2021-05-25 10:13:23,669.9,345772
2021-05-25 10:13:25,669.9,345772
2021-05-25 10:13:28,669.7,345779
2021-05-25 10:13:30,669.9,345789
2021-05-25 10:13:33,669.7,346182
2021-05-25 10:13:35,669.7,346996
2021-05-25 10:13:38,669.9,347023
2021-05-25 10:13:40,669.95,347181
2021-05-25 10:13:42,669.95,347181
2021-05-25 10:13:44,669.7,347269
2021-05-25 10:13:47,669.7,347317
2021-05-25 10:13:49,669.7,347328
2021-05-25 10:13:51,669.9,347338
2021-05-25 10:13:54,670.0,347358
2021-05-25 10:13:58,669.75,347364
2021-05-25 10:14:00,669.95,347589
2021-05-25 10:14:03,669.7,347803
2021-05-25 10:14:05,669.95,347807
2021-05-25 10:14:08,669.7,348312
2021-05-25 10:14:10,669.95,348322
2021-05-25 10:14:12,669.95,348322
2021-05-25 10:14:14,669.95,348322
2021-05-25 10:14:16,669.6,348622
2021-05-25 10:14:19,669.6,348628
2021-05-25 10:14:21,669.6,348676
2021-05-25 10:14:24,669.6,348681
2021-05-25 10:14:26,669.65,348688
2021-05-25 10:14:29,669.65,348718
2021-05-25 10:14:31,669.65,348733
2021-05-25 10:14:33,669.65,348781
2021-05-25 10:14:36,669.65,348781
2021-05-25 10:14:38,669.65,348802
2021-05-25 10:14:40,669.6,348822
2021-05-25 10:14:43,669.65,348847
2021-05-25 10:14:45,669.65,349087
2021-05-25 10:14:47,669.65,349397
2021-05-25 10:14:52,669.85,349413
2021-05-25 10:14:54,669.85,349413
2021-05-25 10:14:56,669.85,349413
2021-05-25 10:14:59,669.85,349425
2021-05-25 10:15:01,669.6,349468
2021-05-25 10:15:03,669.85,349711
2021-05-25 10:15:06,669.65,349739
2021-05-25 10:15:09,669.9,349741
2021-05-25 10:15:12,669.9,349741
2021-05-25 10:15:14,669.9,349741
2021-05-25 10:15:16,669.75,349758
2021-05-25 10:15:19,669.75,349768
2021-05-25 10:15:21,669.9,349808
2021-05-25 10:15:24,669.75,349823
2021-05-25 10:15:27,669.75,349900
2021-05-25 10:15:29,669.75,349900
2021-05-25 10:15:32,669.75,349943
2021-05-25 10:15:34,669.9,349945
2021-05-25 10:15:37,669.9,349945
2021-05-25 10:15:41,669.9,349945
2021-05-25 10:15:44,669.9,349945
2021-05-25 10:15:48,669.9,350009
2021-05-25 10:15:51,669.75,350060
2021-05-25 10:15:53,669.9,350062
2021-05-25 10:15:59,669.75,351262
2021-05-25 10:16:01,669.75,352480
2021-05-25 10:16:04,669.75,352480
2021-05-25 10:16:07,669.75,352480
2021-05-25 10:16:09,669.75,352569
2021-05-25 10:16:11,669.75,352569
2021-05-25 10:16:14,669.8,352579
2021-05-25 10:16:19,669.75,352841
2021-05-25 10:16:24,670.0,356941
2021-05-25 10:16:26,670.0,356947
2021-05-25 10:16:29,670.0,356973
2021-05-25 10:16:31,669.75,357889
2021-05-25 10:16:33,670.0,357949
2021-05-25 10:16:36,670.0,357961
2021-05-25 10:16:38,670.0,358086
2021-05-25 10:16:40,670.0,358121
2021-05-25 10:16:43,669.95,358126
2021-05-25 10:16:45,669.95,358126
2021-05-25 10:16:48,669.9,358219
2021-05-25 10:16:50,669.9,358344
2021-05-25 10:16:53,670.0,358359
2021-05-25 10:16:56,669.75,358463
2021-05-25 10:16:58,669.75,358473
2021-05-25 10:17:01,670.0,358493
2021-05-25 10:17:03,669.9,358536
2021-05-25 10:17:05,669.9,358536
2021-05-25 10:17:08,670.0,358541
2021-05-25 10:17:11,670.0,358552
2021-05-25 10:17:14,669.9,358559
2021-05-25 10:17:16,669.9,358648
2021-05-25 10:17:19,669.9,358792
2021-05-25 10:17:21,669.9,358792
2021-05-25 10:17:24,670.0,358806
2021-05-25 10:17:27,669.9,358917
2021-05-25 10:17:29,669.95,359477
2021-05-25 10:17:31,669.65,359526
2021-05-25 10:17:34,669.8,359550
2021-05-25 10:17:37,669.8,359550
2021-05-25 10:17:39,669.7,359651
2021-05-25 10:17:41,669.7,359761
2021-05-25 10:17:44,670.0,359861
2021-05-25 10:17:47,669.75,359921
2021-05-25 10:17:49,670.0,359922
2021-05-25 10:17:51,669.95,359932
2021-05-25 10:17:54,669.95,359962
2021-05-25 10:17:56,669.95,359962
2021-05-25 10:17:58,669.7,360867
2021-05-25 10:18:00,669.9,360975
2021-05-25 10:18:08,669.8,361188
2021-05-25 10:18:10,669.95,361230
2021-05-25 10:18:14,669.8,361356
2021-05-25 10:18:20,669.9,361479
2021-05-25 10:18:23,669.7,361509
2021-05-25 10:18:27,669.9,362011
2021-05-25 10:18:30,669.9,362013
2021-05-25 10:18:32,669.85,362106
2021-05-25 10:18:34,669.85,362406
2021-05-25 10:18:36,669.85,362413
2021-05-25 10:18:39,669.85,362443
2021-05-25 10:18:42,669.9,362543
2021-05-25 10:18:45,669.9,362543
2021-05-25 10:18:47,669.9,362597
2021-05-25 10:18:50,669.9,362617
2021-05-25 10:18:53,669.9,362617
2021-05-25 10:18:56,669.9,362630
2021-05-25 10:18:59,669.9,362640
2021-05-25 10:19:02,669.7,362713
2021-05-25 10:19:05,669.9,362733
2021-05-25 10:19:08,669.9,362734
2021-05-25 10:19:11,669.9,362734
2021-05-25 10:19:14,669.9,362745
2021-05-25 10:19:19,669.9,362860
2021-05-25 10:19:22,670.0,362960
2021-05-25 10:19:28,669.95,363035
2021-05-25 10:19:31,669.9,363078
2021-05-25 10:19:33,669.9,363085
2021-05-25 10:19:36,669.9,363085
2021-05-25 10:19:39,669.7,363136
2021-05-25 10:19:42,669.85,363150
2021-05-25 10:19:45,669.9,363246
2021-05-25 10:19:48,669.85,363407
2021-05-25 10:19:50,669.9,363642
2021-05-25 10:19:53,669.9,363642
2021-05-25 10:19:56,669.9,363666
2021-05-25 10:19:59,670.0,363669
2021-05-25 10:20:01,669.9,363730
2021-05-25 10:20:04,669.9,363730
2021-05-25 10:20:07,670.0,363740
2021-05-25 10:20:09,670.0,363742
2021-05-25 10:20:11,669.8,364046
2021-05-25 10:20:14,669.95,364047
2021-05-25 10:20:16,669.7,364105
2021-05-25 10:20:19,669.95,364108
2021-05-25 10:20:21,669.9,364143
2021-05-25 10:20:24,669.9,364143
2021-05-25 10:20:26,669.9,364144
2021-05-25 10:20:29,670.0,364367
2021-05-25 10:20:32,670.0,364464
2021-05-25 10:20:35,670.0,364465
2021-05-25 10:20:37,670.0,364469
2021-05-25 10:20:40,670.0,364569
2021-05-25 10:20:42,670.0,364574
2021-05-25 10:20:45,670.0,364574
2021-05-25 10:20:48,669.95,364695
2021-05-25 10:20:50,670.0,364879
2021-05-25 10:20:53,670.0,364904
2021-05-25 10:20:56,670.0,365404
2021-05-25 10:20:58,670.0,365425
2021-05-25 10:21:00,670.0,365426
2021-05-25 10:21:08,669.9,365913
2021-05-25 10:21:13,669.7,367007
2021-05-25 10:21:15,669.95,367034
2021-05-25 10:21:18,669.95,367152
2021-05-25 10:21:20,670.0,367653
2021-05-25 10:21:23,669.9,367708
2021-05-25 10:21:25,670.0,368208
2021-05-25 10:21:28,670.0,368224
2021-05-25 10:21:30,669.9,368246
2021-05-25 10:21:33,670.0,368291
2021-05-25 10:21:35,670.0,368329
2021-05-25 10:21:38,670.0,368333
2021-05-25 10:21:41,669.9,368804
2021-05-25 10:21:43,670.0,368933
2021-05-25 10:21:50,669.7,369003
2021-05-25 10:21:53,669.9,369092
2021-05-25 10:21:55,670.0,369094
2021-05-25 10:21:58,669.95,369254
2021-05-25 10:22:01,669.95,369267
2021-05-25 10:22:03,669.75,369310
2021-05-25 10:22:05,669.75,369310
2021-05-25 10:22:07,669.9,369312
2021-05-25 10:22:10,669.9,369317
2021-05-25 10:22:13,669.9,369475
2021-05-25 10:22:15,669.9,369477
2021-05-25 10:22:18,670.0,370543
2021-05-25 10:22:20,670.0,370543
2021-05-25 10:22:23,669.9,370548
2021-05-25 10:22:25,670.0,370552
2021-05-25 10:22:27,670.0,370552
2021-05-25 10:22:30,670.0,370552
2021-05-25 10:22:32,669.9,370595
2021-05-25 10:22:34,669.9,370595
2021-05-25 10:22:36,669.9,370595
2021-05-25 10:22:38,669.9,370595
2021-05-25 10:22:43,669.9,370598
2021-05-25 10:22:45,669.95,370600
2021-05-25 10:22:47,669.9,370643
2021-05-25 10:22:50,669.9,370643
2021-05-25 10:22:52,669.9,370643
2021-05-25 10:22:55,669.9,370643
2021-05-25 10:22:57,669.9,370679
2021-05-25 10:23:00,669.95,370696
2021-05-25 10:23:02,669.7,370739
2021-05-25 10:23:05,669.95,370748
2021-05-25 10:23:07,669.95,370748
2021-05-25 10:23:10,669.95,370764
2021-05-25 10:23:15,669.95,370826
2021-05-25 10:23:18,669.9,370878
2021-05-25 10:23:20,669.95,370881
2021-05-25 10:23:23,669.9,370886
2021-05-25 10:23:26,669.9,370886
2021-05-25 10:23:28,669.9,370904
2021-05-25 10:23:30,669.9,370904
2021-05-25 10:23:33,669.9,371057
2021-05-25 10:23:36,669.9,371058
2021-05-25 10:23:38,669.9,371067
2021-05-25 10:23:40,669.9,371072
2021-05-25 10:23:43,669.9,371354
2021-05-25 10:23:45,669.9,371427
2021-05-25 10:23:47,669.9,371508
2021-05-25 10:23:50,669.9,371540
2021-05-25 10:23:52,669.7,371746
2021-05-25 10:23:55,669.9,371751
2021-05-25 10:23:57,669.9,371801
2021-05-25 10:23:59,669.9,371860
2021-05-25 10:24:02,669.9,371918
2021-05-25 10:24:04,669.9,372169
2021-05-25 10:24:07,669.9,372184
2021-05-25 10:24:12,669.9,372233
2021-05-25 10:24:15,669.9,372240
2021-05-25 10:24:17,669.9,372284
2021-05-25 10:24:20,669.9,372291
2021-05-25 10:24:22,669.9,372291
2021-05-25 10:24:24,669.9,372386
2021-05-25 10:24:27,669.9,372388
2021-05-25 10:24:29,669.7,372502
2021-05-25 10:24:34,669.9,372709
2021-05-25 10:24:36,669.9,372709
2021-05-25 10:24:39,669.9,372721
2021-05-25 10:24:43,669.9,372726
2021-05-25 10:24:45,669.75,372819
2021-05-25 10:24:48,669.9,372868
2021-05-25 10:24:50,669.9,372868
2021-05-25 10:24:52,669.9,372869
2021-05-25 10:24:55,670.15,395041
2021-05-25 10:24:57,670.1,395143
2021-05-25 10:25:00,670.1,395591
2021-05-25 10:25:02,670.0,395634
2021-05-25 10:25:05,670.1,395672
2021-05-25 10:25:07,670.1,395759
2021-05-25 10:25:10,670.1,395868
2021-05-25 10:25:13,670.5,400188
2021-05-25 10:25:15,670.5,400390
2021-05-25 10:25:18,670.5,400442
2021-05-25 10:25:21,670.5,400756
2021-05-25 10:25:24,670.7,402044
2021-05-25 10:25:26,670.75,402094
2021-05-25 10:25:31,670.85,403516
2021-05-25 10:25:34,670.95,403807
2021-05-25 10:25:37,670.95,407910
2021-05-25 10:25:39,670.95,407934
2021-05-25 10:25:42,670.95,408004
2021-05-25 10:25:44,670.8,408164
2021-05-25 10:25:47,670.8,408259
2021-05-25 10:25:50,670.8,409296
2021-05-25 10:25:53,670.75,409551
2021-05-25 10:25:56,670.75,409669
2021-05-25 10:25:59,670.75,409669
2021-05-25 10:26:02,670.75,409734
2021-05-25 10:26:04,670.75,409765
2021-05-25 10:26:07,670.75,410145
2021-05-25 10:26:09,670.75,410248
2021-05-25 10:26:12,670.75,410250
2021-05-25 10:26:14,670.75,410265
2021-05-25 10:26:20,670.65,410411
2021-05-25 10:26:22,670.7,410612
2021-05-25 10:26:24,670.7,410762
2021-05-25 10:26:27,670.7,410763
2021-05-25 10:26:29,670.7,410834
2021-05-25 10:26:34,670.65,411197
2021-05-25 10:26:37,670.7,411202
2021-05-25 10:26:39,670.7,411351
2021-05-25 10:26:44,670.7,411495
2021-05-25 10:26:47,670.6,411673
2021-05-25 10:26:50,670.7,411830
2021-05-25 10:26:52,670.7,412568
2021-05-25 10:26:55,670.75,412610
2021-05-25 10:26:57,670.75,412610
2021-05-25 10:27:03,670.8,412836
2021-05-25 10:27:05,670.95,413315
2021-05-25 10:27:08,670.75,413322
2021-05-25 10:27:10,670.95,413522
2021-05-25 10:27:12,670.95,413552
2021-05-25 10:27:15,670.95,413552
2021-05-25 10:27:17,670.95,413609
2021-05-25 10:27:19,670.95,413864
2021-05-25 10:27:21,670.95,413879
2021-05-25 10:27:23,670.85,413889
2021-05-25 10:27:26,670.95,414070
2021-05-25 10:27:28,670.9,414196
2021-05-25 10:27:31,670.95,414199
2021-05-25 10:27:34,670.95,414353
2021-05-25 10:27:36,670.95,414363
2021-05-25 10:27:39,670.85,414367
2021-05-25 10:27:41,670.95,414498
2021-05-25 10:27:46,670.85,414715
2021-05-25 10:27:49,670.9,414756
2021-05-25 10:27:52,670.85,414793
2021-05-25 10:27:54,670.85,414808
2021-05-25 10:27:57,670.85,414827
2021-05-25 10:28:01,670.8,415813
2021-05-25 10:28:03,670.55,416147
2021-05-25 10:28:06,670.55,417147
2021-05-25 10:28:09,670.55,417356
2021-05-25 10:28:11,670.55,417538
2021-05-25 10:28:14,670.55,417539
2021-05-25 10:28:17,670.5,418532
2021-05-25 10:28:20,670.55,418877
2021-05-25 10:28:22,670.8,418954
2021-05-25 10:28:25,670.8,419054
2021-05-25 10:28:27,670.4,419079
2021-05-25 10:28:30,670.8,419181
2021-05-25 10:28:32,670.8,419227
2021-05-25 10:28:34,670.8,419227
2021-05-25 10:28:40,670.8,419317
2021-05-25 10:28:42,670.8,419317
2021-05-25 10:28:44,670.75,419411
2021-05-25 10:28:46,670.45,419509
2021-05-25 10:28:48,670.75,419516
2021-05-25 10:28:52,670.75,419529
2021-05-25 10:28:55,670.75,419549
2021-05-25 10:28:57,670.75,419635
2021-05-25 10:28:59,670.75,419735
2021-05-25 10:29:02,670.6,419778
2021-05-25 10:29:04,670.75,419864
2021-05-25 10:29:06,670.75,419864
2021-05-25 10:29:09,670.75,419864
2021-05-25 10:29:11,670.75,419887
2021-05-25 10:29:15,670.75,419897
2021-05-25 10:29:18,670.75,419968
2021-05-25 10:29:20,670.75,420020
2021-05-25 10:29:25,670.85,423134
2021-05-25 10:29:27,670.85,423136
2021-05-25 10:29:31,670.75,423284
2021-05-25 10:29:35,670.85,423463
2021-05-25 10:29:38,670.85,423823
2021-05-25 10:29:40,670.85,423823
2021-05-25 10:29:43,670.85,423828
2021-05-25 10:29:45,670.8,428118
2021-05-25 10:29:47,671.0,428164
2021-05-25 10:29:49,671.0,428164
2021-05-25 10:29:52,671.0,428189
2021-05-25 10:29:55,671.0,428244
2021-05-25 10:29:57,671.0,428308
2021-05-25 10:30:00,670.85,428323
2021-05-25 10:30:03,670.75,428901
2021-05-25 10:30:05,670.85,428904
2021-05-25 10:30:07,670.85,428906
2021-05-25 10:30:10,670.75,428920
2021-05-25 10:30:12,670.75,428934
2021-05-25 10:30:15,670.85,429035
2021-05-25 10:30:18,670.85,429178
2021-05-25 10:30:20,670.85,429203
2021-05-25 10:30:22,670.85,429211
2021-05-25 10:30:25,670.85,429213
2021-05-25 10:30:27,670.85,429241
2021-05-25 10:30:30,670.75,429261
2021-05-25 10:30:32,670.8,429780
2021-05-25 10:30:35,670.8,429805
2021-05-25 10:30:37,670.8,429805
2021-05-25 10:30:43,670.8,429956
2021-05-25 10:30:45,670.8,430499
2021-05-25 10:30:48,670.8,430552
2021-05-25 10:30:50,670.8,430569
2021-05-25 10:30:57,670.8,430621
2021-05-25 10:30:59,670.65,430668
2021-05-25 10:31:01,670.5,431202
2021-05-25 10:31:03,670.75,431205
2021-05-25 10:31:05,670.75,431205
2021-05-25 10:31:08,670.75,431205
2021-05-25 10:31:10,670.75,431467
2021-05-25 10:31:12,670.75,431743
2021-05-25 10:31:14,670.65,431862
2021-05-25 10:31:17,670.65,433411
2021-05-25 10:31:19,670.65,433436
2021-05-25 10:31:21,670.65,433436
2021-05-25 10:31:23,670.65,433441
2021-05-25 10:31:26,670.65,433596
2021-05-25 10:31:28,670.65,433686
2021-05-25 10:31:30,670.8,434457
2021-05-25 10:31:33,670.4,434500
2021-05-25 10:31:35,670.65,434511
2021-05-25 10:31:38,670.65,434511
2021-05-25 10:31:39,670.8,434516
2021-05-25 10:31:42,670.8,434517
2021-05-25 10:31:44,670.75,434618
2021-05-25 10:31:46,670.65,434662
2021-05-25 10:31:51,670.75,434689
2021-05-25 10:31:54,670.75,435678
2021-05-25 10:31:57,670.65,436682
2021-05-25 10:32:01,670.75,436826
2021-05-25 10:32:03,670.8,436936
2021-05-25 10:32:06,670.8,436989
2021-05-25 10:32:08,670.8,436989
2021-05-25 10:32:10,670.5,437440
2021-05-25 10:32:12,670.5,437440
2021-05-25 10:32:15,670.5,437440
2021-05-25 10:32:17,670.8,437652
2021-05-25 10:32:19,670.8,437752
2021-05-25 10:32:24,670.8,437752
2021-05-25 10:32:26,670.65,437762
2021-05-25 10:32:28,670.8,437766
2021-05-25 10:32:31,670.8,437767
2021-05-25 10:32:33,670.5,437810
2021-05-25 10:32:35,670.75,437814
2021-05-25 10:32:37,670.5,437907
2021-05-25 10:32:39,670.75,437908
2021-05-25 10:32:42,670.75,437908
2021-05-25 10:32:44,670.75,437908
2021-05-25 10:32:47,670.45,437918
2021-05-25 10:32:49,670.45,437918
2021-05-25 10:32:52,670.5,437919
2021-05-25 10:32:54,670.4,443196
2021-05-25 10:32:57,670.45,443226
2021-05-25 10:32:59,670.35,446652
2021-05-25 10:33:01,670.15,446695
2021-05-25 10:33:06,670.25,446733
2021-05-25 10:33:08,670.25,446733
2021-05-25 10:33:11,670.25,446733
2021-05-25 10:33:15,670.35,446736
2021-05-25 10:33:17,670.15,447056
2021-05-25 10:33:20,670.05,447179
2021-05-25 10:33:22,670.0,447278
2021-05-25 10:33:27,670.05,447442
2021-05-25 10:33:29,670.0,447629
2021-05-25 10:33:32,670.05,447687
2021-05-25 10:33:34,670.05,447738
2021-05-25 10:33:36,670.35,450739
2021-05-25 10:33:38,670.35,450768
2021-05-25 10:33:40,670.05,451018
2021-05-25 10:33:42,670.35,451023
2021-05-25 10:33:44,670.35,451023
2021-05-25 10:33:47,670.2,451033
2021-05-25 10:33:49,670.1,451067
2021-05-25 10:33:51,670.1,451067
2021-05-25 10:33:55,670.05,451068
2021-05-25 10:33:57,670.05,451068
2021-05-25 10:33:59,670.25,451095
2021-05-25 10:34:01,670.25,451163
2021-05-25 10:34:03,670.25,451166
2021-05-25 10:34:05,670.3,451176
2021-05-25 10:34:08,670.3,451281
2021-05-25 10:34:10,670.3,451281
2021-05-25 10:34:12,670.2,451381
2021-05-25 10:34:15,670.2,451381
2021-05-25 10:34:18,670.1,451424
2021-05-25 10:34:20,670.3,451444
2021-05-25 10:34:22,670.1,451484
2021-05-25 10:34:24,670.3,451864
2021-05-25 10:34:27,670.3,451864
2021-05-25 10:34:29,670.1,451965
2021-05-25 10:34:32,670.3,452108
2021-05-25 10:34:34,670.3,452109
2021-05-25 10:34:37,670.05,453571
2021-05-25 10:34:39,670.25,453676
2021-05-25 10:34:41,670.25,453726
2021-05-25 10:34:44,670.1,453781
2021-05-25 10:34:46,670.0,453833
2021-05-25 10:34:48,670.05,453879
2021-05-25 10:34:51,670.05,453904
2021-05-25 10:34:55,670.05,453939
2021-05-25 10:35:00,670.05,454050
2021-05-25 10:35:03,670.05,454103
2021-05-25 10:35:06,670.05,454470
2021-05-25 10:35:08,670.05,454677
2021-05-25 10:35:10,670.05,455030
2021-05-25 10:35:12,670.05,455030
2021-05-25 10:35:14,670.05,455030
2021-05-25 10:35:16,669.9,456345
2021-05-25 10:35:19,669.9,456351
2021-05-25 10:35:21,669.8,456409
2021-05-25 10:35:23,669.8,456409
2021-05-25 10:35:25,669.8,456412
2021-05-25 10:35:28,669.75,456438
2021-05-25 10:35:30,669.8,456558
2021-05-25 10:35:32,669.75,456678
2021-05-25 10:35:35,669.8,456706
2021-05-25 10:35:40,669.75,458795
2021-05-25 10:35:42,670.05,458842
2021-05-25 10:35:44,670.05,459228
2021-05-25 10:35:46,669.85,459242
2021-05-25 10:35:49,669.85,459244
2021-05-25 10:35:51,669.8,459272
2021-05-25 10:35:54,670.05,459322
2021-05-25 10:35:56,670.05,459322
2021-05-25 10:35:59,669.75,459422
2021-05-25 10:36:01,669.75,459465
2021-05-25 10:36:04,670.05,459491
2021-05-25 10:36:06,669.8,459501
2021-05-25 10:36:09,669.8,459516
2021-05-25 10:36:11,669.8,459623
2021-05-25 10:36:13,669.8,459623
2021-05-25 10:36:15,669.8,459893
2021-05-25 10:36:18,669.75,459936
2021-05-25 10:36:20,669.75,459936
2021-05-25 10:36:22,669.75,459937
2021-05-25 10:36:24,669.8,459949
2021-05-25 10:36:26,669.8,459952
2021-05-25 10:36:29,669.75,459971
2021-05-25 10:36:31,669.8,459974
2021-05-25 10:36:33,669.8,460028
2021-05-25 10:36:35,669.8,460138
2021-05-25 10:36:37,669.8,460138
2021-05-25 10:36:41,669.8,460138
2021-05-25 10:36:43,670.0,460153
2021-05-25 10:36:46,669.75,460375
2021-05-25 10:36:48,669.8,460376
2021-05-25 10:36:50,669.8,460389
2021-05-25 10:36:52,669.8,460397
2021-05-25 10:36:53,669.8,460397
2021-05-25 10:36:55,669.8,460400
2021-05-25 10:36:58,669.8,460507
2021-05-25 10:37:00,669.8,460574
2021-05-25 10:37:02,670.05,461067
2021-05-25 10:37:06,670.05,461067
2021-05-25 10:37:08,669.9,461071
2021-05-25 10:37:10,670.05,461079
2021-05-25 10:37:12,669.9,461088
2021-05-25 10:37:15,669.9,461088
2021-05-25 10:37:18,669.9,461131
2021-05-25 10:37:20,670.0,461142
2021-05-25 10:37:23,670.05,462578
2021-05-25 10:37:26,670.0,462599
2021-05-25 10:37:28,670.0,462599
2021-05-25 10:37:30,670.0,462600
2021-05-25 10:37:32,669.9,462651
2021-05-25 10:37:34,669.9,462651
2021-05-25 10:37:36,669.9,462651
2021-05-25 10:37:39,670.0,462751
2021-05-25 10:37:41,670.0,462751
2021-05-25 10:37:43,670.0,462766
2021-05-25 10:37:46,670.0,462925
2021-05-25 10:37:48,669.9,462968
2021-05-25 10:37:50,670.05,462969
2021-05-25 10:37:53,670.05,462974
2021-05-25 10:37:58,670.05,463181
2021-05-25 10:38:00,670.05,463181
2021-05-25 10:38:02,669.9,463224
2021-05-25 10:38:05,670.0,463284
2021-05-25 10:38:07,670.0,463284
2021-05-25 10:38:09,670.0,463298
2021-05-25 10:38:11,670.0,463305
2021-05-25 10:38:13,670.0,463306
2021-05-25 10:38:16,670.0,463306
2021-05-25 10:38:18,669.9,463369
2021-05-25 10:38:20,670.0,463372
2021-05-25 10:38:22,670.0,463397
2021-05-25 10:38:24,670.0,463469
2021-05-25 10:38:26,670.0,463489
2021-05-25 10:38:27,670.0,463490
2021-05-25 10:38:29,670.0,463578
2021-05-25 10:38:31,670.0,463647
2021-05-25 10:38:34,670.0,463647
2021-05-25 10:38:36,670.0,463647
2021-05-25 10:38:38,670.05,463649
2021-05-25 10:38:40,670.0,463705
2021-05-25 10:38:42,670.0,463738
2021-05-25 10:38:44,670.05,463765
2021-05-25 10:38:46,670.0,463809
2021-05-25 10:38:48,670.0,463809
2021-05-25 10:38:52,670.0,463897
2021-05-25 10:38:54,670.0,463897
2021-05-25 10:38:57,670.05,463963
2021-05-25 10:38:59,670.0,464132
2021-05-25 10:39:01,669.95,465132
2021-05-25 10:39:02,670.0,465189
2021-05-25 10:39:05,670.0,465192
2021-05-25 10:39:07,670.0,465202
2021-05-25 10:39:09,670.0,465202
2021-05-25 10:39:11,670.0,465263
2021-05-25 10:39:16,670.0,465303
2021-05-25 10:39:18,670.0,465348
2021-05-25 10:39:20,670.0,465348
2021-05-25 10:39:22,670.0,465351
2021-05-25 10:39:25,670.0,465361
2021-05-25 10:39:27,670.0,465361
2021-05-25 10:39:29,670.0,465371
2021-05-25 10:39:31,669.95,465421
2021-05-25 10:39:36,670.0,465426
2021-05-25 10:39:39,670.0,465427
2021-05-25 10:39:41,670.0,465427
2021-05-25 10:39:43,670.0,465437
2021-05-25 10:39:46,670.0,465440
2021-05-25 10:39:48,670.0,465492
2021-05-25 10:39:50,670.0,465496
2021-05-25 10:39:52,670.0,465507
2021-05-25 10:39:54,670.0,465507
2021-05-25 10:39:57,669.95,465912
2021-05-25 10:39:59,669.95,465912
2021-05-25 10:40:01,669.8,466563
2021-05-25 10:40:03,669.5,469413
2021-05-25 10:40:05,669.55,469423
2021-05-25 10:40:09,669.55,469424
2021-05-25 10:40:11,669.55,469472
2021-05-25 10:40:13,669.5,469995
2021-05-25 10:40:15,669.5,469995
2021-05-25 10:40:17,669.5,470313
2021-05-25 10:40:19,669.75,471097
2021-05-25 10:40:21,669.75,471097
2021-05-25 10:40:24,669.75,471097
2021-05-25 10:40:26,669.75,471097
2021-05-25 10:40:28,669.75,471097
2021-05-25 10:40:31,669.8,471110
2021-05-25 10:40:33,669.65,471128
2021-05-25 10:40:35,669.6,472098
2021-05-25 10:40:37,669.6,472098
2021-05-25 10:40:39,669.6,472098
2021-05-25 10:40:41,669.6,472098
2021-05-25 10:40:43,669.6,472098
2021-05-25 10:40:45,669.9,472100
2021-05-25 10:40:47,669.9,472148
2021-05-25 10:40:49,669.9,472148
2021-05-25 10:40:51,669.9,472148
2021-05-25 10:40:53,669.9,472149
2021-05-25 10:40:55,669.9,472159
2021-05-25 10:40:57,669.9,472167
2021-05-25 10:40:59,669.9,472192
2021-05-25 10:41:02,669.7,472235
2021-05-25 10:41:04,669.9,472256
2021-05-25 10:41:06,669.75,472314
2021-05-25 10:41:08,669.9,472319
2021-05-25 10:41:10,669.5,473319
2021-05-25 10:41:12,669.5,473366
2021-05-25 10:41:15,669.85,473476
2021-05-25 10:41:17,669.55,473519
2021-05-25 10:41:19,669.55,473519
2021-05-25 10:41:21,669.55,473519
2021-05-25 10:41:24,669.85,473529
2021-05-25 10:41:26,669.85,473534
2021-05-25 10:41:27,669.85,473534
2021-05-25 10:41:29,669.85,473541
2021-05-25 10:41:31,669.7,473579
2021-05-25 10:41:35,669.8,473749
2021-05-25 10:41:38,669.8,473755
2021-05-25 10:41:40,669.8,473770
2021-05-25 10:41:42,669.8,473770
2021-05-25 10:41:44,669.85,473780
2021-05-25 10:41:46,669.7,473832
2021-05-25 10:41:48,669.7,473832
2021-05-25 10:41:51,669.7,473832
2021-05-25 10:41:53,669.65,473841
2021-05-25 10:41:55,669.65,473842
2021-05-25 10:41:57,669.6,473853
2021-05-25 10:41:59,669.65,473963
2021-05-25 10:42:02,669.55,474008
2021-05-25 10:42:04,669.65,474074
2021-05-25 10:42:07,669.65,474074
2021-05-25 10:42:08,669.65,474074
2021-05-25 10:42:11,669.65,474108
2021-05-25 10:42:13,669.65,474188
2021-05-25 10:42:15,669.65,474188
2021-05-25 10:42:18,669.65,474240
2021-05-25 10:42:20,669.65,474240
2021-05-25 10:42:22,669.65,474240
2021-05-25 10:42:24,669.55,474440
2021-05-25 10:42:27,669.65,474450
2021-05-25 10:42:30,669.65,474452
2021-05-25 10:42:32,669.6,474513
2021-05-25 10:42:34,669.6,474553
2021-05-25 10:42:36,669.6,474553
2021-05-25 10:42:38,669.6,474553
2021-05-25 10:42:40,669.6,474553
2021-05-25 10:42:42,669.6,474553
2021-05-25 10:42:44,669.6,474553
2021-05-25 10:42:49,669.55,474637
2021-05-25 10:42:51,669.55,474787
2021-05-25 10:42:53,669.65,474788
2021-05-25 10:42:55,669.65,474788
2021-05-25 10:42:57,669.65,474821
2021-05-25 10:42:59,669.65,476432
2021-05-25 10:43:01,669.5,476475
2021-05-25 10:43:04,669.5,476475
2021-05-25 10:43:06,669.6,476478
2021-05-25 10:43:08,669.65,476487
2021-05-25 10:43:10,669.65,476487
2021-05-25 10:43:12,669.65,476487
2021-05-25 10:43:15,669.6,476489
2021-05-25 10:43:17,669.6,476622
2021-05-25 10:43:19,669.6,476622
2021-05-25 10:43:21,669.6,476685
2021-05-25 10:43:23,669.6,476698
2021-05-25 10:43:26,669.6,476713
2021-05-25 10:43:30,669.65,476780
2021-05-25 10:43:32,669.65,476833
2021-05-25 10:43:34,669.65,476963
2021-05-25 10:43:36,669.65,476990
2021-05-25 10:43:38,669.6,477005
2021-05-25 10:43:41,669.65,477006
2021-05-25 10:43:43,669.65,477028
2021-05-25 10:43:45,669.8,477137
2021-05-25 10:43:47,669.8,477186
2021-05-25 10:43:49,669.7,477190
2021-05-25 10:43:53,669.7,477219
2021-05-25 10:43:55,669.7,477219
2021-05-25 10:43:59,669.65,477230
2021-05-25 10:44:01,669.65,477278
2021-05-25 10:44:03,669.65,477278
2021-05-25 10:44:06,669.6,477578
2021-05-25 10:44:08,669.6,477628
2021-05-25 10:44:10,669.65,477839
2021-05-25 10:44:13,669.65,477846
2021-05-25 10:44:15,669.6,477871
2021-05-25 10:44:17,669.6,478115
2021-05-25 10:44:19,669.6,478115
2021-05-25 10:44:21,669.65,478141
2021-05-25 10:44:23,669.65,478142
2021-05-25 10:44:26,669.65,478179
2021-05-25 10:44:28,669.65,478478
2021-05-25 10:44:30,669.65,478529
2021-05-25 10:44:32,669.6,478584
2021-05-25 10:44:34,669.65,478585
2021-05-25 10:44:36,669.65,478585
2021-05-25 10:44:38,669.65,478585
2021-05-25 10:44:41,669.65,478600
2021-05-25 10:44:43,669.65,478601
2021-05-25 10:44:45,669.8,478930
2021-05-25 10:44:48,669.65,478973
2021-05-25 10:44:50,669.65,478973
2021-05-25 10:44:52,669.65,478973
2021-05-25 10:44:54,669.8,479032
2021-05-25 10:44:56,669.65,479047
2021-05-25 10:44:58,669.65,479047
2021-05-25 10:45:00,669.65,479047
2021-05-25 10:45:02,669.65,479090
2021-05-25 10:45:04,669.65,479090
2021-05-25 10:45:06,669.75,479491
2021-05-25 10:45:09,669.75,479491
2021-05-25 10:45:10,669.9,479495
2021-05-25 10:45:12,669.9,479496
2021-05-25 10:45:14,669.9,479497
2021-05-25 10:45:16,669.85,479558
2021-05-25 10:45:19,669.85,479569
2021-05-25 10:45:21,669.85,479574
2021-05-25 10:45:23,669.85,479662
2021-05-25 10:45:25,669.85,479664
2021-05-25 10:45:27,669.95,479762
2021-05-25 10:45:29,669.95,479762
2021-05-25 10:45:31,669.9,479815
2021-05-25 10:45:33,669.85,480316
2021-05-25 10:45:35,669.9,480326
2021-05-25 10:45:38,669.9,480326
2021-05-25 10:45:40,669.7,480354
2021-05-25 10:45:42,669.9,480860
2021-05-25 10:45:45,669.95,480862
2021-05-25 10:45:47,669.9,480905
2021-05-25 10:45:49,669.9,480960
2021-05-25 10:45:52,669.9,480985
2021-05-25 10:45:57,669.9,480999
2021-05-25 10:45:59,669.9,480999
2021-05-25 10:46:02,669.7,481309
2021-05-25 10:46:06,669.7,481309
2021-05-25 10:46:08,669.7,481309
2021-05-25 10:46:10,669.95,481312
2021-05-25 10:46:12,669.95,481787
2021-05-25 10:46:15,669.95,481806
2021-05-25 10:46:17,669.8,481862
2021-05-25 10:46:21,669.6,482975
2021-05-25 10:46:24,669.65,482976
2021-05-25 10:46:26,669.9,482986
2021-05-25 10:46:28,669.95,483039
2021-05-25 10:46:30,669.95,483062
2021-05-25 10:46:33,669.7,483105
2021-05-25 10:46:35,669.9,483212
2021-05-25 10:46:37,669.6,483233
2021-05-25 10:46:43,669.9,483331
2021-05-25 10:46:45,669.9,483886
2021-05-25 10:46:48,670.0,484036
2021-05-25 10:46:51,670.0,484036
2021-05-25 10:46:53,669.9,484050
2021-05-25 10:46:56,669.65,484172
2021-05-25 10:46:58,669.65,484172
2021-05-25 10:47:01,669.9,484188
2021-05-25 10:47:04,670.0,484438
2021-05-25 10:47:06,669.65,484538
2021-05-25 10:47:08,669.65,484538
2021-05-25 10:47:10,669.65,484538
2021-05-25 10:47:12,669.6,484663
2021-05-25 10:47:14,669.85,484668
2021-05-25 10:47:17,669.55,484900
2021-05-25 10:47:19,669.5,485030
2021-05-25 10:47:21,669.5,485130
2021-05-25 10:47:23,669.75,485360
2021-05-25 10:47:25,669.75,485470
2021-05-25 10:47:27,669.75,485470
2021-05-25 10:47:29,669.8,485580
2021-05-25 10:47:32,669.8,485745
2021-05-25 10:47:34,669.8,485745
2021-05-25 10:47:36,669.75,485821
2021-05-25 10:47:38,669.75,485821
2021-05-25 10:47:41,669.75,485821
2021-05-25 10:47:43,669.85,485881
2021-05-25 10:47:45,669.85,485911
2021-05-25 10:47:47,669.75,485954
2021-05-25 10:47:49,669.75,485955
2021-05-25 10:47:51,669.75,485955
2021-05-25 10:47:53,669.6,486206
2021-05-25 10:47:56,669.85,486380
2021-05-25 10:47:58,669.85,486455
2021-05-25 10:48:01,669.85,486483
2021-05-25 10:48:02,669.6,486951
2021-05-25 10:48:04,669.6,486951
2021-05-25 10:48:06,669.6,486961
2021-05-25 10:48:08,669.6,486962
2021-05-25 10:48:10,669.6,486965
2021-05-25 10:48:12,669.6,487172
2021-05-25 10:48:14,669.55,487307
2021-05-25 10:48:16,669.6,487314
2021-05-25 10:48:18,669.6,487494
2021-05-25 10:48:20,669.6,487494
2021-05-25 10:48:22,669.85,487703
2021-05-25 10:48:25,669.85,487753
2021-05-25 10:48:27,669.6,487763
2021-05-25 10:48:29,669.75,487767
2021-05-25 10:48:31,669.8,488000
2021-05-25 10:48:33,669.65,488630
2021-05-25 10:48:36,669.65,488940
2021-05-25 10:48:38,669.8,488984
2021-05-25 10:48:40,669.8,488986
2021-05-25 10:48:41,669.8,489019
2021-05-25 10:48:43,669.5,489419
2021-05-25 10:48:45,669.5,489419
2021-05-25 10:48:47,669.65,489421
2021-05-25 10:48:49,669.55,489432
2021-05-25 10:48:51,669.5,489582
2021-05-25 10:48:54,669.5,489642
2021-05-25 10:48:56,669.5,489742
2021-05-25 10:48:59,669.5,489742
2021-05-25 10:49:01,669.5,489785
2021-05-25 10:49:03,669.5,489814
2021-05-25 10:49:06,669.65,489815
2021-05-25 10:49:09,669.75,489851
2021-05-25 10:49:14,669.5,489878
2021-05-25 10:49:16,669.5,489924
2021-05-25 10:49:19,669.65,489927
2021-05-25 10:49:22,669.5,490027
2021-05-25 10:49:24,669.65,490028
2021-05-25 10:49:27,669.65,490048
2021-05-25 10:49:30,669.65,490050
2021-05-25 10:49:32,669.5,490093
2021-05-25 10:49:34,669.65,490096
2021-05-25 10:49:37,669.55,490109
2021-05-25 10:49:39,669.5,490129
2021-05-25 10:49:41,669.5,490140
2021-05-25 10:49:43,669.5,490150
2021-05-25 10:49:46,669.5,490303
2021-05-25 10:49:48,669.6,490374
2021-05-25 10:49:51,669.5,490395
2021-05-25 10:49:53,669.5,491273
2021-05-25 10:49:57,669.4,491548
2021-05-25 10:50:00,669.4,491579
2021-05-25 10:50:02,669.4,491658
2021-05-25 10:50:05,669.5,491683
2021-05-25 10:50:07,669.5,491683
2021-05-25 10:50:09,669.5,492014
2021-05-25 10:50:12,669.5,492414
2021-05-25 10:50:14,669.5,492499
2021-05-25 10:50:16,669.4,492548
2021-05-25 10:50:19,669.4,492548
2021-05-25 10:50:21,669.4,492557
2021-05-25 10:50:23,669.4,492677
2021-05-25 10:50:26,669.4,492687
2021-05-25 10:50:28,669.5,492688
2021-05-25 10:50:31,669.5,492693
2021-05-25 10:50:34,669.5,492742
2021-05-25 10:50:36,669.5,492742
2021-05-25 10:50:38,669.5,492742
2021-05-25 10:50:40,669.5,492842
2021-05-25 10:50:42,669.5,492842
2021-05-25 10:50:44,669.3,493356
2021-05-25 10:50:46,669.45,493358
2021-05-25 10:50:49,669.35,493398
2021-05-25 10:50:51,669.35,493509
2021-05-25 10:50:54,669.5,493662
2021-05-25 10:50:57,669.35,493762
2021-05-25 10:50:59,669.35,493762
2021-05-25 10:51:02,669.4,493805
2021-05-25 10:51:04,669.4,493906
2021-05-25 10:51:08,669.5,493907
2021-05-25 10:51:11,669.4,493918
2021-05-25 10:51:13,669.4,493918
2021-05-25 10:51:15,669.5,494050
2021-05-25 10:51:18,669.35,494093
2021-05-25 10:51:20,669.35,494093
2021-05-25 10:51:22,669.35,494093
2021-05-25 10:51:24,669.55,496106
2021-05-25 10:51:26,669.55,496106
2021-05-25 10:51:29,669.55,496106
2021-05-25 10:51:31,669.6,496136
2021-05-25 10:51:33,669.45,496239
2021-05-25 10:51:35,669.45,496310
2021-05-25 10:51:37,669.45,496310
2021-05-25 10:51:39,669.4,496510
2021-05-25 10:51:44,669.5,496561
2021-05-25 10:51:46,669.5,496638
2021-05-25 10:51:48,669.5,497082
2021-05-25 10:51:53,669.6,497196
2021-05-25 10:51:55,669.6,497196
2021-05-25 10:51:57,669.6,497205
2021-05-25 10:51:59,669.6,497225
2021-05-25 10:52:01,669.5,497259
2021-05-25 10:52:03,669.4,497267
2021-05-25 10:52:05,669.6,497279
2021-05-25 10:52:08,669.4,497379
2021-05-25 10:52:10,669.6,497388
2021-05-25 10:52:12,669.6,497388
2021-05-25 10:52:15,669.6,497405
2021-05-25 10:52:17,669.4,497474
2021-05-25 10:52:20,669.35,497477
2021-05-25 10:52:22,669.55,497478
2021-05-25 10:52:24,669.55,497478
2021-05-25 10:52:26,669.45,497480
2021-05-25 10:52:28,669.45,497480
2021-05-25 10:52:31,669.55,497491
2021-05-25 10:52:33,669.55,497544
2021-05-25 10:52:37,669.35,497569
2021-05-25 10:52:39,669.6,497770
2021-05-25 10:52:41,669.6,497773
2021-05-25 10:52:44,669.6,497773
2021-05-25 10:52:46,669.55,497819
2021-05-25 10:52:49,669.6,497824
2021-05-25 10:52:53,669.6,497898
2021-05-25 10:52:55,669.6,497898
2021-05-25 10:52:58,669.6,497898
2021-05-25 10:53:00,669.35,498047
2021-05-25 10:53:02,669.35,498245
2021-05-25 10:53:05,669.55,498246
2021-05-25 10:53:07,669.55,498250
2021-05-25 10:53:11,669.6,498900
2021-05-25 10:53:14,669.6,498900
2021-05-25 10:53:17,669.6,498952
2021-05-25 10:53:19,669.8,499052
2021-05-25 10:53:21,669.35,499753
2021-05-25 10:53:24,669.75,499756
2021-05-25 10:53:26,669.7,499841
2021-05-25 10:53:28,669.4,499891
2021-05-25 10:53:30,669.4,499891
2021-05-25 10:53:32,669.7,500010
2021-05-25 10:53:34,669.7,500010
2021-05-25 10:53:36,669.65,500040
2021-05-25 10:53:39,669.7,500045
2021-05-25 10:53:41,669.7,500046
2021-05-25 10:53:44,669.65,500246
2021-05-25 10:53:47,669.45,500289
2021-05-25 10:53:50,669.5,500303
2021-05-25 10:53:52,669.5,500337
2021-05-25 10:53:55,669.5,500362
2021-05-25 10:53:57,669.6,500387
2021-05-25 10:53:59,669.4,500487
2021-05-25 10:54:02,669.35,500533
2021-05-25 10:54:05,669.55,500843
2021-05-25 10:54:07,669.3,500943
2021-05-25 10:54:09,669.3,500943
2021-05-25 10:54:11,669.3,500953
2021-05-25 10:54:13,669.3,500953
2021-05-25 10:54:16,669.3,501046
2021-05-25 10:54:18,669.6,501106
2021-05-25 10:54:20,669.6,501106
2021-05-25 10:54:22,669.6,501149
2021-05-25 10:54:25,669.6,501162
2021-05-25 10:54:27,669.7,501168
2021-05-25 10:54:29,669.7,501171
2021-05-25 10:54:31,669.6,501216
2021-05-25 10:54:34,669.7,501267
2021-05-25 10:54:36,669.6,501298
2021-05-25 10:54:38,669.7,501299
2021-05-25 10:54:40,669.75,501568
2021-05-25 10:54:43,669.6,501686
2021-05-25 10:54:44,669.7,501687
2021-05-25 10:54:46,669.6,501809
2021-05-25 10:54:48,669.6,501809
2021-05-25 10:54:50,669.6,501869
2021-05-25 10:54:52,669.6,501871
2021-05-25 10:54:54,669.6,501872
2021-05-25 10:54:56,669.6,501897
2021-05-25 10:54:58,669.85,504105
2021-05-25 10:55:00,669.85,504113
2021-05-25 10:55:02,669.6,504156
2021-05-25 10:55:04,669.85,504176
2021-05-25 10:55:06,669.85,504176
2021-05-25 10:55:09,669.85,504176
2021-05-25 10:55:11,669.85,504180
2021-05-25 10:55:13,669.75,504190
2021-05-25 10:55:16,669.65,504315
2021-05-25 10:55:18,669.6,504408
2021-05-25 10:55:21,669.85,504419
2021-05-25 10:55:23,669.7,504831
2021-05-25 10:55:26,669.95,504861
2021-05-25 10:55:28,669.85,504864
2021-05-25 10:55:30,669.95,505179
2021-05-25 10:55:33,669.8,505222
2021-05-25 10:55:35,669.95,505247
2021-05-25 10:55:36,669.8,505262
2021-05-25 10:55:39,669.85,505263
2021-05-25 10:55:41,669.85,505285
2021-05-25 10:55:43,669.9,505315
2021-05-25 10:55:45,669.85,506450
2021-05-25 10:55:47,670.0,513343
2021-05-25 10:55:49,669.8,513357
2021-05-25 10:55:51,670.0,513457
2021-05-25 10:55:54,670.0,513507
2021-05-25 10:55:56,670.0,513507
2021-05-25 10:55:58,669.9,513607
2021-05-25 10:56:01,669.85,513700
2021-05-25 10:56:04,669.85,513700
2021-05-25 10:56:06,669.85,513740
2021-05-25 10:56:08,669.85,513740
2021-05-25 10:56:11,669.85,513740
2021-05-25 10:56:13,669.85,513740
2021-05-25 10:56:15,669.9,513744
2021-05-25 10:56:18,670.0,513989
2021-05-25 10:56:20,669.85,513990
2021-05-25 10:56:22,669.85,513990
2021-05-25 10:56:25,670.0,514018
2021-05-25 10:56:27,670.0,514053
2021-05-25 10:56:30,669.95,514056
2021-05-25 10:56:32,670.0,514819
2021-05-25 10:56:35,670.0,514819
2021-05-25 10:56:37,670.0,514969
2021-05-25 10:56:39,670.0,514989
2021-05-25 10:56:41,670.0,514991
2021-05-25 10:56:43,670.0,514991
2021-05-25 10:56:45,670.0,515042
2021-05-25 10:56:47,670.0,515124
2021-05-25 10:56:49,670.0,515292
2021-05-25 10:56:51,670.0,515300
2021-05-25 10:56:53,670.0,515300
2021-05-25 10:56:55,670.0,515320
2021-05-25 10:56:57,670.0,515328
2021-05-25 10:56:59,670.0,515630
2021-05-25 10:57:01,669.85,515675
2021-05-25 10:57:03,669.85,515800
2021-05-25 10:57:05,669.8,515850
2021-05-25 10:57:07,669.8,515864
2021-05-25 10:57:09,669.8,515864
2021-05-25 10:57:11,669.85,515869
2021-05-25 10:57:13,670.0,515871
2021-05-25 10:57:15,670.0,516171
2021-05-25 10:57:17,669.95,516241
2021-05-25 10:57:19,669.95,516241
2021-05-25 10:57:21,670.0,516243
2021-05-25 10:57:23,670.0,516244
2021-05-25 10:57:25,670.0,516281
2021-05-25 10:57:27,670.1,520673
2021-05-25 10:57:29,670.1,520673
2021-05-25 10:57:31,670.1,520680
2021-05-25 10:57:33,670.0,520775
2021-05-25 10:57:35,670.0,520882
2021-05-25 10:57:37,670.1,520894
2021-05-25 10:57:39,670.0,520912
2021-05-25 10:57:41,669.85,521014
2021-05-25 10:57:43,670.0,521015
2021-05-25 10:57:45,669.95,521016
2021-05-25 10:57:47,669.85,521060
2021-05-25 10:57:49,669.95,521164
2021-05-25 10:57:51,670.0,521229
2021-05-25 10:57:54,670.0,521279
2021-05-25 10:57:56,670.0,521299
2021-05-25 10:57:58,670.0,521308
2021-05-25 10:58:00,670.0,521315
2021-05-25 10:58:02,669.9,521358
2021-05-25 10:58:04,670.0,521458
2021-05-25 10:58:06,670.0,521458
2021-05-25 10:58:08,669.95,521461
2021-05-25 10:58:10,669.95,521466
2021-05-25 10:58:11,669.95,521547
2021-05-25 10:58:13,670.0,521647
2021-05-25 10:58:16,670.0,521647
2021-05-25 10:58:18,669.85,521692
2021-05-25 10:58:20,669.85,522197
2021-05-25 10:58:22,669.85,522224
2021-05-25 10:58:24,669.85,522226
2021-05-25 10:58:27,669.8,522326
2021-05-25 10:58:29,669.8,522326
2021-05-25 10:58:31,669.8,522488
2021-05-25 10:58:34,669.95,522492
2021-05-25 10:58:36,669.95,522492
2021-05-25 10:58:38,669.95,522492
2021-05-25 10:58:40,669.95,522994
2021-05-25 10:58:42,669.95,522994
2021-05-25 10:58:45,669.95,523145
2021-05-25 10:58:47,669.9,523198
2021-05-25 10:58:50,669.95,523206
2021-05-25 10:58:52,669.95,523206
2021-05-25 10:58:54,669.95,523206
2021-05-25 10:58:56,669.95,523214
2021-05-25 10:58:58,669.95,523214
2021-05-25 10:59:00,669.95,523226
2021-05-25 10:59:05,669.8,523270
2021-05-25 10:59:07,669.9,523274
2021-05-25 10:59:10,669.95,523307
2021-05-25 10:59:13,669.95,523307
2021-05-25 10:59:18,669.8,523465
2021-05-25 10:59:20,669.95,523467
2021-05-25 10:59:22,669.8,523517
2021-05-25 10:59:24,669.8,523517
2021-05-25 10:59:26,669.8,523517
2021-05-25 10:59:28,669.95,523617
2021-05-25 10:59:31,669.95,523673
2021-05-25 10:59:33,669.8,523740
2021-05-25 10:59:35,669.5,523990
2021-05-25 10:59:37,669.5,523990
2021-05-25 10:59:39,669.9,523992
2021-05-25 10:59:42,669.6,524006
2021-05-25 10:59:44,669.6,524007
2021-05-25 10:59:46,669.6,524123
2021-05-25 10:59:48,669.6,524123
2021-05-25 10:59:50,669.9,524127
2021-05-25 10:59:52,669.9,524127
2021-05-25 10:59:54,669.9,524130
2021-05-25 10:59:56,669.95,524388
2021-05-25 10:59:58,669.95,524388
2021-05-25 11:00:04,669.9,524490
2021-05-25 11:00:06,669.9,524490
2021-05-25 11:00:08,669.9,524510
2021-05-25 11:00:10,669.9,524513
2021-05-25 11:00:12,669.65,524524
2021-05-25 11:00:14,669.85,524527
2021-05-25 11:00:16,669.65,524570
2021-05-25 11:00:19,669.75,524611
2021-05-25 11:00:21,669.75,524614
2021-05-25 11:00:23,669.75,524615
2021-05-25 11:00:26,669.75,524615
2021-05-25 11:00:28,669.7,524617
2021-05-25 11:00:30,669.7,524623
2021-05-25 11:00:31,669.4,524666
2021-05-25 11:00:33,669.7,524670
2021-05-25 11:00:35,669.7,524771
2021-05-25 11:00:37,669.7,524771
2021-05-25 11:00:40,669.7,524874
2021-05-25 11:00:42,669.7,524880
2021-05-25 11:00:44,669.7,524880
2021-05-25 11:00:46,669.65,524955
2021-05-25 11:00:49,669.65,524956
2021-05-25 11:00:51,669.65,524960
2021-05-25 11:00:53,669.65,525060
2021-05-25 11:00:55,669.65,525061
2021-05-25 11:00:57,669.65,525071
2021-05-25 11:00:59,669.6,525074
2021-05-25 11:01:02,669.45,525117
2021-05-25 11:01:04,669.55,525318
2021-05-25 11:01:06,669.55,525319
2021-05-25 11:01:09,669.7,525516
2021-05-25 11:01:11,669.7,525520
2021-05-25 11:01:13,669.7,525521
2021-05-25 11:01:15,669.7,525521
2021-05-25 11:01:17,669.5,525530
2021-05-25 11:01:19,669.5,525562
2021-05-25 11:01:21,669.5,525564
2021-05-25 11:01:23,669.7,525577
2021-05-25 11:01:25,669.3,537344
2021-05-25 11:01:27,669.35,537394
2021-05-25 11:01:29,669.35,537394
2021-05-25 11:01:31,669.1,537529
2021-05-25 11:01:33,669.4,537609
2021-05-25 11:01:36,669.4,537609
2021-05-25 11:01:38,669.45,537611
2021-05-25 11:01:40,669.45,537703
2021-05-25 11:01:43,669.45,537703
2021-05-25 11:01:45,669.5,537804
2021-05-25 11:01:47,669.35,537847
2021-05-25 11:01:49,669.45,537898
2021-05-25 11:01:51,669.4,537909
2021-05-25 11:01:53,669.5,538254
2021-05-25 11:01:56,669.35,538263
2021-05-25 11:01:58,669.35,538263
2021-05-25 11:02:01,669.5,538266
2021-05-25 11:02:03,669.5,538656
2021-05-25 11:02:05,669.5,540052
2021-05-25 11:02:07,669.5,540052
2021-05-25 11:02:09,669.5,540056
2021-05-25 11:02:12,669.5,540063
2021-05-25 11:02:14,669.0,542971
2021-05-25 11:02:16,669.1,543015
2021-05-25 11:02:18,669.4,543017
2021-05-25 11:02:20,669.0,543299
2021-05-25 11:02:23,669.0,543299
2021-05-25 11:02:25,669.0,543469
2021-05-25 11:02:28,669.05,544579
2021-05-25 11:02:30,669.3,544585
2021-05-25 11:02:32,669.3,544653
2021-05-25 11:02:34,669.3,544707
2021-05-25 11:02:37,669.3,544707
2021-05-25 11:02:39,669.3,544707
2021-05-25 11:02:40,669.4,544810
2021-05-25 11:02:42,669.05,545142
2021-05-25 11:02:44,669.05,545192
2021-05-25 11:02:46,669.1,545235
2021-05-25 11:02:49,669.1,545235
2021-05-25 11:02:51,669.4,545238
2021-05-25 11:02:53,669.4,545238
2021-05-25 11:02:55,669.4,545238
2021-05-25 11:02:57,669.4,545271
2021-05-25 11:02:59,669.4,545271
2021-05-25 11:03:01,669.4,545273
2021-05-25 11:03:03,669.45,545317
2021-05-25 11:03:04,669.45,545317
2021-05-25 11:03:06,669.3,545327
2021-05-25 11:03:08,669.3,545327
2021-05-25 11:03:10,669.45,545481
2021-05-25 11:03:13,669.45,545781
2021-05-25 11:03:15,669.45,545781
2021-05-25 11:03:17,669.4,545826
2021-05-25 11:03:20,669.4,545828
2021-05-25 11:03:22,669.4,545838
2021-05-25 11:03:23,669.4,545838
2021-05-25 11:03:25,669.4,546017
2021-05-25 11:03:27,669.45,546019
2021-05-25 11:03:29,669.45,546022
2021-05-25 11:03:31,669.4,546073
2021-05-25 11:03:33,669.4,546146
2021-05-25 11:03:38,669.55,546248
2021-05-25 11:03:39,669.5,546250
2021-05-25 11:03:42,669.5,546250
2021-05-25 11:03:46,669.4,546543
2021-05-25 11:03:49,669.4,546543
2021-05-25 11:03:51,669.55,546547
2021-05-25 11:03:53,669.55,546547
2021-05-25 11:03:55,669.55,546547
2021-05-25 11:03:57,669.55,546606
2021-05-25 11:03:59,669.55,546606
2021-05-25 11:04:00,669.5,546608
2021-05-25 11:04:02,669.35,546806
2021-05-25 11:04:04,669.35,546806
2021-05-25 11:04:06,669.5,546811
2021-05-25 11:04:07,669.5,546811
2021-05-25 11:04:09,669.5,546814
2021-05-25 11:04:11,669.5,546817
2021-05-25 11:04:13,669.45,546818
2021-05-25 11:04:14,669.35,546903
2021-05-25 11:04:16,669.15,546946
2021-05-25 11:04:18,669.35,546947
2021-05-25 11:04:20,669.35,546949
2021-05-25 11:04:23,669.35,546950
2021-05-25 11:04:25,669.3,546952
2021-05-25 11:04:26,669.3,547002
2021-05-25 11:04:29,669.15,547032
2021-05-25 11:04:31,669.1,547089
2021-05-25 11:04:33,669.1,547089
2021-05-25 11:04:35,669.3,547137
2021-05-25 11:04:37,669.1,550493
2021-05-25 11:04:39,669.1,550493
2021-05-25 11:04:41,669.3,550510
2021-05-25 11:04:43,669.15,550759
2021-05-25 11:04:45,669.3,550949
2021-05-25 11:04:47,669.15,550992
2021-05-25 11:04:49,669.3,551015
2021-05-25 11:04:51,669.3,551114
2021-05-25 11:04:53,669.3,551134
2021-05-25 11:04:55,669.3,551134
2021-05-25 11:04:56,669.3,551268
2021-05-25 11:04:58,669.3,551268
2021-05-25 11:04:59,669.3,551283
2021-05-25 11:05:01,669.3,551310
2021-05-25 11:05:02,669.15,551353
2021-05-25 11:05:03,669.15,551353
2021-05-25 11:05:06,669.0,554286
2021-05-25 11:05:08,669.0,554291
2021-05-25 11:05:09,669.0,554413
2021-05-25 11:05:11,669.0,554443
2021-05-25 11:05:13,669.0,554443
2021-05-25 11:05:15,669.0,554462
2021-05-25 11:05:17,668.9,556225
2021-05-25 11:05:19,668.8,556269
2021-05-25 11:05:20,668.4,562351
2021-05-25 11:05:22,668.5,562362
2021-05-25 11:05:24,668.3,562522
2021-05-25 11:05:25,668.3,562522
2021-05-25 11:05:28,668.3,562573
2021-05-25 11:05:31,668.3,563271
2021-05-25 11:05:32,668.5,563281
2021-05-25 11:05:36,668.5,563445
2021-05-25 11:05:38,668.5,563445
2021-05-25 11:05:40,668.5,563447
2021-05-25 11:05:43,668.35,563557
2021-05-25 11:05:45,668.5,563593
2021-05-25 11:05:50,668.5,565179
2021-05-25 11:05:52,668.5,565437
2021-05-25 11:05:53,668.5,565437
2021-05-25 11:05:55,668.65,565738
2021-05-25 11:05:57,668.65,565793
2021-05-25 11:05:59,668.65,565795
2021-05-25 11:06:01,668.65,565896
2021-05-25 11:06:04,668.55,565907
2021-05-25 11:06:06,668.5,566262
2021-05-25 11:06:08,668.85,566362
2021-05-25 11:06:10,668.55,566535
2021-05-25 11:06:12,668.9,566990
2021-05-25 11:06:14,668.85,567005
2021-05-25 11:06:17,668.75,568614
2021-05-25 11:06:19,669.0,568617
2021-05-25 11:06:21,668.75,568719
2021-05-25 11:06:24,668.9,568734
2021-05-25 11:06:25,669.1,568901
2021-05-25 11:06:27,668.9,568903
2021-05-25 11:06:28,668.9,568903
2021-05-25 11:06:30,669.0,568957
2021-05-25 11:06:32,669.0,568957
2021-05-25 11:06:33,668.95,568983
2021-05-25 11:06:35,668.95,568983
2021-05-25 11:06:37,668.95,569108
2021-05-25 11:06:38,669.0,569153
2021-05-25 11:06:42,669.0,569155
2021-05-25 11:06:44,668.95,569176
2021-05-25 11:06:48,669.0,569267
2021-05-25 11:06:50,669.0,569270
2021-05-25 11:06:52,669.0,569440
2021-05-25 11:06:54,668.95,569495
2021-05-25 11:06:56,668.95,569863
2021-05-25 11:06:58,668.95,569863
2021-05-25 11:07:00,669.0,569866
2021-05-25 11:07:02,669.0,569952
2021-05-25 11:07:04,669.0,570002
2021-05-25 11:07:05,669.0,570002
2021-05-25 11:07:09,669.0,570002
2021-05-25 11:07:11,669.0,570014
2021-05-25 11:07:13,669.0,570326
2021-05-25 11:07:16,668.95,570611
2021-05-25 11:07:18,668.95,570611
2021-05-25 11:07:20,669.0,570657
2021-05-25 11:07:21,668.95,570757
2021-05-25 11:07:23,668.95,570886
2021-05-25 11:07:25,668.95,571051
2021-05-25 11:07:27,669.0,571053
2021-05-25 11:07:29,669.0,571053
2021-05-25 11:07:31,669.0,571056
2021-05-25 11:07:33,668.95,571067
2021-05-25 11:07:35,668.85,571262
2021-05-25 11:07:38,669.0,571314
2021-05-25 11:07:40,669.0,571341
2021-05-25 11:07:42,669.0,573778
2021-05-25 11:07:44,669.0,574158
2021-05-25 11:07:46,669.0,574548
2021-05-25 11:07:48,669.0,574970
2021-05-25 11:07:52,669.0,575759
2021-05-25 11:07:54,669.0,576080
2021-05-25 11:07:56,669.0,576339
2021-05-25 11:07:58,669.0,576619
2021-05-25 11:08:00,669.0,576951
2021-05-25 11:08:02,669.0,577363
2021-05-25 11:08:03,669.0,577824
2021-05-25 11:08:05,669.0,578123
2021-05-25 11:08:07,669.0,578493
2021-05-25 11:08:09,669.0,578863
2021-05-25 11:08:11,669.0,579183
2021-05-25 11:08:13,669.0,579474
2021-05-25 11:08:15,669.0,579603
2021-05-25 11:08:17,669.0,580110
2021-05-25 11:08:19,669.0,580639
2021-05-25 11:08:24,669.0,581254
2021-05-25 11:08:26,669.0,581624
2021-05-25 11:08:29,669.0,581975
2021-05-25 11:08:31,669.0,582335
2021-05-25 11:08:33,669.0,582776
2021-05-25 11:08:35,669.0,583555
2021-05-25 11:08:37,669.0,583895
2021-05-25 11:08:39,669.0,584527
2021-05-25 11:08:41,669.0,585008
2021-05-25 11:08:43,669.0,585305
2021-05-25 11:08:47,669.0,586766
2021-05-25 11:08:51,669.0,587671
2021-05-25 11:08:53,669.0,588001
2021-05-25 11:08:55,669.0,588301
2021-05-25 11:09:00,669.0,589119
2021-05-25 11:09:02,669.0,589443
2021-05-25 11:09:04,669.0,589443
2021-05-25 11:09:06,669.0,589444
2021-05-25 11:09:08,668.55,591292
2021-05-25 11:09:10,668.9,591298
2021-05-25 11:09:12,668.9,591298
2021-05-25 11:09:15,668.9,591516
2021-05-25 11:09:17,668.9,591568
2021-05-25 11:09:18,668.9,591568
2021-05-25 11:09:20,669.0,591819
2021-05-25 11:09:22,669.0,591819
2021-05-25 11:09:24,669.0,591819
2021-05-25 11:09:26,669.0,591819
2021-05-25 11:09:28,669.0,591820
2021-05-25 11:09:30,668.95,591837
2021-05-25 11:09:32,668.95,591846
2021-05-25 11:09:35,668.9,592043
2021-05-25 11:09:37,668.9,592045
2021-05-25 11:09:39,668.85,592145
2021-05-25 11:09:40,668.85,592148
2021-05-25 11:09:43,668.85,592148
2021-05-25 11:09:45,668.75,592249
2021-05-25 11:09:46,668.75,592250
2021-05-25 11:09:48,668.6,592280
2021-05-25 11:09:50,668.75,592285
2021-05-25 11:09:52,668.7,592295
2021-05-25 11:09:54,668.7,592295
2021-05-25 11:09:58,668.7,592322
2021-05-25 11:09:59,668.7,592324
2021-05-25 11:10:02,668.7,592366
2021-05-25 11:10:04,668.7,592447
2021-05-25 11:10:08,668.7,592479
2021-05-25 11:10:10,668.7,592494
2021-05-25 11:10:12,668.7,592535
2021-05-25 11:10:15,668.7,592560
2021-05-25 11:10:17,668.7,592671
2021-05-25 11:10:19,668.7,592672
2021-05-25 11:10:21,668.6,592807
2021-05-25 11:10:23,668.7,592820
2021-05-25 11:10:25,668.6,592997
2021-05-25 11:10:27,668.65,593007
2021-05-25 11:10:28,668.7,593232
2021-05-25 11:10:29,668.7,593232
2021-05-25 11:10:30,668.7,593238
2021-05-25 11:10:31,668.7,593280
2021-05-25 11:10:32,668.7,593280
2021-05-25 11:10:33,668.7,593280
2021-05-25 11:10:34,668.65,593338
2021-05-25 11:10:35,668.65,593338
2021-05-25 11:10:36,668.7,593438
2021-05-25 11:10:37,668.7,593490
2021-05-25 11:10:38,668.7,593490
2021-05-25 11:10:38,668.7,593490
2021-05-25 11:10:39,668.7,593490
2021-05-25 11:10:40,668.65,593525
2021-05-25 11:10:42,668.7,593625
2021-05-25 11:10:42,668.7,593727
2021-05-25 11:10:43,669.0,596924
2021-05-25 11:10:45,669.0,597164
2021-05-25 11:10:47,668.95,597165
2021-05-25 11:10:48,668.95,597165
2021-05-25 11:10:49,668.95,597165
2021-05-25 11:10:50,668.95,597203
2021-05-25 11:10:51,669.0,597538
2021-05-25 11:10:52,669.0,598660
2021-05-25 11:10:52,669.0,598660
2021-05-25 11:10:54,669.0,598660
2021-05-25 11:10:55,669.0,605413
2021-05-25 11:10:57,668.95,606069
2021-05-25 11:10:57,668.95,606069
2021-05-25 11:10:58,669.0,607319
2021-05-25 11:10:59,669.0,607320
2021-05-25 11:11:01,668.85,607355
2021-05-25 11:11:03,669.0,607361
2021-05-25 11:11:04,669.0,607366
2021-05-25 11:11:05,668.9,607387
2021-05-25 11:11:06,668.9,607387
2021-05-25 11:11:07,668.9,607391
2021-05-25 11:11:07,668.65,607591
2021-05-25 11:11:08,668.65,607591
2021-05-25 11:11:09,668.85,607622
2021-05-25 11:11:10,668.6,607655
2021-05-25 11:11:12,668.85,607705
2021-05-25 11:11:13,669.0,608205
2021-05-25 11:11:14,668.75,608215
2021-05-25 11:11:14,668.75,608215
2021-05-25 11:11:16,669.0,608222
2021-05-25 11:11:17,669.0,608222
2021-05-25 11:11:18,669.0,608224
2021-05-25 11:11:19,669.0,608238
2021-05-25 11:11:20,668.8,608250
2021-05-25 11:11:21,668.8,608283
2021-05-25 11:11:22,668.8,608283
2021-05-25 11:11:23,668.8,608283
2021-05-25 11:11:24,668.9,608302
2021-05-25 11:11:25,668.9,608302
2021-05-25 11:11:26,668.9,608302
2021-05-25 11:11:27,668.8,608402
2021-05-25 11:11:28,668.8,608402
2021-05-25 11:11:29,668.8,608402
2021-05-25 11:11:30,669.0,608405
2021-05-25 11:11:31,668.8,608438
2021-05-25 11:11:32,668.95,608458
2021-05-25 11:11:33,668.95,608458
2021-05-25 11:11:34,668.95,608458
2021-05-25 11:11:35,668.95,608458
2021-05-25 11:11:36,668.95,608458
2021-05-25 11:11:38,668.75,608546
2021-05-25 11:11:39,668.95,608596
2021-05-25 11:11:40,668.95,608598
2021-05-25 11:11:41,668.75,608656
2021-05-25 11:11:42,668.75,608656
2021-05-25 11:11:43,668.75,608656
2021-05-25 11:11:44,668.7,608853
2021-05-25 11:11:45,668.95,608854
2021-05-25 11:11:46,668.95,608905
2021-05-25 11:11:47,668.95,608925
2021-05-25 11:11:48,668.95,608927
2021-05-25 11:11:49,668.95,608927
2021-05-25 11:11:50,668.95,608931
2021-05-25 11:11:51,668.9,608974
2021-05-25 11:11:52,668.95,608980
2021-05-25 11:11:52,668.95,608980
2021-05-25 11:11:55,669.0,608985
2021-05-25 11:11:56,668.95,609006
2021-05-25 11:11:57,668.95,609006
2021-05-25 11:11:58,669.0,609053
2021-05-25 11:11:59,669.0,609053
2021-05-25 11:11:59,669.0,609055
2021-05-25 11:12:01,668.75,609088
2021-05-25 11:12:02,668.75,609088
2021-05-25 11:12:03,668.95,609347
2021-05-25 11:12:04,668.95,609347
2021-05-25 11:12:05,668.95,609347
2021-05-25 11:12:06,668.95,609348
2021-05-25 11:12:07,668.95,609351
2021-05-25 11:12:08,668.95,609351
2021-05-25 11:12:09,668.95,609351
2021-05-25 11:12:09,668.95,609354
2021-05-25 11:12:10,668.75,609459
2021-05-25 11:12:11,668.75,609459
2021-05-25 11:12:12,668.75,609459
2021-05-25 11:12:14,668.85,609466
2021-05-25 11:12:15,668.85,609466
2021-05-25 11:12:17,668.85,609466
2021-05-25 11:12:18,668.85,609491
2021-05-25 11:12:19,668.85,609491
2021-05-25 11:12:20,668.75,609543
2021-05-25 11:12:21,668.75,609543
2021-05-25 11:12:22,668.95,609643
2021-05-25 11:12:22,668.95,609643
2021-05-25 11:12:23,668.95,609663
2021-05-25 11:12:25,669.0,611916
2021-05-25 11:12:25,669.0,611916
2021-05-25 11:12:27,668.85,612017
2021-05-25 11:12:28,668.95,612027
2021-05-25 11:12:28,668.95,612027
2021-05-25 11:12:29,668.95,612031
2021-05-25 11:12:31,668.8,612064
2021-05-25 11:12:32,668.8,612064
2021-05-25 11:12:33,668.75,612364
2021-05-25 11:12:34,668.75,612364
2021-05-25 11:12:36,668.95,612581
2021-05-25 11:12:37,668.95,612593
2021-05-25 11:12:38,669.0,612617
2021-05-25 11:12:39,669.0,612617
2021-05-25 11:12:40,668.85,612652
2021-05-25 11:12:40,668.85,612652
2021-05-25 11:12:42,668.85,612652
2021-05-25 11:12:43,668.85,612652
2021-05-25 11:12:44,668.85,612652
2021-05-25 11:12:45,669.0,612820
2021-05-25 11:12:47,669.0,612820
2021-05-25 11:12:48,669.0,612820
2021-05-25 11:12:50,669.0,612823
2021-05-25 11:12:51,668.9,612827
2021-05-25 11:12:52,669.0,612870
2021-05-25 11:12:53,669.0,612888
2021-05-25 11:12:54,669.0,612890
2021-05-25 11:12:55,668.85,612940
2021-05-25 11:12:56,668.85,612940
2021-05-25 11:12:57,668.85,612940
2021-05-25 11:12:58,669.0,613184
2021-05-25 11:12:58,669.0,613209
2021-05-25 11:12:59,669.0,613233
2021-05-25 11:13:01,668.9,613266
2021-05-25 11:13:02,668.9,613266
2021-05-25 11:13:03,669.0,613411
2021-05-25 11:13:04,669.0,613422
2021-05-25 11:13:05,668.9,613429
2021-05-25 11:13:06,669.0,613435
2021-05-25 11:13:06,669.0,613435
2021-05-25 11:13:07,669.0,613437
2021-05-25 11:13:09,669.0,613437
2021-05-25 11:13:10,669.0,613442
2021-05-25 11:13:11,668.9,613475
2021-05-25 11:13:13,669.0,613575
2021-05-25 11:13:14,669.0,613575
2021-05-25 11:13:15,669.0,613575
2021-05-25 11:13:16,668.95,613591
2021-05-25 11:13:17,668.95,613591
2021-05-25 11:13:18,668.9,613596
2021-05-25 11:13:19,669.1,613630
2021-05-25 11:13:20,668.9,613665
2021-05-25 11:13:21,668.9,613665
2021-05-25 11:13:22,668.9,613665
2021-05-25 11:13:23,668.9,613699
2021-05-25 11:13:24,668.9,613699
2021-05-25 11:13:25,668.9,613699
2021-05-25 11:13:26,668.9,613699
2021-05-25 11:13:27,669.2,613899
2021-05-25 11:13:28,669.0,613900
2021-05-25 11:13:29,669.0,613950
2021-05-25 11:13:30,668.95,613986
2021-05-25 11:13:31,668.95,613986
2021-05-25 11:13:32,668.95,613986
2021-05-25 11:13:33,668.95,613986
2021-05-25 11:13:34,668.95,613986
2021-05-25 11:13:37,669.0,614005
2021-05-25 11:13:39,669.0,614005
2021-05-25 11:13:40,669.0,614007
2021-05-25 11:13:41,668.9,614041
2021-05-25 11:13:42,669.0,614043
2021-05-25 11:13:43,669.0,614193
2021-05-25 11:13:44,669.0,614205
2021-05-25 11:13:45,669.0,614205
2021-05-25 11:13:46,669.0,614257
2021-05-25 11:13:47,669.0,614257
2021-05-25 11:13:48,669.0,614257
2021-05-25 11:13:49,669.0,614257
2021-05-25 11:13:50,669.0,614261
2021-05-25 11:13:51,669.0,614285
2021-05-25 11:13:52,669.0,614339
2021-05-25 11:13:53,669.0,614339
2021-05-25 11:13:54,669.0,614839
2021-05-25 11:13:56,669.0,615840
2021-05-25 11:13:57,669.0,615840
2021-05-25 11:13:58,669.0,615853
2021-05-25 11:14:00,669.0,615855
2021-05-25 11:13:59,669.0,615855
2021-05-25 11:14:01,669.0,615960
2021-05-25 11:14:02,669.0,615979
2021-05-25 11:14:03,669.0,615979
2021-05-25 11:14:04,669.0,615979
2021-05-25 11:14:05,669.0,615981
2021-05-25 11:14:06,669.0,615981
2021-05-25 11:14:07,669.0,615981
2021-05-25 11:14:08,669.0,615988
2021-05-25 11:14:09,669.0,616090
2021-05-25 11:14:10,669.0,616094
2021-05-25 11:14:11,669.0,616194
2021-05-25 11:14:12,669.0,616196
2021-05-25 11:14:13,668.9,616216
2021-05-25 11:14:15,668.9,616216
2021-05-25 11:14:14,668.9,616216
2021-05-25 11:14:17,668.9,616216
2021-05-25 11:14:18,668.9,616426
2021-05-25 11:14:19,669.0,616429
2021-05-25 11:14:20,668.9,616531
2021-05-25 11:14:21,668.9,616531
2021-05-25 11:14:22,668.9,616531
2021-05-25 11:14:24,669.0,616538
2021-05-25 11:14:25,669.0,616543
2021-05-25 11:14:26,668.9,616593
2021-05-25 11:14:27,668.9,616794
2021-05-25 11:14:28,668.9,616808
2021-05-25 11:14:29,668.9,616808
2021-05-25 11:14:30,669.0,616813
2021-05-25 11:14:31,669.0,616814
2021-05-25 11:14:32,669.0,616814
2021-05-25 11:14:33,669.0,616814
2021-05-25 11:14:34,669.0,616814
2021-05-25 11:14:35,668.9,617029
2021-05-25 11:14:36,668.9,617029
2021-05-25 11:14:37,668.9,617029
2021-05-25 11:14:38,668.9,617029
2021-05-25 11:14:39,669.0,617084
2021-05-25 11:14:40,668.9,617126
2021-05-25 11:14:41,668.9,617126
2021-05-25 11:14:42,668.9,617126
2021-05-25 11:14:43,669.0,617151
2021-05-25 11:14:44,669.0,617151
2021-05-25 11:14:45,669.0,617151
2021-05-25 11:14:46,669.0,617152
2021-05-25 11:14:47,669.0,617153
2021-05-25 11:14:48,669.0,617153
2021-05-25 11:14:49,669.0,617153
2021-05-25 11:14:50,669.0,617156
2021-05-25 11:14:51,669.0,617156
2021-05-25 11:14:52,669.0,617156
2021-05-25 11:14:53,669.0,617156
2021-05-25 11:14:54,669.0,617156
2021-05-25 11:14:55,669.0,617156
2021-05-25 11:14:56,669.0,617165
2021-05-25 11:14:57,669.0,617265
2021-05-25 11:14:58,669.0,618343
2021-05-25 11:14:59,669.0,618645
2021-05-25 11:15:00,668.9,618664
2021-05-25 11:15:01,668.9,618664
2021-05-25 11:15:02,669.0,618665
2021-05-25 11:15:03,669.0,618665
2021-05-25 11:15:04,669.0,618665
2021-05-25 11:15:05,669.0,618687
2021-05-25 11:15:07,669.0,618717
2021-05-25 11:15:08,669.0,618717
2021-05-25 11:15:09,669.0,618962
2021-05-25 11:15:11,669.25,619157
2021-05-25 11:15:12,668.9,619919
2021-05-25 11:15:13,668.9,619961
2021-05-25 11:15:14,668.9,619961
2021-05-25 11:15:15,668.9,619961
2021-05-25 11:15:16,668.9,619961
2021-05-25 11:15:17,669.0,620071
2021-05-25 11:15:18,669.0,620071
2021-05-25 11:15:19,669.0,620073
2021-05-25 11:15:20,669.0,620075
2021-05-25 11:15:22,669.0,620075
2021-05-25 11:15:23,669.0,620075
2021-05-25 11:15:24,669.0,620075
2021-05-25 11:15:25,669.0,620125
2021-05-25 11:15:26,669.0,620249
2021-05-25 11:15:27,669.0,620259
2021-05-25 11:15:28,669.15,620369
2021-05-25 11:15:29,669.0,620387
2021-05-25 11:15:31,669.0,620397
2021-05-25 11:15:32,669.0,620397
2021-05-25 11:15:33,669.0,620397
2021-05-25 11:15:34,669.0,620407
2021-05-25 11:15:35,669.0,620457
2021-05-25 11:15:37,669.0,620464
2021-05-25 11:15:37,669.0,620464
2021-05-25 11:15:38,669.0,620464
2021-05-25 11:15:39,669.0,620466
2021-05-25 11:15:40,669.0,620518
2021-05-25 11:15:42,669.0,620618
2021-05-25 11:15:43,669.0,620618
2021-05-25 11:15:45,669.0,620620
2021-05-25 11:15:46,669.0,620681
2021-05-25 11:15:47,669.0,620681
2021-05-25 11:15:48,669.0,621105
2021-05-25 11:15:49,669.0,621109
2021-05-25 11:15:50,669.0,621109
2021-05-25 11:15:51,668.95,621319
2021-05-25 11:15:52,668.95,621319
2021-05-25 11:15:53,669.0,621397
2021-05-25 11:15:55,669.0,621397
2021-05-25 11:15:56,669.0,621401
2021-05-25 11:15:57,669.0,621501
2021-05-25 11:15:58,669.0,621501
2021-05-25 11:15:58,669.0,621501
2021-05-25 11:16:00,669.0,621503
2021-05-25 11:16:00,669.0,621603
2021-05-25 11:16:01,669.0,621804
2021-05-25 11:16:02,669.0,621804
2021-05-25 11:16:03,668.95,621814
2021-05-25 11:16:06,668.95,621864
2021-05-25 11:16:06,668.95,622941
2021-05-25 11:16:07,669.0,622951
2021-05-25 11:16:08,669.0,622991
2021-05-25 11:16:09,669.0,622994
2021-05-25 11:16:11,669.0,623001
2021-05-25 11:16:11,669.0,623001
2021-05-25 11:16:12,669.0,623004
2021-05-25 11:16:14,669.0,623004
2021-05-25 11:16:14,669.0,623004
2021-05-25 11:16:15,669.0,623007
2021-05-25 11:16:16,669.0,623013
2021-05-25 11:16:17,669.0,623063
2021-05-25 11:16:19,669.0,623063
2021-05-25 11:16:21,669.0,623065
2021-05-25 11:16:22,668.95,623075
2021-05-25 11:16:23,668.95,623087
2021-05-25 11:16:24,668.95,623088
2021-05-25 11:16:25,669.0,623095
2021-05-25 11:16:26,669.0,623245
2021-05-25 11:16:27,669.0,623247
2021-05-25 11:16:28,669.0,623247
2021-05-25 11:16:29,669.0,623401
2021-05-25 11:16:30,669.0,623401
2021-05-25 11:16:32,669.0,623406
2021-05-25 11:16:32,669.0,623406
2021-05-25 11:16:34,669.0,623406
2021-05-25 11:16:34,668.95,623407
2021-05-25 11:16:35,668.95,623407
2021-05-25 11:16:36,669.0,623415
2021-05-25 11:16:38,669.0,623425
2021-05-25 11:16:38,669.0,623425
2021-05-25 11:16:40,669.0,623487
2021-05-25 11:16:41,669.0,623497
2021-05-25 11:16:42,669.0,623498
2021-05-25 11:16:42,669.0,623498
2021-05-25 11:16:43,669.0,623502
2021-05-25 11:16:44,669.0,623502
2021-05-25 11:16:45,669.0,623512
2021-05-25 11:16:46,669.0,623562
2021-05-25 11:16:47,669.0,623562
2021-05-25 11:16:49,669.0,623562
2021-05-25 11:16:50,669.0,623566
2021-05-25 11:16:51,669.0,623566
2021-05-25 11:16:52,669.0,623566
2021-05-25 11:16:53,669.0,623566
2021-05-25 11:16:54,669.0,623566
2021-05-25 11:16:55,668.95,623574
2021-05-25 11:16:56,669.0,623578
2021-05-25 11:16:57,669.0,623578
2021-05-25 11:16:59,669.0,623578
2021-05-25 11:17:00,669.0,623680
2021-05-25 11:17:00,669.0,623680
2021-05-25 11:17:01,669.0,623680
2021-05-25 11:17:02,669.0,623680
2021-05-25 11:17:03,669.0,623680
2021-05-25 11:17:04,669.0,623680
2021-05-25 11:17:05,669.0,623680
2021-05-25 11:17:06,669.0,623680
2021-05-25 11:17:07,669.0,623681
2021-05-25 11:17:08,669.0,623681
2021-05-25 11:17:09,669.0,623682
2021-05-25 11:17:11,669.0,623686
2021-05-25 11:17:11,669.0,623686
2021-05-25 11:17:13,668.95,623717
2021-05-25 11:17:13,668.95,623718
2021-05-25 11:17:15,668.95,623733
2021-05-25 11:17:15,668.95,623733
2021-05-25 11:17:16,668.95,623735
2021-05-25 11:17:17,668.95,623747
2021-05-25 11:17:18,668.95,623747
2021-05-25 11:17:19,668.95,623747
2021-05-25 11:17:20,668.95,624057
2021-05-25 11:17:21,668.95,624057
2021-05-25 11:17:22,668.95,624057
2021-05-25 11:17:23,668.95,624082
2021-05-25 11:17:24,668.95,624082
2021-05-25 11:17:25,668.95,624082
2021-05-25 11:17:26,668.95,624090
2021-05-25 11:17:28,668.95,624190
2021-05-25 11:17:28,668.95,624190
2021-05-25 11:17:29,668.95,624193
2021-05-25 11:17:30,668.95,624193
2021-05-25 11:17:32,668.95,624200
2021-05-25 11:17:32,668.95,624200
2021-05-25 11:17:33,668.95,624200
2021-05-25 11:17:34,668.95,624200
2021-05-25 11:17:35,668.95,624200
2021-05-25 11:17:36,668.95,624210
2021-05-25 11:17:37,668.95,624260
2021-05-25 11:17:38,668.95,624270
2021-05-25 11:17:39,668.95,624272
2021-05-25 11:17:41,668.9,624312
2021-05-25 11:17:41,668.95,624272
2021-05-25 11:17:42,668.9,624312
2021-05-25 11:17:44,668.95,624313
2021-05-25 11:17:44,668.95,624313
2021-05-25 11:17:45,668.95,624313
2021-05-25 11:17:47,668.95,624319
2021-05-25 11:17:48,668.95,624319
2021-05-25 11:17:49,668.95,624323
2021-05-25 11:17:51,668.95,624423
2021-05-25 11:17:51,668.95,624432
2021-05-25 11:17:52,668.95,624730
2021-05-25 11:17:53,668.95,624730
2021-05-25 11:17:54,668.95,624730
2021-05-25 11:17:55,669.0,624733
2021-05-25 11:17:56,669.0,624743
2021-05-25 11:17:57,669.0,624743
2021-05-25 11:17:59,669.0,624743
2021-05-25 11:17:59,669.0,624745
2021-05-25 11:18:02,669.0,624745
2021-05-25 11:18:02,669.0,624745
2021-05-25 11:18:03,668.95,625257
2021-05-25 11:18:04,669.0,625261
2021-05-25 11:18:05,669.0,625261
2021-05-25 11:18:06,669.0,625261
2021-05-25 11:18:07,669.0,625261
2021-05-25 11:18:08,668.9,625291
2021-05-25 11:18:09,669.0,625294
2021-05-25 11:18:10,669.0,625294
2021-05-25 11:18:12,669.0,625296
2021-05-25 11:18:13,668.95,625398
2021-05-25 11:18:14,668.95,625398
2021-05-25 11:18:14,668.95,625398
2021-05-25 11:18:15,668.9,625488
2021-05-25 11:18:16,668.85,625518
2021-05-25 11:18:17,668.9,625718
2021-05-25 11:18:19,668.9,625718
2021-05-25 11:18:19,668.9,625720
2021-05-25 11:18:20,668.9,625720
2021-05-25 11:18:22,668.9,625720
2021-05-25 11:18:23,669.0,625765
2021-05-25 11:18:25,668.85,625780
2021-05-25 11:18:27,668.85,625780
2021-05-25 11:18:28,668.85,625780
2021-05-25 11:18:29,668.85,625780
2021-05-25 11:18:29,668.85,625780
2021-05-25 11:18:31,668.85,625815
2021-05-25 11:18:31,669.0,625785
2021-05-25 11:18:33,669.0,625819
2021-05-25 11:18:34,669.0,625819
2021-05-25 11:18:35,669.0,625820
2021-05-25 11:18:36,669.0,625820
2021-05-25 11:18:36,668.85,625928
2021-05-25 11:18:38,668.85,625928
2021-05-25 11:18:39,668.85,625928
2021-05-25 11:18:40,669.0,625930
2021-05-25 11:18:41,669.0,625930
2021-05-25 11:18:43,669.0,625930
2021-05-25 11:18:44,669.0,625930
2021-05-25 11:18:46,669.0,625931
2021-05-25 11:18:46,669.0,625931
2021-05-25 11:18:47,669.0,625981
2021-05-25 11:18:48,669.0,625986
2021-05-25 11:18:50,669.0,625989
2021-05-25 11:18:51,669.0,625989
2021-05-25 11:18:51,669.0,625989
2021-05-25 11:18:53,669.0,627613
2021-05-25 11:18:54,669.0,627613
2021-05-25 11:18:55,669.0,627613
2021-05-25 11:18:55,669.0,627626
2021-05-25 11:18:58,669.0,627653
2021-05-25 11:18:59,669.0,627653
2021-05-25 11:19:00,669.0,627655
2021-05-25 11:19:02,669.0,627658
2021-05-25 11:19:02,669.0,627708
2021-05-25 11:19:03,669.0,627708
2021-05-25 11:19:05,669.0,627708
2021-05-25 11:19:06,668.9,627733
2021-05-25 11:19:07,669.0,627738
2021-05-25 11:19:07,669.0,627738
2021-05-25 11:19:08,669.0,627758
2021-05-25 11:19:09,669.0,627768
2021-05-25 11:19:10,669.0,627772
2021-05-25 11:19:11,669.0,627772
2021-05-25 11:19:12,669.0,627772
2021-05-25 11:19:13,669.0,627772
2021-05-25 11:19:15,669.0,627772
2021-05-25 11:19:16,669.0,627786
2021-05-25 11:19:18,669.0,627823
2021-05-25 11:19:18,669.0,627823
2021-05-25 11:19:20,669.0,627827
2021-05-25 11:19:21,669.0,628037
2021-05-25 11:19:21,669.0,628037
2021-05-25 11:19:22,669.0,628058
2021-05-25 11:19:24,669.0,628389
2021-05-25 11:19:25,669.0,628389
2021-05-25 11:19:27,668.9,628394
2021-05-25 11:19:31,669.0,628397
2021-05-25 11:19:32,668.95,628398
2021-05-25 11:19:33,669.0,628548
2021-05-25 11:19:34,668.9,628561
2021-05-25 11:19:35,668.9,628561
2021-05-25 11:19:36,668.9,628561
2021-05-25 11:19:37,669.0,628566
2021-05-25 11:19:38,668.85,628889
2021-05-25 11:19:39,668.85,628889
2021-05-25 11:19:40,669.0,628891
2021-05-25 11:19:42,669.0,628891
2021-05-25 11:19:43,669.0,628891
2021-05-25 11:19:44,669.0,628891
2021-05-25 11:19:45,669.0,628921
2021-05-25 11:19:46,669.0,628921
2021-05-25 11:19:47,669.0,628921
2021-05-25 11:19:48,669.0,629171
2021-05-25 11:19:49,669.0,629171
2021-05-25 11:19:50,669.0,629175
2021-05-25 11:19:50,669.0,629225
2021-05-25 11:19:52,669.0,629225
2021-05-25 11:19:52,669.0,629225
2021-05-25 11:19:53,669.0,629225
2021-05-25 11:19:54,669.0,629475
2021-05-25 11:19:55,669.0,629480
2021-05-25 11:19:56,669.0,629649
2021-05-25 11:19:57,669.0,629649
2021-05-25 11:19:59,669.0,629649
2021-05-25 11:20:00,669.0,629651
2021-05-25 11:20:01,669.0,629651
2021-05-25 11:20:03,669.0,629731
2021-05-25 11:20:04,669.0,629731
2021-05-25 11:20:05,669.0,629741
2021-05-25 11:20:06,669.0,629841
2021-05-25 11:20:07,669.0,629855
2021-05-25 11:20:08,669.0,629886
2021-05-25 11:20:09,669.0,629957
2021-05-25 11:20:09,669.0,629961
2021-05-25 11:20:11,669.0,629971
2021-05-25 11:20:12,669.0,629971
2021-05-25 11:20:14,668.95,629991
2021-05-25 11:20:14,668.95,629991
2021-05-25 11:20:15,668.95,629996
2021-05-25 11:20:17,668.95,629996
2021-05-25 11:20:18,668.95,629996
2021-05-25 11:20:19,668.95,629996
2021-05-25 11:20:20,669.0,630174
2021-05-25 11:20:21,669.0,630285
2021-05-25 11:20:22,669.0,630285
2021-05-25 11:20:24,669.0,630285
2021-05-25 11:20:25,669.0,630285
2021-05-25 11:20:26,669.0,630320
2021-05-25 11:20:26,669.0,630320
2021-05-25 11:20:29,669.0,630321
2021-05-25 11:20:31,669.0,630342
2021-05-25 11:20:34,669.0,630352
2021-05-25 11:20:36,669.0,630399
