timestamp,ltp,volume
2021-05-25 09:15:32,6933.5,9850
2021-05-25 09:15:33,6939.0,10049
2021-05-25 09:15:34,6935.0,10325
2021-05-25 09:15:35,6938.55,10401
2021-05-25 09:15:36,6938.7,10518
2021-05-25 09:15:37,6930.0,11165
2021-05-25 09:15:38,6935.15,12768
2021-05-25 09:15:39,6936.85,13069
2021-05-25 09:15:40,6940.1,14385
2021-05-25 09:15:41,6941.85,14831
2021-05-25 09:15:42,6934.0,16149
2021-05-25 09:15:43,6933.0,16763
2021-05-25 09:15:44,6930.9,17028
2021-05-25 09:15:45,6930.95,17108
2021-05-25 09:15:46,6937.1,17166
2021-05-25 09:15:47,6936.2,17178
2021-05-25 09:15:48,6936.25,17270
2021-05-25 09:15:49,6935.3,17295
2021-05-25 09:15:50,6927.25,17959
2021-05-25 09:15:51,6929.85,18052
2021-05-25 09:15:52,6935.0,18082
2021-05-25 09:15:53,6935.4,18221
2021-05-25 09:15:54,6935.4,18311
2021-05-25 09:15:55,6935.9,18587
2021-05-25 09:15:56,6935.6,18779
2021-05-25 09:15:57,6932.85,18962
2021-05-25 09:15:58,6932.95,19053
2021-05-25 09:15:59,6935.7,19057
2021-05-25 09:16:00,6930.0,19386
2021-05-25 09:16:01,6928.05,19781
2021-05-25 09:16:02,6933.15,19808
2021-05-25 09:16:03,6934.2,19838
2021-05-25 09:16:04,6932.9,20056
2021-05-25 09:16:05,6932.9,20101
2021-05-25 09:16:07,6934.55,20123
2021-05-25 09:16:08,6934.75,20138
2021-05-25 09:16:09,6934.9,20341
2021-05-25 09:16:09,6934.65,20446
2021-05-25 09:16:11,6934.2,20567
2021-05-25 09:16:12,6932.9,20588
2021-05-25 09:16:13,6934.7,20713
2021-05-25 09:16:14,6934.0,20865
2021-05-25 09:16:15,6931.9,20940
2021-05-25 09:16:16,6931.9,20945
2021-05-25 09:16:17,6931.9,20977
2021-05-25 09:16:18,6934.0,20980
2021-05-25 09:16:19,6932.8,21072
2021-05-25 09:16:20,6931.45,21092
2021-05-25 09:16:22,6933.15,21293
2021-05-25 09:16:22,6931.2,21334
2021-05-25 09:16:23,6934.0,21537
2021-05-25 09:16:25,6936.0,21538
2021-05-25 09:16:25,6937.35,21755
2021-05-25 09:16:26,6939.9,21990
2021-05-25 09:16:28,6937.05,22079
2021-05-25 09:16:29,6940.7,22119
2021-05-25 09:16:30,6937.6,22294
2021-05-25 09:16:31,6941.4,22390
2021-05-25 09:16:32,6938.5,22525
2021-05-25 09:16:33,6938.5,22600
2021-05-25 09:16:34,6940.95,22610
2021-05-25 09:16:35,6938.5,22846
2021-05-25 09:16:36,6938.95,22854
2021-05-25 09:16:37,6938.6,22954
2021-05-25 09:16:38,6938.95,22967
2021-05-25 09:16:39,6940.45,23305
2021-05-25 09:16:40,6940.4,23760
2021-05-25 09:16:41,6940.4,23760
2021-05-25 09:16:42,6939.9,23814
2021-05-25 09:16:43,6938.95,23933
2021-05-25 09:16:44,6940.0,24074
2021-05-25 09:16:48,6940.0,24302
2021-05-25 09:16:49,6940.0,24303
2021-05-25 09:16:50,6941.75,24861
2021-05-25 09:16:51,6940.0,24871
2021-05-25 09:16:52,6940.0,24876
2021-05-25 09:16:53,6940.0,24973
2021-05-25 09:16:54,6942.1,25073
2021-05-25 09:16:55,6941.75,25115
2021-05-25 09:16:56,6941.2,25136
2021-05-25 09:16:57,6941.2,25229
2021-05-25 09:16:58,6941.2,25233
2021-05-25 09:16:59,6941.7,25248
2021-05-25 09:17:01,6947.15,26108
2021-05-25 09:17:02,6947.9,26273
2021-05-25 09:17:04,6948.0,26370
2021-05-25 09:17:04,6947.9,26527
2021-05-25 09:17:05,6948.0,26560
2021-05-25 09:17:06,6947.8,26600
2021-05-25 09:17:08,6947.9,26635
2021-05-25 09:17:08,6948.0,26638
2021-05-25 09:17:09,6947.8,26795
2021-05-25 09:17:10,6948.0,27214
2021-05-25 09:17:11,6947.05,27720
2021-05-25 09:17:12,6947.45,27885
2021-05-25 09:17:13,6947.05,27946
2021-05-25 09:17:14,6943.55,28002
2021-05-25 09:17:15,6947.0,28004
2021-05-25 09:17:16,6947.0,28024
2021-05-25 09:17:17,6942.85,28162
2021-05-25 09:17:18,6941.2,28589
2021-05-25 09:17:19,6941.2,28589
2021-05-25 09:17:20,6941.25,28603
2021-05-25 09:17:21,6946.3,28653
2021-05-25 09:17:23,6941.45,28707
2021-05-25 09:17:24,6941.85,28721
2021-05-25 09:17:25,6941.9,28776
2021-05-25 09:17:26,6942.0,28791
2021-05-25 09:17:28,6941.85,28833
2021-05-25 09:17:29,6943.55,28842
2021-05-25 09:17:30,6944.0,28941
2021-05-25 09:17:30,6944.0,28941
2021-05-25 09:17:31,6941.85,29022
2021-05-25 09:17:32,6941.85,29830
2021-05-25 09:17:33,6943.95,29836
2021-05-25 09:17:34,6941.8,29844
2021-05-25 09:17:35,6941.8,29844
2021-05-25 09:17:36,6942.0,30283
2021-05-25 09:17:37,6940.05,30284
2021-05-25 09:17:38,6941.0,30302
2021-05-25 09:17:39,6941.9,30362
2021-05-25 09:17:40,6941.85,30385
2021-05-25 09:17:42,6941.05,30407
2021-05-25 09:17:43,6941.85,30422
2021-05-25 09:17:44,6941.85,30423
2021-05-25 09:17:46,6941.05,30457
2021-05-25 09:17:46,6941.05,30457
2021-05-25 09:17:47,6941.85,30477
2021-05-25 09:17:48,6941.85,30485
2021-05-25 09:17:49,6942.0,30551
2021-05-25 09:17:50,6941.0,30624
2021-05-25 09:17:51,6932.05,31303
2021-05-25 09:17:52,6940.8,31433
2021-05-25 09:17:55,6940.7,31544
2021-05-25 09:17:56,6940.7,31544
2021-05-25 09:17:56,6940.05,31644
2021-05-25 09:17:57,6940.65,31655
2021-05-25 09:17:59,6940.65,31744
2021-05-25 09:18:01,6937.25,31782
2021-05-25 09:18:02,6937.0,31884
2021-05-25 09:18:04,6940.0,31904
2021-05-25 09:18:07,6937.3,32058
2021-05-25 09:18:08,6937.3,32088
2021-05-25 09:18:09,6940.0,32110
2021-05-25 09:18:10,6940.0,32186
2021-05-25 09:18:10,6940.0,32186
2021-05-25 09:18:12,6937.3,32379
2021-05-25 09:18:13,6940.0,32415
2021-05-25 09:18:14,6940.0,32418
2021-05-25 09:18:14,6940.0,32418
2021-05-25 09:18:15,6940.0,32527
2021-05-25 09:18:16,6937.3,32548
2021-05-25 09:18:17,6937.3,32564
2021-05-25 09:18:19,6939.95,32568
2021-05-25 09:18:21,6939.95,32701
2021-05-25 09:18:22,6939.95,32701
2021-05-25 09:18:22,6937.3,32702
2021-05-25 09:18:23,6939.95,32812
2021-05-25 09:18:24,6939.95,32816
2021-05-25 09:18:25,6936.7,33592
2021-05-25 09:18:26,6938.75,33598
2021-05-25 09:18:27,6939.9,33722
2021-05-25 09:18:28,6935.5,33798
2021-05-25 09:18:29,6936.45,33879
2021-05-25 09:18:30,6933.45,33918
2021-05-25 09:18:31,6938.0,34022
2021-05-25 09:18:32,6936.45,34023
2021-05-25 09:18:36,6939.6,34083
2021-05-25 09:18:37,6936.55,34183
2021-05-25 09:18:38,6936.5,34296
2021-05-25 09:18:39,6936.5,34300
2021-05-25 09:18:39,6935.3,34437
2021-05-25 09:18:41,6939.9,34838
2021-05-25 09:18:42,6936.85,34898
2021-05-25 09:18:43,6940.0,34998
2021-05-25 09:18:44,6938.5,35103
2021-05-25 09:18:47,6935.15,35441
2021-05-25 09:18:48,6935.15,35441
2021-05-25 09:18:49,6939.45,35478
2021-05-25 09:18:50,6935.35,35522
2021-05-25 09:18:51,6939.4,35536
2021-05-25 09:18:52,6939.9,35556
2021-05-25 09:18:54,6937.0,35790
2021-05-25 09:18:55,6939.9,35793
2021-05-25 09:18:56,6938.0,35903
2021-05-25 09:18:57,6939.7,35944
2021-05-25 09:18:57,6939.5,35945
2021-05-25 09:18:58,6939.0,35952
2021-05-25 09:18:59,6938.0,35998
2021-05-25 09:19:00,6938.0,36003
2021-05-25 09:19:01,6938.05,36052
2021-05-25 09:19:02,6939.9,36091
2021-05-25 09:19:03,6938.05,36141
2021-05-25 09:19:04,6939.85,36143
2021-05-25 09:19:05,6939.95,36264
2021-05-25 09:19:06,6938.05,36533
2021-05-25 09:19:07,6938.05,36550
2021-05-25 09:19:08,6939.5,36562
2021-05-25 09:19:10,6936.5,36752
2021-05-25 09:19:11,6938.4,36873
2021-05-25 09:19:12,6938.4,36873
2021-05-25 09:19:14,6938.4,36873
2021-05-25 09:19:15,6937.65,36877
2021-05-25 09:19:16,6938.0,36889
2021-05-25 09:19:16,6938.0,36889
2021-05-25 09:19:17,6938.0,36889
2021-05-25 09:19:18,6936.55,36910
2021-05-25 09:19:19,6937.85,36913
2021-05-25 09:19:20,6937.85,36963
2021-05-25 09:19:22,6937.9,37132
2021-05-25 09:19:24,6937.9,37167
2021-05-25 09:19:25,6937.0,37208
2021-05-25 09:19:26,6937.0,37208
2021-05-25 09:19:27,6937.0,37276
2021-05-25 09:19:28,6934.05,37288
2021-05-25 09:19:29,6935.3,37528
2021-05-25 09:19:30,6935.35,37708
2021-05-25 09:19:31,6936.55,37713
2021-05-25 09:19:33,6932.15,38354
2021-05-25 09:19:35,6932.15,38551
2021-05-25 09:19:37,6932.9,38665
2021-05-25 09:19:39,6933.1,38681
2021-05-25 09:19:41,6933.15,38686
2021-05-25 09:19:42,6935.25,38729
2021-05-25 09:19:43,6937.8,38841
2021-05-25 09:19:44,6932.2,39095
2021-05-25 09:19:45,6934.0,39096
2021-05-25 09:19:46,6932.0,39183
2021-05-25 09:19:47,6932.2,39209
2021-05-25 09:19:48,6932.2,39209
2021-05-25 09:19:49,6931.0,39306
2021-05-25 09:19:50,6930.95,39371
2021-05-25 09:19:51,6932.0,39380
2021-05-25 09:19:54,6930.0,39611
2021-05-25 09:19:55,6925.95,39704
2021-05-25 09:19:56,6930.0,39727
2021-05-25 09:19:58,6930.0,39775
2021-05-25 09:19:59,6932.0,39875
2021-05-25 09:20:00,6932.0,40257
2021-05-25 09:20:01,6933.0,40262
2021-05-25 09:20:02,6930.3,40283
2021-05-25 09:20:04,6930.15,40319
2021-05-25 09:20:05,6932.4,40337
2021-05-25 09:20:06,6933.1,40347
2021-05-25 09:20:07,6930.0,40448
2021-05-25 09:20:08,6932.3,40499
2021-05-25 09:20:09,6930.0,40509
2021-05-25 09:20:10,6930.15,40761
2021-05-25 09:20:10,6930.15,40761
2021-05-25 09:20:12,6931.8,40775
2021-05-25 09:20:13,6929.4,40811
2021-05-25 09:20:13,6929.4,40811
2021-05-25 09:20:14,6928.8,40816
2021-05-25 09:20:15,6928.8,40817
2021-05-25 09:20:16,6928.75,40853
2021-05-25 09:20:17,6930.0,40888
2021-05-25 09:20:18,6929.85,40906
2021-05-25 09:20:19,6925.5,40975
2021-05-25 09:20:21,6925.8,40978
2021-05-25 09:20:24,6929.0,41307
2021-05-25 09:20:25,6930.65,41346
2021-05-25 09:20:29,6930.65,41531
2021-05-25 09:20:30,6930.45,41533
2021-05-25 09:20:32,6930.65,41732
2021-05-25 09:20:33,6930.45,41832
2021-05-25 09:20:35,6930.45,41882
2021-05-25 09:20:36,6930.75,41883
2021-05-25 09:20:41,6931.75,42615
2021-05-25 09:20:45,6932.45,42874
2021-05-25 09:20:46,6931.75,42881
2021-05-25 09:20:47,6931.75,42884
2021-05-25 09:20:48,6933.0,42891
2021-05-25 09:20:49,6933.0,42891
2021-05-25 09:20:50,6933.0,42891
2021-05-25 09:20:51,6934.0,42957
2021-05-25 09:20:51,6934.0,42957
2021-05-25 09:20:52,6931.8,42960
2021-05-25 09:20:53,6933.95,43000
2021-05-25 09:20:54,6934.0,43111
2021-05-25 09:20:55,6933.0,43120
2021-05-25 09:20:56,6933.0,43120
2021-05-25 09:20:57,6933.0,43120
2021-05-25 09:21:00,6933.0,43189
2021-05-25 09:21:01,6932.45,43256
2021-05-25 09:21:02,6933.95,43308
2021-05-25 09:21:03,6933.95,43308
2021-05-25 09:21:04,6931.25,43333
2021-05-25 09:21:05,6932.45,43336
2021-05-25 09:21:06,6932.15,43391
2021-05-25 09:21:07,6931.2,43393
2021-05-25 09:21:08,6928.45,43547
2021-05-25 09:21:09,6930.9,43617
2021-05-25 09:21:10,6932.1,43654
2021-05-25 09:21:11,6931.0,43664
2021-05-25 09:21:12,6930.65,43674
2021-05-25 09:21:13,6930.65,43674
2021-05-25 09:21:14,6930.65,43674
2021-05-25 09:21:15,6930.65,43674
2021-05-25 09:21:16,6930.8,43683
2021-05-25 09:21:17,6930.8,43683
2021-05-25 09:21:18,6930.8,43683
2021-05-25 09:21:19,6930.8,43683
2021-05-25 09:21:20,6928.55,43698
2021-05-25 09:21:21,6929.45,43699
2021-05-25 09:21:22,6929.45,43706
2021-05-25 09:21:23,6929.45,43706
2021-05-25 09:21:24,6929.45,43706
2021-05-25 09:21:25,6928.5,43712
2021-05-25 09:21:26,6929.45,43778
2021-05-25 09:21:27,6929.45,43778
2021-05-25 09:21:28,6928.15,43991
2021-05-25 09:21:29,6927.7,44025
2021-05-25 09:21:30,6927.7,44025
2021-05-25 09:21:31,6930.9,44241
2021-05-25 09:21:32,6930.0,44243
2021-05-25 09:21:33,6930.0,44243
2021-05-25 09:21:34,6927.7,44280
2021-05-25 09:21:35,6927.7,44280
2021-05-25 09:21:36,6929.45,44282
2021-05-25 09:21:37,6929.45,44282
2021-05-25 09:21:38,6931.45,44308
2021-05-25 09:21:41,6928.8,44416
2021-05-25 09:21:42,6929.8,44417
2021-05-25 09:21:43,6928.5,44430
2021-05-25 09:21:44,6929.85,44435
2021-05-25 09:21:45,6920.0,45991
2021-05-25 09:21:46,6920.25,46157
2021-05-25 09:21:47,6920.25,46157
2021-05-25 09:21:48,6920.25,46157
2021-05-25 09:21:49,6920.25,46257
2021-05-25 09:21:51,6922.05,46288
2021-05-25 09:21:52,6920.7,46388
2021-05-25 09:21:53,6920.15,46491
2021-05-25 09:21:54,6920.0,46591
2021-05-25 09:21:55,6920.25,46602
2021-05-25 09:21:56,6923.2,46617
2021-05-25 09:21:57,6923.2,46617
2021-05-25 09:21:58,6920.0,46718
2021-05-25 09:21:59,6924.75,46933
2021-05-25 09:22:00,6921.1,46986
2021-05-25 09:22:01,6923.2,47237
2021-05-25 09:22:02,6923.2,47237
2021-05-25 09:22:04,6925.0,47239
2021-05-25 09:22:07,6920.1,47363
2021-05-25 09:22:08,6922.8,47366
2021-05-25 09:22:10,6922.85,47421
2021-05-25 09:22:12,6919.0,47474
2021-05-25 09:22:13,6917.5,47600
2021-05-25 09:22:15,6919.9,47647
2021-05-25 09:22:17,6920.0,47730
2021-05-25 09:22:19,6920.0,47769
2021-05-25 09:22:21,6920.05,47771
2021-05-25 09:22:22,6920.05,47855
2021-05-25 09:22:23,6919.8,47946
2021-05-25 09:22:24,6919.8,47946
2021-05-25 09:22:25,6919.8,47947
2021-05-25 09:22:26,6917.65,47953
2021-05-25 09:22:27,6917.65,47953
2021-05-25 09:22:28,6917.65,47953
2021-05-25 09:22:29,6917.65,47953
2021-05-25 09:22:30,6919.75,47958
2021-05-25 09:22:31,6919.65,47961
2021-05-25 09:22:32,6922.5,48125
2021-05-25 09:22:33,6922.65,48135
2021-05-25 09:22:34,6918.6,48347
2021-05-25 09:22:35,6917.65,48591
2021-05-25 09:22:36,6919.95,48612
2021-05-25 09:22:36,6919.95,48612
2021-05-25 09:22:37,6917.0,48656
2021-05-25 09:22:38,6917.0,48656
2021-05-25 09:22:39,6918.0,48661
2021-05-25 09:22:40,6918.0,48679
2021-05-25 09:22:41,6917.4,48684
2021-05-25 09:22:42,6919.65,49010
2021-05-25 09:22:43,6920.0,49011
2021-05-25 09:22:44,6922.0,49080
2021-05-25 09:22:46,6921.4,49228
2021-05-25 09:22:47,6919.8,49428
2021-05-25 09:22:48,6923.95,49997
2021-05-25 09:22:49,6924.5,50189
2021-05-25 09:22:50,6924.5,50189
2021-05-25 09:22:51,6921.3,50210
2021-05-25 09:22:52,6921.3,50250
2021-05-25 09:22:53,6921.3,50252
2021-05-25 09:22:54,6924.6,50263
2021-05-25 09:22:56,6922.0,50273
2021-05-25 09:22:56,6921.35,50342
2021-05-25 09:22:57,6922.0,50404
2021-05-25 09:22:58,6921.3,50405
2021-05-25 09:22:59,6923.7,50451
2021-05-25 09:23:00,6924.75,50978
2021-05-25 09:23:01,6923.95,51043
2021-05-25 09:23:03,6925.75,51073
2021-05-25 09:23:04,6925.7,51133
2021-05-25 09:23:05,6923.1,51155
2021-05-25 09:23:06,6924.8,51156
2021-05-25 09:23:07,6924.8,51226
2021-05-25 09:23:08,6924.8,51226
2021-05-25 09:23:12,6924.8,51231
2021-05-25 09:23:14,6923.15,51244
2021-05-25 09:23:16,6923.15,51298
2021-05-25 09:23:19,6924.5,51428
2021-05-25 09:23:21,6923.0,51762
2021-05-25 09:23:25,6923.15,51851
2021-05-25 09:23:26,6924.5,51866
2021-05-25 09:23:26,6924.5,51866
2021-05-25 09:23:28,6921.85,52092
2021-05-25 09:23:29,6921.85,52092
2021-05-25 09:23:30,6924.0,52095
2021-05-25 09:23:31,6922.1,52098
2021-05-25 09:23:34,6922.1,52098
2021-05-25 09:23:35,6922.8,52108
2021-05-25 09:23:37,6924.0,52158
2021-05-25 09:23:38,6924.0,52158
2021-05-25 09:23:39,6922.8,52163
2021-05-25 09:23:40,6922.8,52163
2021-05-25 09:23:41,6922.8,52163
2021-05-25 09:23:42,6922.0,52201
2021-05-25 09:23:43,6925.3,52316
2021-05-25 09:23:44,6925.3,52316
2021-05-25 09:23:46,6924.0,52521
2021-05-25 09:23:47,6924.0,52521
2021-05-25 09:23:48,6924.0,52541
2021-05-25 09:23:49,6925.75,52661
2021-05-25 09:23:51,6925.5,52667
2021-05-25 09:23:52,6925.5,52667
2021-05-25 09:23:54,6922.85,52674
2021-05-25 09:23:59,6924.8,52750
2021-05-25 09:24:01,6924.95,52782
2021-05-25 09:24:02,6924.8,52845
2021-05-25 09:24:03,6924.8,52845
2021-05-25 09:24:04,6924.0,52990
2021-05-25 09:24:05,6922.95,53006
2021-05-25 09:24:06,6922.0,53127
2021-05-25 09:24:07,6922.0,53127
2021-05-25 09:24:08,6922.95,53135
2021-05-25 09:24:09,6924.0,53153
2021-05-25 09:24:10,6924.0,53153
2021-05-25 09:24:11,6924.0,53153
2021-05-25 09:24:13,6924.0,53154
2021-05-25 09:24:14,6924.0,53154
2021-05-25 09:24:15,6922.5,53155
2021-05-25 09:24:16,6922.5,53155
2021-05-25 09:24:17,6923.0,53156
2021-05-25 09:24:18,6922.5,53171
2021-05-25 09:24:19,6922.5,53171
2021-05-25 09:24:20,6923.0,53188
2021-05-25 09:24:21,6923.0,53239
2021-05-25 09:24:23,6922.0,53333
2021-05-25 09:24:24,6922.0,53333
2021-05-25 09:24:25,6922.5,53361
2021-05-25 09:24:26,6922.5,53361
2021-05-25 09:24:28,6923.0,53373
2021-05-25 09:24:29,6920.8,53498
2021-05-25 09:24:30,6922.55,53500
2021-05-25 09:24:31,6924.6,53626
2021-05-25 09:24:32,6925.2,53643
2021-05-25 09:24:33,6925.2,53643
2021-05-25 09:24:34,6923.0,53743
2021-05-25 09:24:35,6924.6,53799
2021-05-25 09:24:36,6923.0,53915
2021-05-25 09:24:37,6920.0,54026
2021-05-25 09:24:38,6920.0,54026
2021-05-25 09:24:39,6920.0,54026
2021-05-25 09:24:40,6924.05,54140
2021-05-25 09:24:43,6922.8,54417
2021-05-25 09:24:44,6923.85,54572
2021-05-25 09:24:45,6924.45,54585
2021-05-25 09:24:46,6924.45,54585
2021-05-25 09:24:48,6922.65,54795
2021-05-25 09:24:49,6922.65,54795
2021-05-25 09:24:50,6922.65,54795
2021-05-25 09:24:51,6922.65,54799
2021-05-25 09:24:52,6922.65,54799
2021-05-25 09:24:53,6921.35,54801
2021-05-25 09:24:54,6921.35,54801
2021-05-25 09:24:55,6922.65,54802
2021-05-25 09:24:56,6922.65,54802
2021-05-25 09:24:57,6922.65,54802
2021-05-25 09:25:00,6922.65,54834
2021-05-25 09:25:01,6921.35,54837
2021-05-25 09:25:02,6921.3,54848
2021-05-25 09:25:03,6920.0,54936
2021-05-25 09:25:05,6922.65,54988
2021-05-25 09:25:06,6922.65,54988
2021-05-25 09:25:07,6922.65,55046
2021-05-25 09:25:08,6920.4,55063
2021-05-25 09:25:09,6922.65,55094
2021-05-25 09:25:10,6923.0,55213
2021-05-25 09:25:11,6923.0,55213
2021-05-25 09:25:12,6923.0,55213
2021-05-25 09:25:13,6920.8,55218
2021-05-25 09:25:14,6922.9,55220
2021-05-25 09:25:15,6922.85,55222
2021-05-25 09:25:16,6922.85,55222
2021-05-25 09:25:17,6920.2,55247
2021-05-25 09:25:18,6920.2,55247
2021-05-25 09:25:19,6923.1,55527
2021-05-25 09:25:20,6923.1,55527
2021-05-25 09:25:21,6924.0,55582
2021-05-25 09:25:23,6924.6,55687
2021-05-25 09:25:24,6924.6,55687
2021-05-25 09:25:25,6925.7,56040
2021-05-25 09:25:26,6925.7,56040
2021-05-25 09:25:27,6923.55,56047
2021-05-25 09:25:28,6924.0,56062
2021-05-25 09:25:29,6924.0,56062
2021-05-25 09:25:31,6926.45,56099
2021-05-25 09:25:33,6925.05,56149
2021-05-25 09:25:34,6925.05,56149
2021-05-25 09:25:36,6925.05,56168
2021-05-25 09:25:39,6922.9,56557
2021-05-25 09:25:40,6922.9,56580
2021-05-25 09:25:44,6922.75,56599
2021-05-25 09:25:45,6922.75,56609
2021-05-25 09:25:46,6918.6,57360
2021-05-25 09:25:47,6918.7,57439
2021-05-25 09:25:48,6918.0,57494
2021-05-25 09:25:49,6918.35,57514
2021-05-25 09:25:50,6918.25,57526
2021-05-25 09:25:51,6916.0,57527
2021-05-25 09:25:52,6915.0,57709
2021-05-25 09:25:53,6913.0,58315
2021-05-25 09:25:54,6915.0,58393
2021-05-25 09:25:55,6912.5,58417
2021-05-25 09:25:56,6912.5,58428
2021-05-25 09:25:57,6912.9,58459
2021-05-25 09:25:59,6910.0,59140
2021-05-25 09:26:01,6913.5,59282
2021-05-25 09:26:02,6913.55,59390
2021-05-25 09:26:03,6913.75,59713
2021-05-25 09:26:04,6911.15,59719
2021-05-25 09:26:06,6912.8,59841
2021-05-25 09:26:07,6910.0,59851
2021-05-25 09:26:09,6910.35,59885
2021-05-25 09:26:10,6915.0,59901
2021-05-25 09:26:11,6915.0,59929
2021-05-25 09:26:12,6910.05,60095
2021-05-25 09:26:13,6913.35,60114
2021-05-25 09:26:14,6912.4,60150
2021-05-25 09:26:15,6912.4,60150
2021-05-25 09:26:16,6910.05,60302
2021-05-25 09:26:17,6912.45,60355
2021-05-25 09:26:18,6913.7,60524
2021-05-25 09:26:19,6912.4,60525
2021-05-25 09:26:20,6912.4,60537
2021-05-25 09:26:21,6912.45,60542
2021-05-25 09:26:22,6912.45,60542
2021-05-25 09:26:23,6912.45,60542
2021-05-25 09:26:24,6912.0,60625
2021-05-25 09:26:25,6913.7,60896
2021-05-25 09:26:26,6912.0,60899
2021-05-25 09:26:27,6910.8,60900
2021-05-25 09:26:28,6912.4,60904
2021-05-25 09:26:29,6912.0,61120
2021-05-25 09:26:30,6913.7,61176
2021-05-25 09:26:31,6913.7,61176
2021-05-25 09:26:33,6913.7,61184
2021-05-25 09:26:34,6912.0,61247
2021-05-25 09:26:35,6913.7,61250
2021-05-25 09:26:36,6913.7,61256
2021-05-25 09:26:37,6913.7,61317
2021-05-25 09:26:38,6913.7,61322
2021-05-25 09:26:39,6914.0,61429
2021-05-25 09:26:40,6917.0,61596
2021-05-25 09:26:41,6917.5,61597
2021-05-25 09:26:42,6919.5,61624
2021-05-25 09:26:43,6919.5,61624
2021-05-25 09:26:45,6920.0,61806
2021-05-25 09:26:47,6920.1,62168
2021-05-25 09:26:48,6920.1,62168
2021-05-25 09:26:50,6923.8,62179
2021-05-25 09:26:52,6923.85,62190
2021-05-25 09:26:53,6923.85,62191
2021-05-25 09:26:54,6923.85,62191
2021-05-25 09:26:57,6924.0,62234
2021-05-25 09:26:58,6925.45,62372
2021-05-25 09:26:59,6925.45,62372
2021-05-25 09:27:00,6924.0,62376
2021-05-25 09:27:01,6924.0,62395
2021-05-25 09:27:02,6924.0,62414
2021-05-25 09:27:03,6924.0,62414
2021-05-25 09:27:04,6924.0,62416
2021-05-25 09:27:05,6924.0,62421
2021-05-25 09:27:06,6925.0,62446
2021-05-25 09:27:07,6925.0,62446
2021-05-25 09:27:08,6925.0,62446
2021-05-25 09:27:09,6924.0,62464
2021-05-25 09:27:10,6924.8,62490
2021-05-25 09:27:11,6924.8,62508
2021-05-25 09:27:12,6924.0,62579
2021-05-25 09:27:14,6926.0,62763
2021-05-25 09:27:15,6923.85,62773
2021-05-25 09:27:16,6924.0,62778
2021-05-25 09:27:17,6924.0,62778
2021-05-25 09:27:18,6924.0,62778
2021-05-25 09:27:20,6924.05,62794
2021-05-25 09:27:22,6924.9,62894
2021-05-25 09:27:23,6923.85,62955
2021-05-25 09:27:28,6923.95,62978
2021-05-25 09:27:29,6923.95,62978
2021-05-25 09:27:31,6922.5,63030
2021-05-25 09:27:32,6922.5,63030
2021-05-25 09:27:33,6922.2,63032
2021-05-25 09:27:33,6922.2,63032
2021-05-25 09:27:35,6920.0,63082
2021-05-25 09:27:36,6920.0,63090
2021-05-25 09:27:39,6920.0,63090
2021-05-25 09:27:41,6920.0,63103
2021-05-25 09:27:42,6919.5,63118
2021-05-25 09:27:44,6919.0,63143
2021-05-25 09:27:46,6916.3,63193
2021-05-25 09:27:47,6919.2,63197
2021-05-25 09:27:48,6919.2,63197
2021-05-25 09:27:49,6918.0,63205
2021-05-25 09:27:50,6917.95,63206
2021-05-25 09:27:51,6917.95,63207
2021-05-25 09:27:52,6916.1,63209
2021-05-25 09:27:53,6917.95,63307
2021-05-25 09:27:54,6920.9,63366
2021-05-25 09:27:55,6920.0,63368
2021-05-25 09:27:56,6918.9,63394
2021-05-25 09:27:57,6918.05,63409
2021-05-25 09:27:58,6918.05,63409
2021-05-25 09:27:59,6915.4,63509
2021-05-25 09:28:00,6915.4,63509
2021-05-25 09:28:01,6915.4,63509
2021-05-25 09:28:04,6918.6,63514
2021-05-25 09:28:07,6915.45,63683
2021-05-25 09:28:08,6918.55,63703
2021-05-25 09:28:09,6918.55,63703
2021-05-25 09:28:10,6918.55,63706
2021-05-25 09:28:11,6919.0,63711
2021-05-25 09:28:13,6916.85,63723
2021-05-25 09:28:14,6916.85,63723
2021-05-25 09:28:15,6916.1,64823
2021-05-25 09:28:16,6916.1,64823
2021-05-25 09:28:17,6920.0,64873
2021-05-25 09:28:18,6920.0,64873
2021-05-25 09:28:20,6917.55,64898
2021-05-25 09:28:21,6917.55,64898
2021-05-25 09:28:22,6919.8,64900
2021-05-25 09:28:23,6919.8,64900
2021-05-25 09:28:24,6917.6,64910
2021-05-25 09:28:25,6916.1,64913
2021-05-25 09:28:26,6916.1,64913
2021-05-25 09:28:27,6916.1,64913
2021-05-25 09:28:30,6917.6,64938
2021-05-25 09:28:31,6917.6,64939
2021-05-25 09:28:32,6917.6,64939
2021-05-25 09:28:32,6917.6,64939
2021-05-25 09:28:33,6918.3,64960
2021-05-25 09:28:35,6917.7,64966
2021-05-25 09:28:36,6920.0,65086
2021-05-25 09:28:37,6917.7,65091
2021-05-25 09:28:39,6917.7,65104
2021-05-25 09:28:41,6920.0,65154
2021-05-25 09:28:43,6920.0,65154
2021-05-25 09:28:44,6918.0,65158
2021-05-25 09:28:45,6916.9,65266
2021-05-25 09:28:46,6918.45,65317
2021-05-25 09:28:47,6918.4,65318
2021-05-25 09:28:47,6918.0,65328
2021-05-25 09:28:48,6918.35,65334
2021-05-25 09:28:49,6918.0,65386
2021-05-25 09:28:50,6918.0,65386
2021-05-25 09:28:51,6920.0,65396
2021-05-25 09:28:52,6920.0,65396
2021-05-25 09:28:54,6920.0,65396
2021-05-25 09:28:54,6920.0,65396
2021-05-25 09:28:55,6920.0,65396
2021-05-25 09:28:59,6920.0,65415
2021-05-25 09:29:00,6920.0,65432
2021-05-25 09:29:01,6920.0,65432
2021-05-25 09:29:02,6920.0,65434
2021-05-25 09:29:03,6920.0,65434
2021-05-25 09:29:05,6920.0,65507
2021-05-25 09:29:06,6918.3,65508
2021-05-25 09:29:07,6920.0,65516
2021-05-25 09:29:08,6920.0,65516
2021-05-25 09:29:09,6919.5,65522
2021-05-25 09:29:10,6920.0,65620
2021-05-25 09:29:11,6920.0,65620
2021-05-25 09:29:12,6921.95,65700
2021-05-25 09:29:13,6921.95,65700
2021-05-25 09:29:14,6921.95,65700
2021-05-25 09:29:15,6921.95,65700
2021-05-25 09:29:16,6918.5,65800
2021-05-25 09:29:18,6920.75,65810
2021-05-25 09:29:18,6919.2,65828
2021-05-25 09:29:19,6920.0,65832
2021-05-25 09:29:20,6920.0,65845
2021-05-25 09:29:21,6919.2,65849
2021-05-25 09:29:22,6919.2,65859
2021-05-25 09:29:23,6919.2,65859
2021-05-25 09:29:24,6919.2,65868
2021-05-25 09:29:26,6919.2,65868
2021-05-25 09:29:27,6918.45,65918
2021-05-25 09:29:28,6918.45,65918
2021-05-25 09:29:29,6918.45,65923
2021-05-25 09:29:30,6919.2,65943
2021-05-25 09:29:31,6919.2,65943
2021-05-25 09:29:31,6919.2,65943
2021-05-25 09:29:32,6919.2,65943
2021-05-25 09:29:34,6919.2,65943
2021-05-25 09:29:35,6918.3,65948
2021-05-25 09:29:36,6920.0,66049
2021-05-25 09:29:37,6920.0,66049
2021-05-25 09:29:39,6920.0,66049
2021-05-25 09:29:40,6920.0,66049
2021-05-25 09:29:41,6918.3,66064
2021-05-25 09:29:41,6918.3,66064
2021-05-25 09:29:42,6918.3,66064
2021-05-25 09:29:43,6921.6,66066
2021-05-25 09:29:45,6918.3,66116
2021-05-25 09:29:49,6921.0,66142
2021-05-25 09:29:50,6921.0,66142
2021-05-25 09:29:53,6918.35,66332
2021-05-25 09:29:54,6918.35,66332
2021-05-25 09:29:55,6918.35,66332
2021-05-25 09:29:56,6918.35,66332
2021-05-25 09:29:57,6919.0,66343
2021-05-25 09:29:58,6919.0,66343
2021-05-25 09:29:59,6919.0,66343
2021-05-25 09:30:00,6919.0,66343
2021-05-25 09:30:01,6919.0,66343
2021-05-25 09:30:02,6919.05,66353
2021-05-25 09:30:05,6921.9,66366
2021-05-25 09:30:05,6921.9,66366
2021-05-25 09:30:06,6917.7,66586
2021-05-25 09:30:08,6918.3,66660
2021-05-25 09:30:09,6918.25,66668
2021-05-25 09:30:10,6917.0,66669
2021-05-25 09:30:11,6917.0,66669
2021-05-25 09:30:12,6918.1,66679
2021-05-25 09:30:13,6918.1,66679
2021-05-25 09:30:14,6919.95,66839
2021-05-25 09:30:16,6919.95,66839
2021-05-25 09:30:17,6919.95,66839
2021-05-25 09:30:18,6919.95,66839
2021-05-25 09:30:19,6921.3,66973
2021-05-25 09:30:20,6918.65,66974
2021-05-25 09:30:21,6920.85,67037
2021-05-25 09:30:22,6920.85,67037
2021-05-25 09:30:23,6923.3,67047
2021-05-25 09:30:24,6919.9,67058
2021-05-25 09:30:25,6919.8,67077
2021-05-25 09:30:26,6920.0,67082
2021-05-25 09:30:27,6922.4,67089
2021-05-25 09:30:28,6920.0,67104
2021-05-25 09:30:29,6920.0,67145
2021-05-25 09:30:30,6920.0,67145
2021-05-25 09:30:31,6920.0,67145
2021-05-25 09:30:32,6922.0,67223
2021-05-25 09:30:33,6922.0,67223
2021-05-25 09:30:34,6922.0,67223
2021-05-25 09:30:35,6922.15,67243
2021-05-25 09:30:36,6922.15,67243
2021-05-25 09:30:38,6919.0,67274
2021-05-25 09:30:39,6919.05,67277
2021-05-25 09:30:40,6919.05,67277
2021-05-25 09:30:41,6919.1,67284
2021-05-25 09:30:42,6920.35,67334
2021-05-25 09:30:43,6922.0,67442
2021-05-25 09:30:44,6922.0,67442
2021-05-25 09:30:45,6922.15,67447
2021-05-25 09:30:46,6919.8,67467
2021-05-25 09:30:47,6919.8,67467
2021-05-25 09:30:48,6919.8,67467
2021-05-25 09:30:49,6919.8,67467
2021-05-25 09:30:50,6922.0,67477
2021-05-25 09:30:51,6919.55,67490
2021-05-25 09:30:53,6919.0,67613
2021-05-25 09:30:54,6921.3,67614
2021-05-25 09:30:54,6921.3,67615
2021-05-25 09:30:55,6921.3,67615
2021-05-25 09:30:57,6921.3,67635
2021-05-25 09:30:58,6921.3,67645
2021-05-25 09:30:59,6918.0,67803
2021-05-25 09:31:00,6918.0,67832
2021-05-25 09:31:01,6918.0,67880
2021-05-25 09:31:02,6918.0,67880
2021-05-25 09:31:03,6919.5,67903
2021-05-25 09:31:05,6919.5,67970
2021-05-25 09:31:07,6919.5,67971
2021-05-25 09:31:08,6919.5,67971
2021-05-25 09:31:09,6921.0,67980
2021-05-25 09:31:10,6921.0,67980
2021-05-25 09:31:11,6918.0,68009
2021-05-25 09:31:12,6918.0,68077
2021-05-25 09:31:12,6918.0,68077
2021-05-25 09:31:13,6916.2,68079
2021-05-25 09:31:16,6918.0,68089
2021-05-25 09:31:17,6918.0,68089
2021-05-25 09:31:18,6918.0,68089
2021-05-25 09:31:19,6918.0,68089
2021-05-25 09:31:20,6918.0,68113
2021-05-25 09:31:21,6918.0,68113
2021-05-25 09:31:23,6916.1,68131
2021-05-25 09:31:24,6916.1,68155
2021-05-25 09:31:25,6918.0,68232
2021-05-25 09:31:26,6914.0,68493
2021-05-25 09:31:27,6915.0,68554
2021-05-25 09:31:29,6914.4,68673
2021-05-25 09:31:31,6910.8,68789
2021-05-25 09:31:32,6913.7,68814
2021-05-25 09:31:33,6914.4,68835
2021-05-25 09:31:34,6911.45,68960
2021-05-25 09:31:35,6911.45,68960
2021-05-25 09:31:36,6911.0,69135
2021-05-25 09:31:37,6912.15,69136
2021-05-25 09:31:38,6914.65,69163
2021-05-25 09:31:39,6912.2,69178
2021-05-25 09:31:40,6912.2,69178
2021-05-25 09:31:41,6912.5,69198
2021-05-25 09:31:42,6912.65,69233
2021-05-25 09:31:43,6912.65,69233
2021-05-25 09:31:44,6912.6,69243
2021-05-25 09:31:45,6914.9,69246
2021-05-25 09:31:46,6912.5,69375
2021-05-25 09:31:46,6912.5,69375
2021-05-25 09:31:47,6912.2,69379
2021-05-25 09:31:48,6912.2,69396
2021-05-25 09:31:49,6912.2,69403
2021-05-25 09:31:53,6911.0,69570
2021-05-25 09:31:54,6911.0,69570
2021-05-25 09:31:55,6913.15,69577
2021-05-25 09:31:56,6912.2,69593
2021-05-25 09:31:57,6911.0,69749
2021-05-25 09:31:58,6911.0,69749
2021-05-25 09:31:59,6911.0,69749
2021-05-25 09:31:59,6911.0,69749
2021-05-25 09:32:00,6911.05,69773
2021-05-25 09:32:01,6912.5,69793
2021-05-25 09:32:02,6911.05,69799
2021-05-25 09:32:03,6911.0,69845
2021-05-25 09:32:04,6911.0,69845
2021-05-25 09:32:06,6907.95,71159
2021-05-25 09:32:08,6905.0,71301
2021-05-25 09:32:09,6907.95,71304
2021-05-25 09:32:10,6910.5,71942
2021-05-25 09:32:11,6909.5,71951
2021-05-25 09:32:12,6909.5,72004
2021-05-25 09:32:13,6909.5,72004
2021-05-25 09:32:14,6909.05,72079
2021-05-25 09:32:15,6909.05,72079
2021-05-25 09:32:16,6907.95,72125
2021-05-25 09:32:17,6907.95,72125
2021-05-25 09:32:18,6907.95,72125
2021-05-25 09:32:19,6910.75,72210
2021-05-25 09:32:19,6911.35,72254
2021-05-25 09:32:20,6911.4,72255
2021-05-25 09:32:21,6911.4,72266
2021-05-25 09:32:22,6911.4,72267
2021-05-25 09:32:24,6911.4,72270
2021-05-25 09:32:25,6911.4,72270
2021-05-25 09:32:27,6911.4,72311
2021-05-25 09:32:28,6912.2,72418
2021-05-25 09:32:28,6912.2,72418
2021-05-25 09:32:29,6912.2,72418
2021-05-25 09:32:30,6911.0,72729
2021-05-25 09:32:32,6909.6,73242
2021-05-25 09:32:33,6909.6,73242
2021-05-25 09:32:34,6905.0,73604
2021-05-25 09:32:35,6909.55,73643
2021-05-25 09:32:36,6908.7,73665
2021-05-25 09:32:37,6907.0,73675
2021-05-25 09:32:38,6909.3,73677
2021-05-25 09:32:39,6911.0,73785
2021-05-25 09:32:39,6911.0,73785
2021-05-25 09:32:40,6912.5,73811
2021-05-25 09:32:41,6913.05,73915
2021-05-25 09:32:42,6914.9,73942
2021-05-25 09:32:43,6916.5,73969
2021-05-25 09:32:45,6918.5,74068
2021-05-25 09:32:46,6919.0,74092
2021-05-25 09:32:47,6921.0,74139
2021-05-25 09:32:48,6921.5,74241
2021-05-25 09:32:49,6922.0,74463
2021-05-25 09:32:50,6924.0,74487
2021-05-25 09:32:51,6925.0,74880
2021-05-25 09:32:52,6925.0,75044
2021-05-25 09:32:53,6928.5,75131
2021-05-25 09:32:53,6926.3,75101
2021-05-25 09:32:54,6929.0,75332
2021-05-25 09:32:55,6929.0,75564
2021-05-25 09:32:56,6929.9,75751
2021-05-25 09:32:58,6929.75,75954
2021-05-25 09:32:58,6930.3,76284
2021-05-25 09:32:59,6931.0,76299
2021-05-25 09:33:00,6931.9,76440
2021-05-25 09:33:01,6932.0,76480
2021-05-25 09:33:02,6932.0,76502
2021-05-25 09:33:03,6932.0,76547
2021-05-25 09:33:04,6933.0,76659
2021-05-25 09:33:05,6933.0,76668
2021-05-25 09:33:06,6932.0,76859
2021-05-25 09:33:07,6932.0,76867
2021-05-25 09:33:09,6933.3,76875
2021-05-25 09:33:10,6931.9,77029
2021-05-25 09:33:11,6932.0,77052
2021-05-25 09:33:12,6930.5,77194
2021-05-25 09:33:13,6933.3,77244
2021-05-25 09:33:14,6930.5,77253
2021-05-25 09:33:15,6930.5,77300
2021-05-25 09:33:16,6930.0,77313
2021-05-25 09:33:16,6926.1,77424
2021-05-25 09:33:17,6926.1,77424
2021-05-25 09:33:18,6926.1,77424
2021-05-25 09:33:19,6926.1,77483
2021-05-25 09:33:20,6926.1,77499
2021-05-25 09:33:21,6926.0,77515
2021-05-25 09:33:23,6926.1,77517
2021-05-25 09:33:24,6925.5,77529
2021-05-25 09:33:25,6925.5,77529
2021-05-25 09:33:26,6925.5,77551
2021-05-25 09:33:27,6925.5,77648
2021-05-25 09:33:28,6926.0,77698
2021-05-25 09:33:29,6924.5,77752
2021-05-25 09:33:30,6924.5,77752
2021-05-25 09:33:30,6924.5,77752
2021-05-25 09:33:31,6924.0,77754
2021-05-25 09:33:32,6924.0,77819
2021-05-25 09:33:33,6925.0,77835
2021-05-25 09:33:34,6924.0,77846
2021-05-25 09:33:37,6925.0,77949
2021-05-25 09:33:38,6923.9,77959
2021-05-25 09:33:39,6925.5,77980
2021-05-25 09:33:40,6926.0,78097
2021-05-25 09:33:41,6926.0,78114
2021-05-25 09:33:42,6925.55,78129
2021-05-25 09:33:43,6922.3,78183
2021-05-25 09:33:44,6924.4,78295
2021-05-25 09:33:44,6926.35,78313
2021-05-25 09:33:46,6922.5,78341
2021-05-25 09:33:47,6922.35,78365
2021-05-25 09:33:48,6923.7,78369
2021-05-25 09:33:49,6922.0,78372
2021-05-25 09:33:50,6914.25,79373
2021-05-25 09:33:51,6922.5,79494
2021-05-25 09:33:52,6923.9,79511
2021-05-25 09:33:53,6922.9,79666
2021-05-25 09:33:54,6925.75,79697
2021-05-25 09:33:55,6925.9,79724
2021-05-25 09:33:56,6925.55,79728
2021-05-25 09:33:57,6923.95,79748
2021-05-25 09:33:58,6922.1,79756
2021-05-25 09:33:59,6924.0,79758
2021-05-25 09:34:00,6924.75,79873
2021-05-25 09:34:03,6926.0,80057
2021-05-25 09:34:05,6926.0,80057
2021-05-25 09:34:06,6926.0,80057
2021-05-25 09:34:07,6926.0,80057
2021-05-25 09:34:08,6926.0,80062
2021-05-25 09:34:09,6924.0,80065
2021-05-25 09:34:10,6924.0,80065
2021-05-25 09:34:11,6924.0,80065
2021-05-25 09:34:12,6928.0,80671
2021-05-25 09:34:13,6928.05,80677
2021-05-25 09:34:14,6930.0,80707
2021-05-25 09:34:15,6930.0,80785
2021-05-25 09:34:15,6930.25,80796
2021-05-25 09:34:17,6928.7,80804
2021-05-25 09:34:18,6930.5,80805
2021-05-25 09:34:19,6930.5,80805
2021-05-25 09:34:20,6930.5,80806
2021-05-25 09:34:21,6930.5,80818
2021-05-25 09:34:22,6930.75,80820
2021-05-25 09:34:23,6930.0,80822
2021-05-25 09:34:24,6930.0,80833
2021-05-25 09:34:25,6930.0,80855
2021-05-25 09:34:26,6930.0,80894
2021-05-25 09:34:27,6928.75,80921
2021-05-25 09:34:28,6930.6,81024
2021-05-25 09:34:29,6930.6,81056
2021-05-25 09:34:29,6933.0,81161
2021-05-25 09:34:30,6933.5,81164
2021-05-25 09:34:31,6933.35,81240
2021-05-25 09:34:33,6934.05,81257
2021-05-25 09:34:34,6933.35,81365
2021-05-25 09:34:35,6928.0,81648
2021-05-25 09:34:36,6930.0,81649
2021-05-25 09:34:37,6933.3,81699
2021-05-25 09:34:38,6933.6,81740
2021-05-25 09:34:39,6933.9,81754
2021-05-25 09:34:40,6933.35,82015
2021-05-25 09:34:40,6933.55,82054
2021-05-25 09:34:41,6933.55,82073
2021-05-25 09:34:43,6933.9,82102
2021-05-25 09:34:44,6935.0,82107
2021-05-25 09:34:46,6935.0,82211
2021-05-25 09:34:47,6935.0,82272
2021-05-25 09:34:48,6935.0,82302
2021-05-25 09:34:50,6934.95,82407
2021-05-25 09:34:52,6933.8,82472
2021-05-25 09:34:53,6935.0,82474
2021-05-25 09:34:54,6935.0,82484
2021-05-25 09:34:55,6935.0,82511
2021-05-25 09:34:56,6935.0,82676
2021-05-25 09:34:58,6935.05,83108
2021-05-25 09:34:59,6934.0,83128
2021-05-25 09:35:00,6934.1,83135
2021-05-25 09:35:01,6934.2,83162
2021-05-25 09:35:01,6934.35,83166
2021-05-25 09:35:02,6934.3,83198
2021-05-25 09:35:04,6934.3,83203
2021-05-25 09:35:05,6934.3,83203
2021-05-25 09:35:06,6933.05,83204
2021-05-25 09:35:07,6933.15,83314
2021-05-25 09:35:08,6933.65,83335
2021-05-25 09:35:09,6930.0,83345
2021-05-25 09:35:10,6933.65,83347
2021-05-25 09:35:11,6933.65,83347
2021-05-25 09:35:12,6930.85,83382
2021-05-25 09:35:13,6930.85,83389
2021-05-25 09:35:14,6930.85,83400
2021-05-25 09:35:15,6930.85,83402
2021-05-25 09:35:16,6928.5,83420
2021-05-25 09:35:17,6930.3,83423
2021-05-25 09:35:18,6930.3,83423
2021-05-25 09:35:19,6930.3,83511
2021-05-25 09:35:20,6929.75,83541
2021-05-25 09:35:21,6931.25,84035
2021-05-25 09:35:22,6932.05,84043
2021-05-25 09:35:23,6932.75,84051
2021-05-25 09:35:24,6933.25,84078
2021-05-25 09:35:25,6933.8,84080
2021-05-25 09:35:26,6933.25,84135
2021-05-25 09:35:27,6932.75,84154
2021-05-25 09:35:27,6932.75,84152
2021-05-25 09:35:29,6934.0,84174
2021-05-25 09:35:31,6930.9,84182
2021-05-25 09:35:32,6933.9,84183
2021-05-25 09:35:33,6934.0,84189
2021-05-25 09:35:34,6934.0,84190
2021-05-25 09:35:35,6934.0,84192
2021-05-25 09:35:36,6932.75,84193
2021-05-25 09:35:37,6934.0,84215
2021-05-25 09:35:38,6934.0,84218
2021-05-25 09:35:39,6934.0,84219
2021-05-25 09:35:40,6932.75,84235
2021-05-25 09:35:41,6934.0,84254
2021-05-25 09:35:42,6934.0,84287
2021-05-25 09:35:43,6934.0,84304
2021-05-25 09:35:44,6934.0,84306
2021-05-25 09:35:45,6934.0,84318
2021-05-25 09:35:46,6932.75,84520
2021-05-25 09:35:48,6932.8,84557
2021-05-25 09:35:49,6933.4,84669
2021-05-25 09:35:50,6933.4,84686
2021-05-25 09:35:51,6931.2,84700
2021-05-25 09:35:52,6932.85,84702
2021-05-25 09:35:53,6931.2,84715
2021-05-25 09:35:54,6932.75,84717
2021-05-25 09:35:55,6932.75,84717
2021-05-25 09:35:56,6932.75,84722
2021-05-25 09:35:57,6932.75,84728
2021-05-25 09:35:58,6932.8,85155
2021-05-25 09:35:59,6932.85,85158
2021-05-25 09:36:00,6933.65,85174
2021-05-25 09:36:01,6932.95,85237
2021-05-25 09:36:02,6933.75,85252
2021-05-25 09:36:03,6931.0,85259
2021-05-25 09:36:04,6931.0,85275
2021-05-25 09:36:05,6932.65,85310
2021-05-25 09:36:06,6930.0,85355
2021-05-25 09:36:07,6933.25,85521
2021-05-25 09:36:08,6930.1,85546
2021-05-25 09:36:09,6930.9,85555
2021-05-25 09:36:10,6932.7,85559
2021-05-25 09:36:13,6934.0,85591
2021-05-25 09:36:14,6934.0,85591
2021-05-25 09:36:16,6931.2,85678
2021-05-25 09:36:17,6931.05,85706
2021-05-25 09:36:18,6934.0,85720
2021-05-25 09:36:19,6934.0,85723
2021-05-25 09:36:20,6934.0,85737
2021-05-25 09:36:21,6933.0,85740
2021-05-25 09:36:22,6933.0,85741
2021-05-25 09:36:23,6933.0,85748
2021-05-25 09:36:25,6934.9,86021
2021-05-25 09:36:26,6934.95,86765
2021-05-25 09:36:27,6937.7,86881
2021-05-25 09:36:28,6937.9,86885
2021-05-25 09:36:29,6938.0,86915
2021-05-25 09:36:30,6936.0,86995
2021-05-25 09:36:31,6938.0,87007
2021-05-25 09:36:32,6936.0,87057
2021-05-25 09:36:33,6936.0,87065
2021-05-25 09:36:34,6936.0,87069
2021-05-25 09:36:35,6933.1,87170
2021-05-25 09:36:36,6937.25,87185
2021-05-25 09:36:37,6937.25,87188
2021-05-25 09:36:38,6937.25,87188
2021-05-25 09:36:39,6934.0,87193
2021-05-25 09:36:41,6936.95,87223
2021-05-25 09:36:42,6936.95,87242
2021-05-25 09:36:43,6936.95,87253
2021-05-25 09:36:44,6936.95,87256
2021-05-25 09:36:45,6936.95,87257
2021-05-25 09:36:46,6937.3,87272
2021-05-25 09:36:47,6937.0,87276
2021-05-25 09:36:48,6935.0,87377
2021-05-25 09:36:49,6935.0,87415
2021-05-25 09:36:51,6936.0,87423
2021-05-25 09:36:52,6933.0,87738
2021-05-25 09:36:54,6934.8,87792
2021-05-25 09:36:53,6935.4,87785
2021-05-25 09:36:55,6934.8,87793
2021-05-25 09:36:56,6934.5,87828
2021-05-25 09:36:57,6934.5,87833
2021-05-25 09:36:58,6933.9,87834
2021-05-25 09:37:00,6932.45,87859
2021-05-25 09:37:01,6932.0,87863
2021-05-25 09:37:02,6932.0,87864
2021-05-25 09:37:03,6931.6,87897
2021-05-25 09:37:05,6931.95,87903
2021-05-25 09:37:04,6931.15,87902
2021-05-25 09:37:06,6930.3,87929
2021-05-25 09:37:07,6931.6,87933
2021-05-25 09:37:08,6931.55,88066
2021-05-25 09:37:09,6931.6,88086
2021-05-25 09:37:10,6930.0,88090
2021-05-25 09:37:11,6930.65,88102
2021-05-25 09:37:13,6932.05,88162
2021-05-25 09:37:14,6930.05,88166
2021-05-25 09:37:15,6930.05,88272
2021-05-25 09:37:16,6931.9,88313
2021-05-25 09:37:17,6931.3,88319
2021-05-25 09:37:19,6932.2,88445
2021-05-25 09:37:18,6932.05,88429
2021-05-25 09:37:20,6932.2,88453
2021-05-25 09:37:22,6931.9,88516
2021-05-25 09:37:23,6933.2,88525
2021-05-25 09:37:24,6932.0,88532
2021-05-25 09:37:25,6932.0,88533
2021-05-25 09:37:26,6932.0,88533
2021-05-25 09:37:27,6932.0,88533
2021-05-25 09:37:28,6932.0,88553
2021-05-25 09:37:29,6931.9,88575
2021-05-25 09:37:30,6932.0,88587
2021-05-25 09:37:32,6931.9,88611
2021-05-25 09:37:34,6933.0,88692
2021-05-25 09:37:35,6933.0,88697
2021-05-25 09:37:36,6931.9,88713
2021-05-25 09:37:37,6932.0,88716
2021-05-25 09:37:38,6932.0,88721
2021-05-25 09:37:40,6932.0,88725
2021-05-25 09:37:39,6932.0,88722
2021-05-25 09:37:41,6932.05,88728
2021-05-25 09:37:42,6932.05,88728
2021-05-25 09:37:44,6932.05,88748
2021-05-25 09:37:46,6933.0,88757
2021-05-25 09:37:47,6933.0,88758
2021-05-25 09:37:48,6933.0,88758
2021-05-25 09:37:49,6932.0,88880
2021-05-25 09:37:50,6933.0,88898
2021-05-25 09:37:51,6930.0,88952
2021-05-25 09:37:52,6930.05,88961
2021-05-25 09:37:53,6932.95,88965
2021-05-25 09:37:54,6932.0,88976
2021-05-25 09:37:55,6932.95,88977
2021-05-25 09:37:56,6930.0,88999
2021-05-25 09:37:57,6932.25,89003
2021-05-25 09:37:58,6932.25,89004
2021-05-25 09:37:59,6932.25,89004
2021-05-25 09:38:00,6932.05,89017
2021-05-25 09:38:01,6932.05,89019
2021-05-25 09:38:02,6932.0,89100
2021-05-25 09:38:05,6932.05,89143
2021-05-25 09:38:05,6932.0,89144
2021-05-25 09:38:06,6932.0,89144
2021-05-25 09:38:07,6930.0,89209
2021-05-25 09:38:08,6930.05,89226
2021-05-25 09:38:09,6929.65,89689
2021-05-25 09:38:10,6929.9,89790
2021-05-25 09:38:11,6931.0,89871
2021-05-25 09:38:12,6932.05,89881
2021-05-25 09:38:14,6932.3,90114
2021-05-25 09:38:16,6932.5,90117
2021-05-25 09:38:16,6933.0,90119
2021-05-25 09:38:17,6932.0,90120
2021-05-25 09:38:18,6932.0,90120
2021-05-25 09:38:19,6932.0,90120
2021-05-25 09:38:20,6932.0,90132
2021-05-25 09:38:21,6932.0,90137
2021-05-25 09:38:22,6932.0,90138
2021-05-25 09:38:23,6932.0,90138
2021-05-25 09:38:24,6932.0,90138
2021-05-25 09:38:25,6932.0,90138
2021-05-25 09:38:26,6932.0,90138
2021-05-25 09:38:27,6932.0,90148
2021-05-25 09:38:28,6932.0,90150
2021-05-25 09:38:29,6932.0,90163
2021-05-25 09:38:30,6930.8,90166
2021-05-25 09:38:31,6933.0,90266
2021-05-25 09:38:32,6932.0,90282
2021-05-25 09:38:33,6933.0,90285
2021-05-25 09:38:34,6933.0,90285
2021-05-25 09:38:35,6933.0,90289
2021-05-25 09:38:36,6927.3,90590
2021-05-25 09:38:37,6932.6,90623
2021-05-25 09:38:38,6933.0,90640
2021-05-25 09:38:39,6933.0,90859
2021-05-25 09:38:40,6933.5,90981
2021-05-25 09:38:41,6934.0,91003
2021-05-25 09:38:42,6934.0,91025
2021-05-25 09:38:43,6934.65,91031
2021-05-25 09:38:44,6934.2,91032
2021-05-25 09:38:45,6934.6,91052
2021-05-25 09:38:46,6931.6,91075
2021-05-25 09:38:47,6934.65,91078
2021-05-25 09:38:48,6934.9,91106
2021-05-25 09:38:50,6934.65,91120
2021-05-25 09:38:51,6933.0,91126
2021-05-25 09:38:51,6934.6,91129
2021-05-25 09:38:52,6934.6,91129
2021-05-25 09:38:53,6934.6,91129
2021-05-25 09:38:54,6933.25,91139
2021-05-25 09:38:55,6934.6,91145
2021-05-25 09:38:56,6935.0,91169
2021-05-25 09:38:57,6934.6,91199
2021-05-25 09:38:58,6934.2,91211
2021-05-25 09:39:00,6932.65,91578
2021-05-25 09:39:02,6933.25,91579
2021-05-25 09:39:02,6935.0,91642
2021-05-25 09:39:03,6935.0,91831
2021-05-25 09:39:05,6935.5,91852
2021-05-25 09:39:05,6935.4,91851
2021-05-25 09:39:06,6936.0,91862
2021-05-25 09:39:07,6936.0,91864
2021-05-25 09:39:08,6936.0,91872
2021-05-25 09:39:09,6936.0,91887
2021-05-25 09:39:10,6936.5,92013
2021-05-25 09:39:11,6937.0,92048
2021-05-25 09:39:12,6938.0,92477
2021-05-25 09:39:13,6938.2,92556
2021-05-25 09:39:14,6938.75,92626
2021-05-25 09:39:15,6939.85,92689
2021-05-25 09:39:17,6939.85,92717
2021-05-25 09:39:17,6940.0,92721
2021-05-25 09:39:18,6941.0,94116
2021-05-25 09:39:19,6941.25,94210
2021-05-25 09:39:20,6941.85,94332
2021-05-25 09:39:21,6941.6,94402
2021-05-25 09:39:22,6941.6,94575
2021-05-25 09:39:23,6941.65,94802
2021-05-25 09:39:24,6941.6,94933
2021-05-25 09:39:25,6941.6,94993
2021-05-25 09:39:26,6941.6,95082
2021-05-25 09:39:27,6941.6,95151
2021-05-25 09:39:28,6941.0,95164
2021-05-25 09:39:29,6941.55,95193
2021-05-25 09:39:30,6941.55,95252
2021-05-25 09:39:32,6936.7,95289
2021-05-25 09:39:33,6936.8,95395
2021-05-25 09:39:34,6940.75,95411
2021-05-25 09:39:35,6940.7,95417
2021-05-25 09:39:35,6940.7,95418
2021-05-25 09:39:36,6937.8,95423
2021-05-25 09:39:38,6937.5,95482
2021-05-25 09:39:39,6937.45,95491
2021-05-25 09:39:40,6937.35,95504
2021-05-25 09:39:42,6937.45,95506
2021-05-25 09:39:42,6937.45,95506
2021-05-25 09:39:43,6937.45,95507
2021-05-25 09:39:44,6936.6,95527
2021-05-25 09:39:45,6936.7,95528
2021-05-25 09:39:46,6937.45,95533
2021-05-25 09:39:47,6936.0,95567
2021-05-25 09:39:48,6937.4,95636
2021-05-25 09:39:50,6936.7,95696
2021-05-25 09:39:51,6936.7,95705
2021-05-25 09:39:52,6936.0,95737
2021-05-25 09:39:52,6935.4,96241
2021-05-25 09:39:53,6936.95,96306
2021-05-25 09:39:54,6936.0,96330
2021-05-25 09:39:55,6936.0,96348
2021-05-25 09:39:56,6929.2,96851
2021-05-25 09:39:57,6937.45,96927
2021-05-25 09:39:58,6937.25,96976
2021-05-25 09:39:59,6937.95,97001
2021-05-25 09:40:00,6938.85,97021
2021-05-25 09:40:02,6939.2,97340
2021-05-25 09:40:03,6939.15,97397
2021-05-25 09:40:03,6939.15,97390
2021-05-25 09:40:04,6939.75,97448
2021-05-25 09:40:05,6939.9,97574
2021-05-25 09:40:06,6940.9,97600
2021-05-25 09:40:08,6940.9,97605
2021-05-25 09:40:10,6939.9,97620
2021-05-25 09:40:12,6940.0,97643
2021-05-25 09:40:11,6939.9,97638
2021-05-25 09:40:12,6940.0,97644
2021-05-25 09:40:13,6939.85,97653
2021-05-25 09:40:14,6937.4,97731
2021-05-25 09:40:15,6940.0,97775
2021-05-25 09:40:16,6940.25,97781
2021-05-25 09:40:17,6937.85,98020
2021-05-25 09:40:19,6940.25,98067
2021-05-25 09:40:20,6940.0,98087
2021-05-25 09:40:21,6937.95,98119
2021-05-25 09:40:22,6940.0,98124
2021-05-25 09:40:23,6937.95,98126
2021-05-25 09:40:24,6937.95,98126
2021-05-25 09:40:26,6937.9,98136
2021-05-25 09:40:27,6939.4,98138
2021-05-25 09:40:28,6939.15,98161
2021-05-25 09:40:28,6937.4,98176
2021-05-25 09:40:29,6938.55,98232
2021-05-25 09:40:30,6936.0,98400
2021-05-25 09:40:31,6936.9,98451
2021-05-25 09:40:32,6936.0,98463
2021-05-25 09:40:34,6936.95,98484
2021-05-25 09:40:35,6937.8,98493
2021-05-25 09:40:35,6937.9,98494
2021-05-25 09:40:36,6937.9,98503
2021-05-25 09:40:37,6938.2,98605
2021-05-25 09:40:38,6937.4,98606
2021-05-25 09:40:39,6938.25,98620
2021-05-25 09:40:42,6936.95,98710
2021-05-25 09:40:42,6937.0,98719
2021-05-25 09:40:43,6936.85,98735
2021-05-25 09:40:44,6936.9,98752
2021-05-25 09:40:45,6935.05,98775
2021-05-25 09:40:46,6936.6,98783
2021-05-25 09:40:49,6935.05,98986
2021-05-25 09:40:49,6939.0,98989
2021-05-25 09:40:53,6935.0,99112
2021-05-25 09:40:54,6936.9,99115
2021-05-25 09:40:54,6936.9,99115
2021-05-25 09:40:55,6936.9,99165
2021-05-25 09:40:56,6936.3,99174
2021-05-25 09:40:58,6935.1,99185
2021-05-25 09:41:00,6936.3,99204
2021-05-25 09:41:01,6936.3,99216
2021-05-25 09:41:01,6936.3,99218
2021-05-25 09:41:02,6935.1,99232
2021-05-25 09:41:03,6936.6,99389
2021-05-25 09:41:05,6938.35,99412
2021-05-25 09:41:06,6938.2,99416
2021-05-25 09:41:06,6938.2,99416
2021-05-25 09:41:07,6935.45,99626
2021-05-25 09:41:08,6935.45,99659
2021-05-25 09:41:10,6938.35,99664
2021-05-25 09:41:11,6938.75,99708
2021-05-25 09:41:12,6938.75,99708
2021-05-25 09:41:13,6935.75,99710
2021-05-25 09:41:15,6938.25,99715
2021-05-25 09:41:16,6935.2,99766
2021-05-25 09:41:16,6938.35,99773
2021-05-25 09:41:17,6938.25,99774
2021-05-25 09:41:19,6938.0,99823
2021-05-25 09:41:21,6937.85,99839
2021-05-25 09:41:22,6935.4,99845
2021-05-25 09:41:22,6937.75,99846
2021-05-25 09:41:23,6935.4,99849
2021-05-25 09:41:25,6935.25,99856
2021-05-25 09:41:25,6937.8,99855
2021-05-25 09:41:26,6935.25,99859
2021-05-25 09:41:27,6937.85,99863
2021-05-25 09:41:29,6937.85,99864
2021-05-25 09:41:31,6935.5,99867
2021-05-25 09:41:32,6935.5,99867
2021-05-25 09:41:32,6935.5,99867
2021-05-25 09:41:34,6935.5,99868
2021-05-25 09:41:35,6935.5,99868
2021-05-25 09:41:37,6936.6,99939
2021-05-25 09:41:38,6935.5,99951
2021-05-25 09:41:38,6936.7,99953
2021-05-25 09:41:39,6936.7,99953
2021-05-25 09:41:40,6935.0,100254
2021-05-25 09:41:41,6935.5,100324
2021-05-25 09:41:42,6935.85,100336
2021-05-25 09:41:43,6935.75,100340
2021-05-25 09:41:44,6935.75,100350
2021-05-25 09:41:46,6935.0,100357
2021-05-25 09:41:47,6935.0,100360
2021-05-25 09:41:47,6935.0,100360
2021-05-25 09:41:48,6935.0,100360
2021-05-25 09:41:49,6935.05,100435
2021-05-25 09:41:52,6935.55,100468
2021-05-25 09:41:53,6937.1,100474
2021-05-25 09:41:53,6937.1,100474
2021-05-25 09:41:54,6937.1,100474
2021-05-25 09:41:55,6935.5,100479
2021-05-25 09:41:58,6935.05,100493
2021-05-25 09:41:59,6936.95,100502
2021-05-25 09:41:59,6936.5,100504
2021-05-25 09:42:00,6936.35,100544
2021-05-25 09:42:01,6936.3,100552
2021-05-25 09:42:03,6936.35,100555
2021-05-25 09:42:04,6936.35,100558
2021-05-25 09:42:05,6936.35,100558
2021-05-25 09:42:05,6936.35,100558
2021-05-25 09:42:06,6935.15,100561
2021-05-25 09:42:07,6935.15,100662
2021-05-25 09:42:09,6935.6,100666
2021-05-25 09:42:10,6935.95,100677
2021-05-25 09:42:10,6935.95,100679
2021-05-25 09:42:11,6935.8,100683
2021-05-25 09:42:13,6935.95,100684
2021-05-25 09:42:14,6935.95,100684
2021-05-25 09:42:15,6935.75,100685
2021-05-25 09:42:15,6935.75,100685
2021-05-25 09:42:16,6935.75,100685
2021-05-25 09:42:17,6935.75,100685
2021-05-25 09:42:19,6934.35,100880
2021-05-25 09:42:20,6934.4,100928
2021-05-25 09:42:21,6935.1,101009
2021-05-25 09:42:21,6935.15,101021
2021-05-25 09:42:22,6933.6,101028
2021-05-25 09:42:24,6934.35,101029
2021-05-25 09:42:25,6933.6,101030
2021-05-25 09:42:26,6934.35,101050
2021-05-25 09:42:27,6930.95,101158
2021-05-25 09:42:27,6934.35,101053
2021-05-25 09:42:28,6933.75,101173
2021-05-25 09:42:29,6934.05,101184
2021-05-25 09:42:31,6934.2,101236
2021-05-25 09:42:32,6934.2,101243
2021-05-25 09:42:33,6934.35,101245
2021-05-25 09:42:33,6934.35,101244
2021-05-25 09:42:34,6934.35,101251
2021-05-25 09:42:35,6934.35,101252
2021-05-25 09:42:37,6931.5,101264
2021-05-25 09:42:38,6931.2,101368
2021-05-25 09:42:39,6931.75,101480
2021-05-25 09:42:40,6934.3,101515
2021-05-25 09:42:40,6930.0,101621
2021-05-25 09:42:41,6934.25,101672
2021-05-25 09:42:43,6934.0,101680
2021-05-25 09:42:44,6931.1,101683
2021-05-25 09:42:45,6934.35,101902
2021-05-25 09:42:45,6933.7,101703
2021-05-25 09:42:47,6936.35,102701
2021-05-25 09:42:48,6936.55,102713
2021-05-25 09:42:48,6937.0,102714
2021-05-25 09:42:49,6937.75,102727
2021-05-25 09:42:51,6938.0,102841
2021-05-25 09:42:52,6938.25,102850
2021-05-25 09:42:53,6938.5,102851
2021-05-25 09:42:54,6939.0,102860
2021-05-25 09:42:55,6939.0,102861
2021-05-25 09:42:56,6939.0,102862
2021-05-25 09:42:57,6939.0,102862
2021-05-25 09:42:57,6939.0,102862
2021-05-25 09:42:58,6938.75,102882
2021-05-25 09:43:00,6939.25,102885
2021-05-25 09:43:01,6938.8,102995
2021-05-25 09:43:02,6938.8,103029
2021-05-25 09:43:02,6940.0,103064
2021-05-25 09:43:03,6940.0,103069
2021-05-25 09:43:04,6939.75,103071
2021-05-25 09:43:06,6939.75,103071
2021-05-25 09:43:07,6940.0,103091
2021-05-25 09:43:08,6940.0,103122
2021-05-25 09:43:08,6940.0,103131
2021-05-25 09:43:09,6939.75,103152
2021-05-25 09:43:12,6940.0,103274
2021-05-25 09:43:13,6939.75,103280
2021-05-25 09:43:14,6938.4,103382
2021-05-25 09:43:14,6939.0,103385
2021-05-25 09:43:15,6940.0,103398
2021-05-25 09:43:16,6940.0,103500
2021-05-25 09:43:18,6940.0,103535
2021-05-25 09:43:19,6940.0,103541
2021-05-25 09:43:20,6939.75,103822
2021-05-25 09:43:20,6939.0,103927
2021-05-25 09:43:21,6939.75,103947
2021-05-25 09:43:23,6938.4,103960
2021-05-25 09:43:24,6940.0,103972
2021-05-25 09:43:25,6939.75,104005
2021-05-25 09:43:26,6938.95,104050
2021-05-25 09:43:26,6938.95,104056
2021-05-25 09:43:27,6938.95,104063
2021-05-25 09:43:28,6940.0,104399
2021-05-25 09:43:30,6940.0,104464
2021-05-25 09:43:31,6940.0,104473
2021-05-25 09:43:32,6940.0,104492
2021-05-25 09:43:32,6940.0,104495
2021-05-25 09:43:33,6940.0,104506
2021-05-25 09:43:35,6938.95,104508
2021-05-25 09:43:36,6940.0,104509
2021-05-25 09:43:37,6938.95,104512
2021-05-25 09:43:38,6938.95,104512
2021-05-25 09:43:39,6940.0,104519
2021-05-25 09:43:40,6939.75,104533
2021-05-25 09:43:41,6940.0,104552
2021-05-25 09:43:41,6940.0,104555
2021-05-25 09:43:44,6939.9,104593
2021-05-25 09:43:45,6939.9,104653
2021-05-25 09:43:46,6939.9,104667
2021-05-25 09:43:47,6939.9,104671
2021-05-25 09:43:47,6940.0,104672
2021-05-25 09:43:48,6939.75,104756
2021-05-25 09:43:49,6939.9,104772
2021-05-25 09:43:50,6940.0,104774
2021-05-25 09:43:52,6939.0,104779
2021-05-25 09:43:53,6939.9,104781
2021-05-25 09:43:54,6939.9,104785
2021-05-25 09:43:55,6939.9,104785
2021-05-25 09:43:56,6939.9,104785
2021-05-25 09:43:57,6938.95,104812
2021-05-25 09:43:59,6938.4,104844
2021-05-25 09:43:59,6939.05,104845
2021-05-25 09:44:00,6939.1,104872
2021-05-25 09:44:02,6938.35,104881
2021-05-25 09:44:03,6938.35,104894
2021-05-25 09:44:04,6938.35,104896
2021-05-25 09:44:05,6938.35,104897
2021-05-25 09:44:05,6938.25,104904
2021-05-25 09:44:06,6938.3,104905
2021-05-25 09:44:08,6935.1,104935
2021-05-25 09:44:08,6938.3,104905
2021-05-25 09:44:10,6938.25,104943
2021-05-25 09:44:11,6938.0,104944
2021-05-25 09:44:12,6938.35,104961
2021-05-25 09:44:12,6938.35,104964
2021-05-25 09:44:14,6935.7,104994
2021-05-25 09:44:14,6938.35,104999
2021-05-25 09:44:15,6938.35,104999
2021-05-25 09:44:16,6938.35,104999
2021-05-25 09:44:18,6936.0,105002
2021-05-25 09:44:19,6939.0,105034
2021-05-25 09:44:20,6939.05,105067
2021-05-25 09:44:21,6939.0,105072
2021-05-25 09:44:22,6939.0,105072
2021-05-25 09:44:23,6938.7,105173
2021-05-25 09:44:23,6938.55,105188
2021-05-25 09:44:25,6936.1,105211
2021-05-25 09:44:26,6938.8,105213
2021-05-25 09:44:27,6939.0,105215
2021-05-25 09:44:30,6936.45,105299
2021-05-25 09:44:30,6939.0,105309
2021-05-25 09:44:32,6939.0,105311
2021-05-25 09:44:33,6939.9,105319
2021-05-25 09:44:34,6937.0,105323
2021-05-25 09:44:35,6936.55,105354
2021-05-25 09:44:36,6939.0,105364
2021-05-25 09:44:36,6939.0,105363
2021-05-25 09:44:37,6939.0,105365
2021-05-25 09:44:39,6939.0,105365
2021-05-25 09:44:40,6936.55,105375
2021-05-25 09:44:41,6939.25,105439
2021-05-25 09:44:42,6940.0,105449
2021-05-25 09:44:42,6939.65,105450
2021-05-25 09:44:44,6937.85,105453
2021-05-25 09:44:45,6939.0,105455
2021-05-25 09:44:46,6940.0,105466
2021-05-25 09:44:47,6940.0,105468
2021-05-25 09:44:48,6939.65,105469
2021-05-25 09:44:49,6941.0,105898
2021-05-25 09:44:51,6942.0,106111
2021-05-25 09:44:51,6942.0,106115
2021-05-25 09:44:52,6941.7,106131
2021-05-25 09:44:54,6942.0,106135
2021-05-25 09:44:55,6941.7,106148
2021-05-25 09:44:56,6941.7,106161
2021-05-25 09:44:57,6942.0,106176
2021-05-25 09:44:58,6941.7,106189
2021-05-25 09:44:58,6943.3,107416
2021-05-25 09:45:01,6941.85,109122
2021-05-25 09:45:02,6941.9,109168
2021-05-25 09:45:03,6944.0,109188
2021-05-25 09:45:04,6944.0,109191
2021-05-25 09:45:05,6944.0,109223
2021-05-25 09:45:06,6944.0,109228
2021-05-25 09:45:06,6942.05,109230
2021-05-25 09:45:09,6944.0,109259
2021-05-25 09:45:10,6942.05,109313
2021-05-25 09:45:11,6944.85,109328
2021-05-25 09:45:12,6942.1,109380
2021-05-25 09:45:13,6942.1,109510
2021-05-25 09:45:13,6942.1,109529
2021-05-25 09:45:16,6941.85,109670
2021-05-25 09:45:17,6942.0,109705
2021-05-25 09:45:18,6942.0,109722
2021-05-25 09:45:18,6942.0,109725
2021-05-25 09:45:19,6942.0,109725
2021-05-25 09:45:20,6942.0,109740
2021-05-25 09:45:21,6942.1,109781
2021-05-25 09:45:24,6940.05,109886
2021-05-25 09:45:26,6940.05,109935
2021-05-25 09:45:27,6937.5,109937
2021-05-25 09:45:28,6937.5,109941
2021-05-25 09:45:29,6937.0,109943
2021-05-25 09:45:30,6937.0,109943
2021-05-25 09:45:30,6937.0,109943
2021-05-25 09:45:31,6938.4,109985
2021-05-25 09:45:33,6938.9,109996
2021-05-25 09:45:34,6938.9,109997
2021-05-25 09:45:35,6938.9,109997
2021-05-25 09:45:36,6936.0,110027
2021-05-25 09:45:38,6939.15,110054
2021-05-25 09:45:39,6939.15,110058
2021-05-25 09:45:40,6938.9,110077
2021-05-25 09:45:41,6938.9,110080
2021-05-25 09:45:42,6940.0,110195
2021-05-25 09:45:44,6939.95,110212
2021-05-25 09:45:45,6938.0,110219
2021-05-25 09:45:46,6936.0,110310
2021-05-25 09:45:47,6939.0,110323
2021-05-25 09:45:47,6938.75,110333
2021-05-25 09:45:49,6938.75,110335
2021-05-25 09:45:51,6938.75,110335
2021-05-25 09:45:52,6936.3,110345
2021-05-25 09:45:53,6935.75,110395
2021-05-25 09:45:53,6936.95,110402
2021-05-25 09:45:54,6935.75,110404
2021-05-25 09:45:56,6935.0,110442
2021-05-25 09:45:57,6937.35,110456
2021-05-25 09:45:58,6938.85,110562
2021-05-25 09:45:59,6938.15,110578
2021-05-25 09:46:00,6935.0,110585
2021-05-25 09:46:01,6937.1,110586
2021-05-25 09:46:02,6937.1,110586
2021-05-25 09:46:04,6935.05,110599
2021-05-25 09:46:05,6934.9,110721
2021-05-25 09:46:06,6935.0,110755
2021-05-25 09:46:07,6935.0,110761
2021-05-25 09:46:08,6935.0,110774
2021-05-25 09:46:08,6935.0,110776
2021-05-25 09:46:09,6935.0,110790
2021-05-25 09:46:12,6931.5,110876
2021-05-25 09:46:13,6934.2,110889
2021-05-25 09:46:14,6934.95,110892
2021-05-25 09:46:15,6934.95,110892
2021-05-25 09:46:16,6934.95,111012
2021-05-25 09:46:17,6935.0,111030
2021-05-25 09:46:18,6932.15,111043
2021-05-25 09:46:18,6935.0,111045
2021-05-25 09:46:19,6935.0,111045
2021-05-25 09:46:21,6935.0,111057
2021-05-25 09:46:22,6932.7,111059
2021-05-25 09:46:23,6935.0,111623
2021-05-25 09:46:24,6932.15,111713
2021-05-25 09:46:25,6935.0,111727
2021-05-25 09:46:26,6932.0,111759
2021-05-25 09:46:27,6934.0,111764
2021-05-25 09:46:27,6934.0,111765
2021-05-25 09:46:29,6932.0,111773
2021-05-25 09:46:30,6928.65,111883
2021-05-25 09:46:31,6929.0,111902
2021-05-25 09:46:32,6931.2,111987
2021-05-25 09:46:33,6933.4,112000
2021-05-25 09:46:34,6928.5,112307
2021-05-25 09:46:35,6932.4,112367
2021-05-25 09:46:36,6932.4,112376
2021-05-25 09:46:37,6932.4,112386
2021-05-25 09:46:38,6931.2,112389
2021-05-25 09:46:40,6931.25,112409
2021-05-25 09:46:41,6930.0,112411
2021-05-25 09:46:42,6930.0,112412
2021-05-25 09:46:43,6930.0,112421
2021-05-25 09:46:44,6930.0,112423
2021-05-25 09:46:45,6929.0,112424
2021-05-25 09:46:46,6930.0,112525
2021-05-25 09:46:47,6930.0,112540
2021-05-25 09:46:48,6929.0,112544
2021-05-25 09:46:49,6929.0,112546
2021-05-25 09:46:50,6929.0,112547
2021-05-25 09:46:51,6930.0,112660
2021-05-25 09:46:52,6929.0,112685
2021-05-25 09:46:53,6930.0,112688
2021-05-25 09:46:54,6930.0,112689
2021-05-25 09:46:56,6934.0,113056
2021-05-25 09:46:57,6935.0,113082
2021-05-25 09:46:58,6931.2,113212
2021-05-25 09:47:00,6935.0,113247
2021-05-25 09:47:01,6935.0,113249
2021-05-25 09:47:02,6930.0,113449
2021-05-25 09:47:03,6934.5,113479
2021-05-25 09:47:04,6934.6,113484
2021-05-25 09:47:05,6932.2,113506
2021-05-25 09:47:06,6935.0,113535
2021-05-25 09:47:07,6935.0,113559
2021-05-25 09:47:08,6935.0,113563
2021-05-25 09:47:09,6935.0,113613
2021-05-25 09:47:12,6935.0,113653
2021-05-25 09:47:14,6932.2,113753
2021-05-25 09:47:15,6934.45,113790
2021-05-25 09:47:16,6934.5,113802
2021-05-25 09:47:18,6932.35,113810
2021-05-25 09:47:19,6934.8,113820
2021-05-25 09:47:20,6934.95,113822
2021-05-25 09:47:21,6932.2,113840
2021-05-25 09:47:22,6934.9,113843
2021-05-25 09:47:23,6935.0,113858
2021-05-25 09:47:26,6935.0,113863
2021-05-25 09:47:27,6933.6,113874
2021-05-25 09:47:28,6935.0,113876
2021-05-25 09:47:29,6933.3,113886
2021-05-25 09:47:30,6935.0,113887
2021-05-25 09:47:31,6932.2,113988
2021-05-25 09:47:32,6932.2,114004
2021-05-25 09:47:34,6932.55,114023
2021-05-25 09:47:35,6932.55,114028
2021-05-25 09:47:36,6934.0,114029
2021-05-25 09:47:38,6934.0,114029
2021-05-25 09:47:39,6934.0,114029
2021-05-25 09:47:40,6934.8,114068
2021-05-25 09:47:41,6934.8,114074
2021-05-25 09:47:42,6934.9,114075
2021-05-25 09:47:43,6934.9,114078
2021-05-25 09:47:45,6934.9,114089
2021-05-25 09:47:46,6934.9,114090
2021-05-25 09:47:47,6934.9,114091
2021-05-25 09:47:49,6934.9,114102
2021-05-25 09:47:50,6935.0,114115
2021-05-25 09:47:51,6934.0,114155
2021-05-25 09:47:52,6935.0,114161
2021-05-25 09:47:53,6934.95,114163
2021-05-25 09:47:55,6934.95,114163
2021-05-25 09:47:56,6934.95,114318
2021-05-25 09:47:57,6935.05,114522
2021-05-25 09:47:58,6935.4,115051
2021-05-25 09:47:59,6935.65,115280
2021-05-25 09:48:00,6936.35,115328
2021-05-25 09:48:01,6936.4,115335
2021-05-25 09:48:02,6936.8,115386
2021-05-25 09:48:03,6937.0,115396
2021-05-25 09:48:04,6936.3,115407
2021-05-25 09:48:05,6935.0,115433
2021-05-25 09:48:06,6934.0,115449
2021-05-25 09:48:07,6932.75,115862
2021-05-25 09:48:08,6932.45,116024
2021-05-25 09:48:09,6935.1,116048
2021-05-25 09:48:11,6932.0,116057
2021-05-25 09:48:12,6934.8,116058
2021-05-25 09:48:13,6934.8,116058
2021-05-25 09:48:14,6930.0,116138
2021-05-25 09:48:16,6933.35,116154
2021-05-25 09:48:17,6933.35,116154
2021-05-25 09:48:18,6933.35,116154
2021-05-25 09:48:19,6933.35,116154
2021-05-25 09:48:20,6933.4,116158
2021-05-25 09:48:21,6933.6,116159
2021-05-25 09:48:23,6933.4,116161
2021-05-25 09:48:24,6933.6,116162
2021-05-25 09:48:25,6934.0,116163
2021-05-25 09:48:26,6934.0,116163
2021-05-25 09:48:28,6934.45,116170
2021-05-25 09:48:29,6934.5,116173
2021-05-25 09:48:30,6934.5,116173
2021-05-25 09:48:31,6933.0,116286
2021-05-25 09:48:32,6933.2,116317
2021-05-25 09:48:33,6933.25,116321
2021-05-25 09:48:34,6933.1,116322
2021-05-25 09:48:35,6933.1,116322
2021-05-25 09:48:36,6933.1,116324
2021-05-25 09:48:37,6933.35,116326
2021-05-25 09:48:38,6933.35,116326
2021-05-25 09:48:39,6932.1,116327
2021-05-25 09:48:41,6933.35,116341
2021-05-25 09:48:41,6933.65,116343
2021-05-25 09:48:42,6932.45,116345
2021-05-25 09:48:44,6936.25,116896
2021-05-25 09:48:44,6936.75,116936
2021-05-25 09:48:46,6937.2,116992
2021-05-25 09:48:47,6932.7,117093
2021-05-25 09:48:49,6936.1,117111
2021-05-25 09:48:51,6935.95,117120
2021-05-25 09:48:52,6935.95,117125
2021-05-25 09:48:53,6935.8,117131
2021-05-25 09:48:54,6935.75,117132
2021-05-25 09:48:55,6935.75,117132
2021-05-25 09:48:56,6935.75,117132
2021-05-25 09:48:59,6932.8,117133
2021-05-25 09:49:00,6933.65,117138
2021-05-25 09:49:00,6935.85,117180
2021-05-25 09:49:01,6935.9,117187
2021-05-25 09:49:03,6935.9,117188
2021-05-25 09:49:03,6935.9,117193
2021-05-25 09:49:04,6932.6,117229
2021-05-25 09:49:05,6934.3,117234
2021-05-25 09:49:07,6934.3,117235
2021-05-25 09:49:08,6932.0,117240
2021-05-25 09:49:09,6934.25,117241
2021-05-25 09:49:10,6933.3,117792
2021-05-25 09:49:12,6933.35,117874
2021-05-25 09:49:13,6932.8,117886
2021-05-25 09:49:13,6932.8,117888
2021-05-25 09:49:14,6929.0,117913
2021-05-25 09:49:15,6930.0,117917
2021-05-25 09:49:16,6932.8,117918
2021-05-25 09:49:17,6932.8,117918
2021-05-25 09:49:18,6932.8,117918
2021-05-25 09:49:20,6932.8,117932
2021-05-25 09:49:20,6932.8,117918
2021-05-25 09:49:21,6932.85,117934
2021-05-25 09:49:22,6932.85,117934
2021-05-25 09:49:23,6932.85,117934
2021-05-25 09:49:24,6932.85,117934
2021-05-25 09:49:25,6930.0,117975
2021-05-25 09:49:26,6931.4,117982
2021-05-25 09:49:27,6931.4,117983
2021-05-25 09:49:28,6931.4,117983
2021-05-25 09:49:29,6929.0,118013
2021-05-25 09:49:31,6930.1,118038
2021-05-25 09:49:31,6930.0,118042
2021-05-25 09:49:32,6929.0,118047
2021-05-25 09:49:33,6930.0,118049
2021-05-25 09:49:34,6930.0,118049
2021-05-25 09:49:35,6930.0,118104
2021-05-25 09:49:37,6929.0,118127
2021-05-25 09:49:37,6930.0,118131
2021-05-25 09:49:39,6930.0,118131
2021-05-25 09:49:40,6929.0,118162
2021-05-25 09:49:41,6930.0,118167
2021-05-25 09:49:42,6929.05,118191
2021-05-25 09:49:43,6930.0,118209
2021-05-25 09:49:44,6930.0,118227
2021-05-25 09:49:45,6930.65,118229
2021-05-25 09:49:46,6931.4,118231
2021-05-25 09:49:48,6931.4,118231
2021-05-25 09:49:49,6931.4,118233
2021-05-25 09:49:50,6931.4,118233
2021-05-25 09:49:51,6931.4,118233
2021-05-25 09:49:52,6931.9,118243
2021-05-25 09:49:53,6931.4,118251
2021-05-25 09:49:54,6931.4,118275
2021-05-25 09:49:56,6931.9,118278
2021-05-25 09:49:56,6931.9,118279
2021-05-25 09:49:57,6931.9,118279
2021-05-25 09:49:58,6930.9,118282
2021-05-25 09:49:59,6930.9,118282
2021-05-25 09:50:00,6930.9,118295
2021-05-25 09:50:01,6930.0,118406
2021-05-25 09:50:03,6930.0,118524
2021-05-25 09:50:04,6930.9,118544
2021-05-25 09:50:04,6930.0,118554
2021-05-25 09:50:05,6930.0,118556
2021-05-25 09:50:06,6929.0,118558
2021-05-25 09:50:07,6929.0,118558
2021-05-25 09:50:08,6930.0,118605
2021-05-25 09:50:09,6930.0,118612
2021-05-25 09:50:11,6928.0,118644
2021-05-25 09:50:11,6929.0,118645
2021-05-25 09:50:12,6928.0,118650
2021-05-25 09:50:13,6930.0,118652
2021-05-25 09:50:14,6928.0,118678
2021-05-25 09:50:16,6930.0,118682
2021-05-25 09:50:16,6930.0,118681
2021-05-25 09:50:17,6930.0,118683
2021-05-25 09:50:18,6930.0,118684
2021-05-25 09:50:19,6930.0,118684
2021-05-25 09:50:20,6929.0,118705
2021-05-25 09:50:21,6929.0,118714
2021-05-25 09:50:22,6930.0,118716
2021-05-25 09:50:23,6930.0,118717
2021-05-25 09:50:25,6928.0,118737
2021-05-25 09:50:25,6930.9,118797
2021-05-25 09:50:27,6930.9,118807
2021-05-25 09:50:26,6930.9,118806
2021-05-25 09:50:28,6930.9,118818
2021-05-25 09:50:29,6930.0,118829
2021-05-25 09:50:30,6931.4,118832
2021-05-25 09:50:32,6931.4,118832
2021-05-25 09:50:32,6931.4,118832
2021-05-25 09:50:33,6931.4,118832
2021-05-25 09:50:34,6931.4,118832
2021-05-25 09:50:35,6931.4,118832
2021-05-25 09:50:36,6931.4,118832
2021-05-25 09:50:37,6931.4,118832
2021-05-25 09:50:38,6931.4,118832
2021-05-25 09:50:39,6931.4,118832
2021-05-25 09:50:40,6933.0,118909
2021-05-25 09:50:42,6933.0,118921
2021-05-25 09:50:42,6933.0,118923
2021-05-25 09:50:44,6933.0,118923
2021-05-25 09:50:45,6931.8,118930
2021-05-25 09:50:45,6933.1,118931
2021-05-25 09:50:46,6934.0,118939
2021-05-25 09:50:47,6933.9,118940
2021-05-25 09:50:48,6933.9,118940
2021-05-25 09:50:50,6933.0,118955
2021-05-25 09:50:51,6934.0,118957
2021-05-25 09:50:51,6934.0,118958
2021-05-25 09:50:52,6934.0,118958
2021-05-25 09:50:53,6933.0,118959
2021-05-25 09:50:54,6933.0,118959
2021-05-25 09:50:56,6933.0,118959
2021-05-25 09:50:57,6933.0,118998
2021-05-25 09:50:59,6933.6,119004
2021-05-25 09:51:00,6933.0,119030
2021-05-25 09:51:01,6930.3,119039
2021-05-25 09:51:02,6933.2,119040
2021-05-25 09:51:05,6933.2,119103
2021-05-25 09:51:06,6928.45,119118
2021-05-25 09:51:08,6931.9,119121
2021-05-25 09:51:11,6931.85,119165
2021-05-25 09:51:12,6928.7,119181
2021-05-25 09:51:13,6931.8,119183
2021-05-25 09:51:14,6931.8,119183
2021-05-25 09:51:14,6931.8,119183
2021-05-25 09:51:16,6931.8,119183
2021-05-25 09:51:17,6931.8,119183
2021-05-25 09:51:19,6928.4,119201
2021-05-25 09:51:20,6925.0,119952
2021-05-25 09:51:20,6928.1,119224
2021-05-25 09:51:21,6926.3,120028
2021-05-25 09:51:22,6926.6,120134
2021-05-25 09:51:23,6927.55,120154
2021-05-25 09:51:24,6927.55,120157
2021-05-25 09:51:26,6927.55,120157
2021-05-25 09:51:27,6927.55,120157
2021-05-25 09:51:27,6927.55,120157
2021-05-25 09:51:29,6925.0,120159
2021-05-25 09:51:30,6927.45,120165
2021-05-25 09:51:31,6923.5,120189
2021-05-25 09:51:33,6925.0,120193
2021-05-25 09:51:34,6925.0,120249
2021-05-25 09:51:35,6925.0,120268
2021-05-25 09:51:35,6925.0,120271
2021-05-25 09:51:36,6925.0,120271
2021-05-25 09:51:37,6925.0,120271
2021-05-25 09:51:39,6922.0,120335
2021-05-25 09:51:40,6923.55,120370
2021-05-25 09:51:41,6922.5,120395
2021-05-25 09:51:42,6925.0,120399
2021-05-25 09:51:42,6923.1,120400
2021-05-25 09:51:43,6923.1,120401
2021-05-25 09:51:44,6922.2,120414
2021-05-25 09:51:45,6923.1,120416
2021-05-25 09:51:46,6923.1,120416
2021-05-25 09:51:48,6923.1,120416
2021-05-25 09:51:49,6923.1,120416
2021-05-25 09:51:51,6924.9,120423
2021-05-25 09:51:52,6922.2,120426
2021-05-25 09:51:52,6922.2,120427
2021-05-25 09:51:53,6922.2,120427
2021-05-25 09:51:55,6923.1,120462
2021-05-25 09:51:56,6923.1,120500
2021-05-25 09:51:58,6923.1,120511
2021-05-25 09:51:59,6925.0,120513
2021-05-25 09:52:00,6925.0,120513
2021-05-25 09:52:01,6925.0,120526
2021-05-25 09:52:02,6923.1,120535
2021-05-25 09:52:03,6923.1,120537
2021-05-25 09:52:04,6923.1,120537
2021-05-25 09:52:04,6925.0,120639
2021-05-25 09:52:05,6923.1,120667
2021-05-25 09:52:06,6925.0,120671
2021-05-25 09:52:08,6925.0,120672
2021-05-25 09:52:09,6925.0,120672
2021-05-25 09:52:10,6925.0,120672
2021-05-25 09:52:11,6923.1,120687
2021-05-25 09:52:12,6925.0,120689
2021-05-25 09:52:12,6925.0,120690
2021-05-25 09:52:13,6925.0,120690
2021-05-25 09:52:14,6925.0,120690
2021-05-25 09:52:15,6925.0,120690
2021-05-25 09:52:16,6925.0,120690
2021-05-25 09:52:17,6925.0,120715
2021-05-25 09:52:19,6925.0,120719
2021-05-25 09:52:20,6925.0,120731
2021-05-25 09:52:21,6925.0,120740
2021-05-25 09:52:21,6925.0,120741
2021-05-25 09:52:22,6925.0,120742
2021-05-25 09:52:24,6925.0,120747
2021-05-25 09:52:25,6925.0,120748
2021-05-25 09:52:27,6925.0,120768
2021-05-25 09:52:27,6925.0,120771
2021-05-25 09:52:29,6925.0,120771
2021-05-25 09:52:30,6925.0,120777
2021-05-25 09:52:30,6925.0,120776
2021-05-25 09:52:31,6924.9,120792
2021-05-25 09:52:32,6924.95,120824
2021-05-25 09:52:35,6924.85,120915
2021-05-25 09:52:36,6924.85,120923
2021-05-25 09:52:36,6924.8,120924
2021-05-25 09:52:37,6923.1,120929
2021-05-25 09:52:38,6924.75,120932
2021-05-25 09:52:39,6924.75,120932
2021-05-25 09:52:40,6924.75,120960
2021-05-25 09:52:42,6924.75,120966
2021-05-25 09:52:43,6923.1,120982
2021-05-25 09:52:43,6924.75,120985
2021-05-25 09:52:44,6920.0,122396
2021-05-25 09:52:45,6920.65,122623
2021-05-25 09:52:47,6923.75,122675
2021-05-25 09:52:48,6924.05,122678
2021-05-25 09:52:49,6924.45,122687
2021-05-25 09:52:51,6924.35,122706
2021-05-25 09:52:52,6924.35,122707
2021-05-25 09:52:53,6923.7,122753
2021-05-25 09:52:54,6923.7,122761
2021-05-25 09:52:55,6923.9,122775
2021-05-25 09:52:56,6923.95,122777
2021-05-25 09:52:59,6920.8,122789
2021-05-25 09:53:00,6920.8,122789
2021-05-25 09:53:02,6920.0,122943
2021-05-25 09:53:03,6920.1,122968
2021-05-25 09:53:03,6920.05,122972
2021-05-25 09:53:04,6920.05,123023
2021-05-25 09:53:05,6920.05,123041
2021-05-25 09:53:06,6923.05,123044
2021-05-25 09:53:08,6920.8,123049
2021-05-25 09:53:09,6923.0,123050
2021-05-25 09:53:10,6923.0,123050
2021-05-25 09:53:11,6920.8,123151
2021-05-25 09:53:12,6920.8,123168
2021-05-25 09:53:12,6922.0,123171
2021-05-25 09:53:13,6920.5,123475
2021-05-25 09:53:15,6920.4,123496
2021-05-25 09:53:16,6921.75,123503
2021-05-25 09:53:17,6922.6,123548
2021-05-25 09:53:17,6917.85,123643
2021-05-25 09:53:18,6921.6,123657
2021-05-25 09:53:19,6921.6,123659
2021-05-25 09:53:21,6917.7,123687
2021-05-25 09:53:22,6917.5,123706
2021-05-25 09:53:23,6920.0,123709
2021-05-25 09:53:24,6919.75,123849
2021-05-25 09:53:24,6919.75,123870
2021-05-25 09:53:25,6919.75,123873
2021-05-25 09:53:26,6917.0,123941
2021-05-25 09:53:27,6918.9,123951
2021-05-25 09:53:28,6918.9,123968
2021-05-25 09:53:30,6912.4,124301
2021-05-25 09:53:31,6917.5,124345
2021-05-25 09:53:32,6918.55,124358
2021-05-25 09:53:33,6914.7,124370
2021-05-25 09:53:34,6918.15,124371
2021-05-25 09:53:35,6917.0,124373
2021-05-25 09:53:36,6915.05,124383
2021-05-25 09:53:38,6915.6,124410
2021-05-25 09:53:39,6917.9,124414
2021-05-25 09:53:40,6917.8,124434
2021-05-25 09:53:40,6918.85,124587
2021-05-25 09:53:41,6916.2,124630
2021-05-25 09:53:42,6915.95,124665
2021-05-25 09:53:43,6918.85,124685
2021-05-25 09:53:45,6915.0,124788
2021-05-25 09:53:46,6918.85,124805
2021-05-25 09:53:47,6915.9,124851
2021-05-25 09:53:48,6919.05,124854
2021-05-25 09:53:48,6919.75,124858
2021-05-25 09:53:49,6919.75,124862
2021-05-25 09:53:51,6919.05,124900
2021-05-25 09:53:52,6918.9,124926
2021-05-25 09:53:53,6919.95,124930
2021-05-25 09:53:53,6920.0,125178
2021-05-25 09:53:54,6919.75,125221
2021-05-25 09:53:58,6920.0,125258
2021-05-25 09:53:59,6920.0,125258
2021-05-25 09:54:00,6920.0,125258
2021-05-25 09:54:01,6920.05,125266
2021-05-25 09:54:02,6918.9,125285
2021-05-25 09:54:03,6920.05,125287
2021-05-25 09:54:04,6920.75,125288
2021-05-25 09:54:04,6920.75,125288
2021-05-25 09:54:05,6918.9,125303
2021-05-25 09:54:07,6920.0,125305
2021-05-25 09:54:08,6921.6,125407
2021-05-25 09:54:09,6921.55,125423
2021-05-25 09:54:10,6919.1,125429
2021-05-25 09:54:11,6921.55,125430
2021-05-25 09:54:11,6921.55,125430
2021-05-25 09:54:12,6920.5,125435
2021-05-25 09:54:14,6919.1,125440
2021-05-25 09:54:15,6919.1,125456
2021-05-25 09:54:17,6920.5,125470
2021-05-25 09:54:17,6920.5,125471
2021-05-25 09:54:18,6920.5,125472
2021-05-25 09:54:21,6920.5,125495
2021-05-25 09:54:22,6920.5,125495
2021-05-25 09:54:23,6920.5,125495
2021-05-25 09:54:24,6920.5,125495
2021-05-25 09:54:25,6920.5,125507
2021-05-25 09:54:26,6920.5,125509
2021-05-25 09:54:28,6920.5,125509
2021-05-25 09:54:29,6920.5,125509
2021-05-25 09:54:30,6920.5,125509
2021-05-25 09:54:31,6920.5,125519
2021-05-25 09:54:32,6920.1,125630
2021-05-25 09:54:33,6919.8,125640
2021-05-25 09:54:33,6919.8,125640
2021-05-25 09:54:34,6919.8,125640
2021-05-25 09:54:35,6919.45,125642
2021-05-25 09:54:36,6919.45,125647
2021-05-25 09:54:37,6919.45,125647
2021-05-25 09:54:38,6919.45,125647
2021-05-25 09:54:39,6919.45,125647
2021-05-25 09:54:40,6919.5,125651
2021-05-25 09:54:42,6919.5,125651
2021-05-25 09:54:43,6917.0,125681
2021-05-25 09:54:44,6917.0,125681
2021-05-25 09:54:45,6917.0,125681
2021-05-25 09:54:45,6917.0,125681
2021-05-25 09:54:47,6916.25,125711
2021-05-25 09:54:47,6916.25,125711
2021-05-25 09:54:48,6919.9,125726
2021-05-25 09:54:49,6919.9,125726
2021-05-25 09:54:50,6919.9,125726
2021-05-25 09:54:51,6919.9,125726
2021-05-25 09:54:52,6919.9,125726
2021-05-25 09:54:54,6919.15,125731
2021-05-25 09:54:55,6916.0,125733
2021-05-25 09:54:56,6916.0,125783
2021-05-25 09:54:56,6916.0,125783
2021-05-25 09:54:57,6919.65,125870
2021-05-25 09:54:58,6919.65,125870
2021-05-25 09:55:00,6916.1,125899
2021-05-25 09:55:01,6916.0,125989
2021-05-25 09:55:03,6912.0,126154
2021-05-25 09:55:04,6915.75,126205
2021-05-25 09:55:06,6915.25,126281
2021-05-25 09:55:07,6912.35,126282
2021-05-25 09:55:07,6912.35,126282
2021-05-25 09:55:08,6912.35,126282
2021-05-25 09:55:09,6914.9,126294
2021-05-25 09:55:11,6915.0,126299
2021-05-25 09:55:12,6912.4,126300
2021-05-25 09:55:13,6915.0,126307
2021-05-25 09:55:14,6913.0,126308
2021-05-25 09:55:15,6915.0,126348
2021-05-25 09:55:16,6912.55,126353
2021-05-25 09:55:17,6915.0,126356
2021-05-25 09:55:18,6912.55,126376
2021-05-25 09:55:18,6912.55,126379
2021-05-25 09:55:19,6912.0,126485
2021-05-25 09:55:20,6914.9,126495
2021-05-25 09:55:22,6915.0,126505
2021-05-25 09:55:23,6912.6,126507
2021-05-25 09:55:24,6915.0,126523
2021-05-25 09:55:25,6912.6,126535
2021-05-25 09:55:27,6912.3,126575
2021-05-25 09:55:27,6912.3,126575
2021-05-25 09:55:28,6912.3,126575
2021-05-25 09:55:31,6914.0,126576
2021-05-25 09:55:32,6914.0,126576
2021-05-25 09:55:33,6915.0,126769
2021-05-25 09:55:34,6912.35,126882
2021-05-25 09:55:35,6912.35,126882
2021-05-25 09:55:35,6912.35,126882
2021-05-25 09:55:37,6912.35,126882
2021-05-25 09:55:38,6914.95,126926
2021-05-25 09:55:39,6914.85,126976
2021-05-25 09:55:40,6915.0,127022
2021-05-25 09:55:41,6915.0,127022
2021-05-25 09:55:43,6912.4,127075
2021-05-25 09:55:43,6912.4,127075
2021-05-25 09:55:44,6912.4,127075
2021-05-25 09:55:46,6912.4,127075
2021-05-25 09:55:47,6912.35,127090
2021-05-25 09:55:48,6913.0,127091
2021-05-25 09:55:49,6913.0,127096
2021-05-25 09:55:50,6913.75,127111
2021-05-25 09:55:51,6913.7,127112
2021-05-25 09:55:52,6913.7,127112
2021-05-25 09:55:53,6912.35,127246
2021-05-25 09:55:55,6912.35,127246
2021-05-25 09:55:56,6913.5,127324
2021-05-25 09:55:58,6912.4,127339
2021-05-25 09:55:59,6912.4,127339
2021-05-25 09:56:00,6913.5,127354
2021-05-25 09:56:00,6913.5,127354
2021-05-25 09:56:01,6913.5,127354
2021-05-25 09:56:02,6913.5,127354
2021-05-25 09:56:04,6912.05,127355
2021-05-25 09:56:05,6913.3,127559
2021-05-25 09:56:06,6913.6,127767
2021-05-25 09:56:07,6911.5,127965
2021-05-25 09:56:08,6913.8,128005
2021-05-25 09:56:09,6913.8,128005
2021-05-25 09:56:09,6913.8,128005
2021-05-25 09:56:11,6913.8,128005
2021-05-25 09:56:13,6913.8,128005
2021-05-25 09:56:14,6913.8,128005
2021-05-25 09:56:15,6912.05,128009
2021-05-25 09:56:16,6912.05,128024
2021-05-25 09:56:17,6912.05,128024
2021-05-25 09:56:17,6912.0,128029
2021-05-25 09:56:19,6912.0,128030
2021-05-25 09:56:20,6912.05,128035
2021-05-25 09:56:21,6911.0,128103
2021-05-25 09:56:22,6911.0,128103
2021-05-25 09:56:23,6911.0,128105
2021-05-25 09:56:24,6913.4,128106
2021-05-25 09:56:25,6913.4,128106
2021-05-25 09:56:26,6912.55,128124
2021-05-25 09:56:28,6913.5,128232
2021-05-25 09:56:28,6913.5,128232
2021-05-25 09:56:30,6912.0,128234
2021-05-25 09:56:31,6911.05,128239
2021-05-25 09:56:32,6912.0,128240
2021-05-25 09:56:33,6912.0,128240
2021-05-25 09:56:34,6912.0,128258
2021-05-25 09:56:35,6912.0,128262
2021-05-25 09:56:36,6912.0,128262
2021-05-25 09:56:39,6912.0,128264
2021-05-25 09:56:40,6913.75,128321
2021-05-25 09:56:42,6913.75,128321
2021-05-25 09:56:43,6913.65,128332
2021-05-25 09:56:44,6913.65,128332
2021-05-25 09:56:45,6913.65,128354
2021-05-25 09:56:46,6913.8,128404
2021-05-25 09:56:47,6913.8,128404
2021-05-25 09:56:48,6913.7,128419
2021-05-25 09:56:49,6912.0,128423
2021-05-25 09:56:51,6912.0,128423
2021-05-25 09:56:52,6912.0,128423
2021-05-25 09:56:54,6914.95,128533
2021-05-25 09:56:56,6912.95,128549
2021-05-25 09:56:57,6913.0,128558
2021-05-25 09:56:58,6913.0,128558
2021-05-25 09:56:59,6913.0,128558
2021-05-25 09:57:00,6913.0,128558
2021-05-25 09:57:00,6915.5,128561
2021-05-25 09:57:02,6915.5,128561
2021-05-25 09:57:04,6915.5,128561
2021-05-25 09:57:05,6915.9,128564
2021-05-25 09:57:07,6915.9,128589
2021-05-25 09:57:08,6915.9,128589
2021-05-25 09:57:09,6915.5,128590
2021-05-25 09:57:09,6915.9,128589
2021-05-25 09:57:10,6915.0,128609
2021-05-25 09:57:12,6915.0,128609
2021-05-25 09:57:13,6913.55,128837
2021-05-25 09:57:14,6913.55,128837
2021-05-25 09:57:15,6916.35,128842
2021-05-25 09:57:16,6913.65,128872
2021-05-25 09:57:16,6913.65,128872
2021-05-25 09:57:17,6916.4,128877
2021-05-25 09:57:19,6913.7,128879
2021-05-25 09:57:20,6913.7,128879
2021-05-25 09:57:21,6917.0,128932
2021-05-25 09:57:22,6914.1,128936
2021-05-25 09:57:23,6916.75,128947
2021-05-25 09:57:24,6913.6,128972
2021-05-25 09:57:25,6913.6,128972
2021-05-25 09:57:26,6913.6,128972
2021-05-25 09:57:27,6913.6,128972
2021-05-25 09:57:29,6913.6,128972
2021-05-25 09:57:30,6914.0,128973
2021-05-25 09:57:31,6915.65,129015
2021-05-25 09:57:32,6912.4,129061
2021-05-25 09:57:33,6912.4,129061
2021-05-25 09:57:34,6916.1,129071
2021-05-25 09:57:36,6916.5,129121
2021-05-25 09:57:35,6916.1,129071
2021-05-25 09:57:38,6914.0,129133
2021-05-25 09:57:39,6914.0,129133
2021-05-25 09:57:40,6916.15,129198
2021-05-25 09:57:41,6916.15,129198
2021-05-25 09:57:42,6916.15,129198
2021-05-25 09:57:43,6914.0,129199
2021-05-25 09:57:44,6914.0,129199
2021-05-25 09:57:45,6914.0,129199
2021-05-25 09:57:46,6915.0,129231
2021-05-25 09:57:47,6915.0,129231
2021-05-25 09:57:48,6915.0,129231
2021-05-25 09:57:49,6912.0,129332
2021-05-25 09:57:50,6912.0,129332
2021-05-25 09:57:51,6912.0,129332
2021-05-25 09:57:52,6912.0,129337
2021-05-25 09:57:54,6912.0,129337
2021-05-25 09:57:53,6912.0,129337
2021-05-25 09:57:55,6912.0,129339
2021-05-25 09:57:56,6912.0,129339
2021-05-25 09:57:57,6912.0,129339
2021-05-25 09:57:58,6914.85,129340
2021-05-25 09:57:59,6914.85,129340
2021-05-25 09:58:00,6912.0,129354
2021-05-25 09:58:01,6912.05,129355
2021-05-25 09:58:03,6908.0,131198
2021-05-25 09:58:04,6910.8,131300
2021-05-25 09:58:05,6911.0,131317
2021-05-25 09:58:06,6911.9,131359
2021-05-25 09:58:07,6911.9,131359
2021-05-25 09:58:08,6911.85,131364
2021-05-25 09:58:09,6911.85,131364
2021-05-25 09:58:10,6911.85,131364
2021-05-25 09:58:11,6912.0,131366
2021-05-25 09:58:12,6912.0,131366
2021-05-25 09:58:13,6912.0,131366
2021-05-25 09:58:14,6912.0,131366
2021-05-25 09:58:15,6913.2,131387
2021-05-25 09:58:16,6911.1,131392
2021-05-25 09:58:18,6913.45,131402
2021-05-25 09:58:19,6911.3,131403
2021-05-25 09:58:20,6913.45,131416
2021-05-25 09:58:21,6913.45,131416
2021-05-25 09:58:22,6912.2,131418
2021-05-25 09:58:23,6912.2,131418
2021-05-25 09:58:24,6914.0,131420
2021-05-25 09:58:25,6913.45,131471
2021-05-25 09:58:27,6912.65,131474
2021-05-25 09:58:28,6912.65,131474
2021-05-25 09:58:29,6909.4,131574
2021-05-25 09:58:30,6913.7,131575
2021-05-25 09:58:31,6910.65,131605
2021-05-25 09:58:32,6910.65,131605
2021-05-25 09:58:33,6911.75,131607
2021-05-25 09:58:34,6913.65,131611
2021-05-25 09:58:35,6913.65,131611
2021-05-25 09:58:36,6913.65,131611
2021-05-25 09:58:37,6911.05,131613
2021-05-25 09:58:38,6911.05,131613
2021-05-25 09:58:39,6911.05,131613
2021-05-25 09:58:40,6911.05,131613
2021-05-25 09:58:41,6911.05,131613
2021-05-25 09:58:42,6911.05,131613
2021-05-25 09:58:43,6913.0,131615
2021-05-25 09:58:44,6913.0,131630
2021-05-25 09:58:45,6913.65,131633
2021-05-25 09:58:46,6913.65,131633
2021-05-25 09:58:47,6913.45,131648
2021-05-25 09:58:48,6913.45,131649
2021-05-25 09:58:49,6913.45,131649
2021-05-25 09:58:50,6914.95,131707
2021-05-25 09:58:51,6910.0,131777
2021-05-25 09:58:52,6910.0,131777
2021-05-25 09:58:54,6913.45,131787
2021-05-25 09:58:56,6913.65,131792
2021-05-25 09:58:57,6913.65,131792
2021-05-25 09:58:58,6910.35,131798
2021-05-25 09:58:59,6910.35,131798
2021-05-25 09:59:00,6910.35,131798
2021-05-25 09:59:01,6911.25,131823
2021-05-25 09:59:04,6911.25,131823
2021-05-25 09:59:03,6911.25,131823
2021-05-25 09:59:05,6914.0,131835
2021-05-25 09:59:06,6914.7,131836
2021-05-25 09:59:07,6911.7,131854
2021-05-25 09:59:08,6911.7,131854
2021-05-25 09:59:09,6911.7,131854
2021-05-25 09:59:10,6911.5,131856
2021-05-25 09:59:11,6911.5,131856
2021-05-25 09:59:12,6911.5,131856
2021-05-25 09:59:13,6911.5,131856
2021-05-25 09:59:14,6911.5,131856
2021-05-25 09:59:15,6911.0,131857
2021-05-25 09:59:16,6911.0,131857
2021-05-25 09:59:17,6911.5,131875
2021-05-25 09:59:18,6911.5,131925
2021-05-25 09:59:19,6911.5,131926
2021-05-25 09:59:20,6913.5,131931
2021-05-25 09:59:21,6913.5,131931
2021-05-25 09:59:22,6913.5,131931
2021-05-25 09:59:23,6911.5,131951
2021-05-25 09:59:24,6911.0,132051
2021-05-25 09:59:25,6913.55,132062
2021-05-25 09:59:27,6913.55,132063
2021-05-25 09:59:26,6913.55,132063
2021-05-25 09:59:29,6913.55,132068
2021-05-25 09:59:30,6913.55,132068
2021-05-25 09:59:31,6911.7,132069
2021-05-25 09:59:32,6911.7,132069
2021-05-25 09:59:33,6911.7,132069
2021-05-25 09:59:34,6911.7,132069
2021-05-25 09:59:35,6911.7,132069
2021-05-25 09:59:36,6911.55,132071
2021-05-25 09:59:37,6911.55,132071
2021-05-25 09:59:40,6911.55,132071
2021-05-25 09:59:40,6911.55,132071
2021-05-25 09:59:41,6914.0,132151
2021-05-25 09:59:42,6914.7,132159
2021-05-25 09:59:43,6911.65,132200
2021-05-25 09:59:44,6911.6,132204
2021-05-25 09:59:45,6914.4,132220
2021-05-25 09:59:46,6914.4,132220
2021-05-25 09:59:47,6914.4,132220
2021-05-25 09:59:48,6914.4,132220
2021-05-25 09:59:50,6914.4,132220
2021-05-25 09:59:50,6914.4,132220
2021-05-25 09:59:51,6914.4,132220
2021-05-25 09:59:53,6914.4,132220
2021-05-25 09:59:54,6914.4,132220
2021-05-25 09:59:56,6914.1,132227
2021-05-25 09:59:58,6914.1,132227
2021-05-25 09:59:59,6914.1,132227
2021-05-25 09:59:59,6914.1,132229
2021-05-25 10:00:02,6914.4,132257
2021-05-25 10:00:03,6914.4,132257
2021-05-25 10:00:05,6914.6,132267
2021-05-25 10:00:06,6915.0,132290
2021-05-25 10:00:07,6912.45,132300
2021-05-25 10:00:08,6915.75,132306
2021-05-25 10:00:09,6915.75,132306
2021-05-25 10:00:09,6915.75,132306
2021-05-25 10:00:12,6915.3,132337
2021-05-25 10:00:13,6915.3,132337
2021-05-25 10:00:15,6914.6,132412
2021-05-25 10:00:16,6914.6,132412
2021-05-25 10:00:17,6912.35,132443
2021-05-25 10:00:18,6912.35,132443
2021-05-25 10:00:19,6912.3,132444
2021-05-25 10:00:21,6912.35,132446
2021-05-25 10:00:22,6912.35,132446
2021-05-25 10:00:24,6915.2,132471
2021-05-25 10:00:26,6915.4,132482
2021-05-25 10:00:26,6915.4,132482
2021-05-25 10:00:27,6915.4,132482
2021-05-25 10:00:28,6915.4,132482
2021-05-25 10:00:29,6912.35,132494
2021-05-25 10:00:30,6915.3,132496
2021-05-25 10:00:31,6915.3,132496
2021-05-25 10:00:33,6912.5,132497
2021-05-25 10:00:34,6912.5,132497
2021-05-25 10:00:35,6915.2,132505
2021-05-25 10:00:36,6915.2,132505
2021-05-25 10:00:38,6913.2,132508
2021-05-25 10:00:40,6913.2,132508
2021-05-25 10:00:40,6913.2,132508
2021-05-25 10:00:41,6913.2,132508
2021-05-25 10:00:42,6913.2,132508
2021-05-25 10:00:44,6913.25,132514
2021-05-25 10:00:44,6913.25,132514
2021-05-25 10:00:45,6915.0,132527
2021-05-25 10:00:47,6913.2,132529
2021-05-25 10:00:48,6914.85,132538
2021-05-25 10:00:49,6914.8,132539
2021-05-25 10:00:50,6913.2,132559
2021-05-25 10:00:51,6913.0,132756
2021-05-25 10:00:52,6913.0,132756
2021-05-25 10:00:54,6914.35,132757
2021-05-25 10:00:54,6914.35,132757
2021-05-25 10:00:55,6912.5,132763
2021-05-25 10:00:56,6913.0,132774
2021-05-25 10:00:57,6913.0,132795
2021-05-25 10:00:58,6914.1,132805
2021-05-25 10:00:59,6914.1,132805
2021-05-25 10:01:00,6914.0,132817
2021-05-25 10:01:01,6914.0,132817
2021-05-25 10:01:02,6914.0,132817
2021-05-25 10:01:03,6913.45,132827
2021-05-25 10:01:04,6913.8,132855
2021-05-25 10:01:05,6913.8,133348
2021-05-25 10:01:06,6913.8,133348
2021-05-25 10:01:09,6912.0,133349
2021-05-25 10:01:09,6912.0,133349
2021-05-25 10:01:10,6912.0,133349
2021-05-25 10:01:11,6912.0,133349
2021-05-25 10:01:12,6911.55,133364
2021-05-25 10:01:13,6913.0,133414
2021-05-25 10:01:15,6914.95,133556
2021-05-25 10:01:16,6914.95,133556
2021-05-25 10:01:17,6912.0,133557
2021-05-25 10:01:19,6912.1,133558
2021-05-25 10:01:19,6913.9,133568
2021-05-25 10:01:20,6913.9,133568
2021-05-25 10:01:21,6912.05,133605
2021-05-25 10:01:22,6912.05,133605
2021-05-25 10:01:23,6914.6,133607
2021-05-25 10:01:24,6912.15,133634
2021-05-25 10:01:25,6914.6,133635
2021-05-25 10:01:26,6914.6,133635
2021-05-25 10:01:27,6914.6,133635
2021-05-25 10:01:28,6914.6,133635
2021-05-25 10:01:30,6914.6,133635
2021-05-25 10:01:30,6914.6,133635
2021-05-25 10:01:31,6914.1,133647
2021-05-25 10:01:32,6912.0,133757
2021-05-25 10:01:33,6912.0,133757
2021-05-25 10:01:34,6914.45,133837
2021-05-25 10:01:35,6914.45,133837
2021-05-25 10:01:36,6914.45,133837
2021-05-25 10:01:38,6913.0,133839
2021-05-25 10:01:39,6913.0,133851
2021-05-25 10:01:39,6913.0,133851
2021-05-25 10:01:40,6913.0,133851
2021-05-25 10:01:41,6913.0,133851
2021-05-25 10:01:42,6913.0,133851
2021-05-25 10:01:43,6911.55,133946
2021-05-25 10:01:44,6911.55,133946
2021-05-25 10:01:45,6911.55,133946
2021-05-25 10:01:46,6911.55,133947
2021-05-25 10:01:48,6911.55,133947
2021-05-25 10:01:49,6911.55,133947
2021-05-25 10:01:51,6911.0,133967
2021-05-25 10:01:52,6911.0,133967
2021-05-25 10:01:53,6910.0,134037
2021-05-25 10:01:54,6910.0,134048
2021-05-25 10:01:55,6910.0,134050
2021-05-25 10:01:57,6910.0,134050
2021-05-25 10:01:58,6910.0,134070
2021-05-25 10:01:58,6910.0,134070
2021-05-25 10:01:59,6910.0,134090
2021-05-25 10:02:00,6910.4,134104
2021-05-25 10:02:01,6910.4,134104
2021-05-25 10:02:02,6910.4,134104
2021-05-25 10:02:04,6910.4,134104
2021-05-25 10:02:05,6910.4,134104
2021-05-25 10:02:06,6912.1,134114
2021-05-25 10:02:07,6912.1,134115
2021-05-25 10:02:08,6912.1,134132
2021-05-25 10:02:09,6912.1,134132
2021-05-25 10:02:10,6910.0,134142
2021-05-25 10:02:11,6910.0,134142
2021-05-25 10:02:13,6910.0,134142
2021-05-25 10:02:14,6910.0,134142
2021-05-25 10:02:15,6910.0,134142
2021-05-25 10:02:16,6910.0,134142
2021-05-25 10:02:16,6912.45,134143
2021-05-25 10:02:17,6912.45,134143
2021-05-25 10:02:19,6910.45,134254
2021-05-25 10:02:20,6910.0,134260
2021-05-25 10:02:21,6910.45,134261
2021-05-25 10:02:23,6912.45,134272
2021-05-25 10:02:24,6910.15,134274
2021-05-25 10:02:25,6912.45,134279
2021-05-25 10:02:26,6912.1,134284
2021-05-25 10:02:27,6912.1,134294
2021-05-25 10:02:28,6911.1,134308
2021-05-25 10:02:29,6911.1,134308
2021-05-25 10:02:31,6910.95,134318
2021-05-25 10:02:32,6913.0,134319
2021-05-25 10:02:32,6913.0,134319
2021-05-25 10:02:33,6913.0,134319
2021-05-25 10:02:34,6913.0,134319
2021-05-25 10:02:35,6910.5,134329
2021-05-25 10:02:36,6910.5,134330
2021-05-25 10:02:38,6913.2,134331
2021-05-25 10:02:39,6913.2,134332
2021-05-25 10:02:40,6913.25,134345
2021-05-25 10:02:41,6913.25,134345
2021-05-25 10:02:42,6913.25,134345
2021-05-25 10:02:43,6913.35,134346
2021-05-25 10:02:45,6913.35,134346
2021-05-25 10:02:49,6913.35,134353
2021-05-25 10:02:51,6913.35,134353
2021-05-25 10:02:52,6910.0,134654
2021-05-25 10:02:53,6910.0,134654
2021-05-25 10:02:54,6910.0,134654
2021-05-25 10:02:55,6910.0,134655
2021-05-25 10:02:56,6912.55,134656
2021-05-25 10:02:56,6912.55,134656
2021-05-25 10:03:01,6911.5,135051
2021-05-25 10:03:02,6911.5,135051
2021-05-25 10:03:03,6911.5,135051
2021-05-25 10:03:04,6911.5,135051
2021-05-25 10:03:05,6911.3,135063
2021-05-25 10:03:06,6910.0,135069
2021-05-25 10:03:07,6909.0,135140
2021-05-25 10:03:08,6911.3,135141
2021-05-25 10:03:09,6911.3,135141
2021-05-25 10:03:10,6911.3,135141
2021-05-25 10:03:11,6911.3,135146
2021-05-25 10:03:12,6910.5,135147
2021-05-25 10:03:13,6910.5,135148
2021-05-25 10:03:14,6911.25,135181
2021-05-25 10:03:16,6911.25,135184
2021-05-25 10:03:17,6911.25,135184
2021-05-25 10:03:18,6911.25,135184
2021-05-25 10:03:19,6910.5,135190
2021-05-25 10:03:20,6910.5,135190
2021-05-25 10:03:21,6910.5,135190
2021-05-25 10:03:22,6910.5,135190
2021-05-25 10:03:23,6912.9,135191
2021-05-25 10:03:26,6912.9,135193
2021-05-25 10:03:27,6912.9,135193
2021-05-25 10:03:28,6912.9,135193
2021-05-25 10:03:29,6912.9,135193
2021-05-25 10:03:30,6912.9,135204
2021-05-25 10:03:31,6912.95,135205
2021-05-25 10:03:32,6912.95,135205
2021-05-25 10:03:32,6912.95,135205
2021-05-25 10:03:33,6912.95,135205
2021-05-25 10:03:34,6912.9,135211
2021-05-25 10:03:35,6912.9,135211
2021-05-25 10:03:37,6912.9,135261
2021-05-25 10:03:38,6913.5,135266
2021-05-25 10:03:38,6913.5,135266
2021-05-25 10:03:39,6909.0,135366
2021-05-25 10:03:40,6913.55,135380
2021-05-25 10:03:41,6913.55,135380
2021-05-25 10:03:42,6913.55,135380
2021-05-25 10:03:44,6912.0,135381
2021-05-25 10:03:46,6912.9,135393
2021-05-25 10:03:48,6912.9,135393
2021-05-25 10:03:49,6912.0,135493
2021-05-25 10:03:49,6912.0,135493
2021-05-25 10:03:51,6912.0,135493
2021-05-25 10:03:52,6912.0,135497
2021-05-25 10:03:53,6912.7,135498
2021-05-25 10:03:54,6909.0,135961
2021-05-25 10:03:55,6909.1,135962
2021-05-25 10:03:56,6912.1,136002
2021-05-25 10:03:57,6909.0,136037
2021-05-25 10:03:58,6909.0,136037
2021-05-25 10:03:58,6909.0,136037
2021-05-25 10:03:59,6909.0,136037
2021-05-25 10:04:00,6909.0,136051
2021-05-25 10:04:01,6909.0,136051
2021-05-25 10:04:03,6909.0,136051
2021-05-25 10:04:04,6911.4,136076
2021-05-25 10:04:05,6911.2,136089
2021-05-25 10:04:05,6911.2,136089
2021-05-25 10:04:06,6911.1,136118
2021-05-25 10:04:07,6910.95,136124
2021-05-25 10:04:09,6910.9,136155
2021-05-25 10:04:10,6910.9,136155
2021-05-25 10:04:11,6910.9,136155
2021-05-25 10:04:12,6910.9,136155
2021-05-25 10:04:13,6910.9,136155
2021-05-25 10:04:14,6909.0,136160
2021-05-25 10:04:15,6909.0,136160
2021-05-25 10:04:16,6909.0,136160
2021-05-25 10:04:17,6910.6,136220
2021-05-25 10:04:17,6910.6,136220
2021-05-25 10:04:18,6909.0,136222
2021-05-25 10:04:20,6909.0,136249
2021-05-25 10:04:21,6909.05,136252
2021-05-25 10:04:22,6909.05,136252
2021-05-25 10:04:23,6909.05,136265
2021-05-25 10:04:24,6911.0,136268
2021-05-25 10:04:25,6911.0,136275
2021-05-25 10:04:26,6911.0,136275
2021-05-25 10:04:26,6911.0,136275
2021-05-25 10:04:28,6911.0,136275
2021-05-25 10:04:29,6911.0,136283
2021-05-25 10:04:30,6911.0,136283
2021-05-25 10:04:31,6909.1,136286
2021-05-25 10:04:32,6911.0,136287
2021-05-25 10:04:33,6911.0,136287
2021-05-25 10:04:33,6911.0,136287
2021-05-25 10:04:34,6911.0,136287
2021-05-25 10:04:35,6911.6,136304
2021-05-25 10:04:38,6911.6,136304
2021-05-25 10:04:39,6912.0,136337
2021-05-25 10:04:40,6912.0,136355
2021-05-25 10:04:41,6912.0,136355
2021-05-25 10:04:42,6912.0,136361
2021-05-25 10:04:43,6909.65,136367
2021-05-25 10:04:45,6909.65,136367
2021-05-25 10:04:46,6909.65,136367
2021-05-25 10:04:47,6909.65,136367
2021-05-25 10:04:48,6912.0,136380
2021-05-25 10:04:49,6912.0,136380
2021-05-25 10:04:51,6912.0,136381
2021-05-25 10:04:52,6912.0,136381
2021-05-25 10:04:53,6912.0,136381
2021-05-25 10:04:54,6912.0,136381
2021-05-25 10:04:55,6910.0,136386
2021-05-25 10:04:57,6909.75,136480
2021-05-25 10:04:57,6909.75,136480
2021-05-25 10:04:58,6912.0,136495
2021-05-25 10:05:00,6912.0,136495
2021-05-25 10:05:01,6911.75,136507
2021-05-25 10:05:02,6911.45,136530
2021-05-25 10:05:02,6910.0,136540
2021-05-25 10:05:03,6910.0,136540
2021-05-25 10:05:05,6910.0,136555
2021-05-25 10:05:06,6910.0,136556
2021-05-25 10:05:07,6909.0,136756
2021-05-25 10:05:08,6909.0,136756
2021-05-25 10:05:10,6906.5,138828
2021-05-25 10:05:11,6906.5,138828
2021-05-25 10:05:12,6905.0,140139
2021-05-25 10:05:13,6905.7,140142
2021-05-25 10:05:13,6905.0,140143
2021-05-25 10:05:14,6905.0,140150
2021-05-25 10:05:15,6906.0,140155
2021-05-25 10:05:16,6905.0,140160
2021-05-25 10:05:17,6905.0,140459
2021-05-25 10:05:20,6905.7,140487
2021-05-25 10:05:21,6905.95,140490
2021-05-25 10:05:22,6905.95,140500
2021-05-25 10:05:23,6907.3,140504
2021-05-25 10:05:24,6905.95,140514
2021-05-25 10:05:25,6907.3,140516
2021-05-25 10:05:25,6907.3,140516
2021-05-25 10:05:26,6907.3,140516
2021-05-25 10:05:27,6907.3,140522
2021-05-25 10:05:28,6906.5,140530
2021-05-25 10:05:29,6906.5,140530
2021-05-25 10:05:31,6905.95,140558
2021-05-25 10:05:32,6906.5,140562
2021-05-25 10:05:33,6906.5,140562
2021-05-25 10:05:34,6907.3,140563
2021-05-25 10:05:35,6907.3,140568
2021-05-25 10:05:36,6907.3,140569
2021-05-25 10:05:37,6906.5,140579
2021-05-25 10:05:38,6907.3,140581
2021-05-25 10:05:39,6905.0,140631
2021-05-25 10:05:39,6905.0,140631
2021-05-25 10:05:40,6906.3,140946
2021-05-25 10:05:41,6906.0,140976
2021-05-25 10:05:43,6906.0,140977
2021-05-25 10:05:44,6906.0,140977
2021-05-25 10:05:44,6906.0,140987
2021-05-25 10:05:45,6909.8,141019
2021-05-25 10:05:46,6906.25,141049
2021-05-25 10:05:47,6906.25,141050
2021-05-25 10:05:48,6906.25,141050
2021-05-25 10:05:50,6908.65,141062
2021-05-25 10:05:51,6908.65,141062
2021-05-25 10:05:53,6908.1,141063
2021-05-25 10:05:54,6907.0,141068
2021-05-25 10:05:55,6906.0,141069
2021-05-25 10:05:56,6906.0,141069
2021-05-25 10:05:56,6906.0,141069
2021-05-25 10:05:57,6906.0,141069
2021-05-25 10:05:59,6906.0,141069
2021-05-25 10:06:00,6908.05,141098
2021-05-25 10:06:01,6908.05,141098
2021-05-25 10:06:02,6908.05,141098
2021-05-25 10:06:02,6908.05,141098
2021-05-25 10:06:03,6907.05,141103
2021-05-25 10:06:04,6907.95,141108
2021-05-25 10:06:06,6907.0,141153
2021-05-25 10:06:07,6908.0,141155
2021-05-25 10:06:10,6906.4,141156
2021-05-25 10:06:11,6906.4,141166
2021-05-25 10:06:12,6906.4,141166
2021-05-25 10:06:12,6906.4,141166
2021-05-25 10:06:13,6907.05,141168
2021-05-25 10:06:14,6906.0,141218
2021-05-25 10:06:16,6906.0,141218
2021-05-25 10:06:17,6906.0,141218
2021-05-25 10:06:18,6906.1,141225
2021-05-25 10:06:19,6906.1,141229
2021-05-25 10:06:20,6906.0,141239
2021-05-25 10:06:21,6906.0,141239
2021-05-25 10:06:22,6906.0,141239
2021-05-25 10:06:23,6906.0,141269
2021-05-25 10:06:24,6906.0,141369
2021-05-25 10:06:24,6906.0,141369
2021-05-25 10:06:25,6907.05,141374
2021-05-25 10:06:27,6907.05,141374
2021-05-25 10:06:28,6906.0,141394
2021-05-25 10:06:29,6906.0,141394
2021-05-25 10:06:30,6907.0,141404
2021-05-25 10:06:31,6907.05,141447
2021-05-25 10:06:31,6907.05,141447
2021-05-25 10:06:32,6908.05,141458
2021-05-25 10:06:33,6908.05,141458
2021-05-25 10:06:34,6908.05,141458
2021-05-25 10:06:36,6907.05,141459
2021-05-25 10:06:37,6908.05,141471
2021-05-25 10:06:38,6907.0,141481
2021-05-25 10:06:39,6906.0,141531
2021-05-25 10:06:40,6906.05,141539
2021-05-25 10:06:40,6906.0,141531
2021-05-25 10:06:41,6906.05,141539
2021-05-25 10:06:43,6908.0,141540
2021-05-25 10:06:44,6907.05,141543
2021-05-25 10:06:45,6908.0,141557
2021-05-25 10:06:46,6908.0,141560
2021-05-25 10:06:47,6908.0,141560
2021-05-25 10:06:48,6907.0,141562
2021-05-25 10:06:48,6906.0,141662
2021-05-25 10:06:49,6906.0,141662
2021-05-25 10:06:50,6906.0,141662
2021-05-25 10:06:52,6908.0,141672
2021-05-25 10:06:53,6908.0,141681
2021-05-25 10:06:54,6908.0,141690
2021-05-25 10:06:55,6906.2,141696
2021-05-25 10:06:56,6906.2,141698
2021-05-25 10:06:57,6908.0,141699
2021-05-25 10:06:58,6908.0,141700
2021-05-25 10:06:59,6908.0,141700
2021-05-25 10:07:00,6906.2,141716
2021-05-25 10:07:01,6908.05,141717
2021-05-25 10:07:03,6908.05,141735
2021-05-25 10:07:03,6908.05,141735
2021-05-25 10:07:05,6908.0,141740
2021-05-25 10:07:06,6908.0,141740
2021-05-25 10:07:07,6907.0,141741
2021-05-25 10:07:10,6908.0,141742
2021-05-25 10:07:12,6908.0,141744
2021-05-25 10:07:11,6908.0,141744
2021-05-25 10:07:13,6908.0,141744
2021-05-25 10:07:14,6908.0,141744
2021-05-25 10:07:15,6908.0,141764
2021-05-25 10:07:16,6908.0,141764
2021-05-25 10:07:17,6908.0,141764
2021-05-25 10:07:18,6907.0,141786
2021-05-25 10:07:18,6907.0,141786
2021-05-25 10:07:20,6907.0,141787
2021-05-25 10:07:21,6908.0,141791
2021-05-25 10:07:22,6907.05,141796
2021-05-25 10:07:24,6907.05,141796
2021-05-25 10:07:25,6906.25,141907
2021-05-25 10:07:25,6906.25,141907
2021-05-25 10:07:28,6908.05,141926
2021-05-25 10:07:29,6908.05,141926
2021-05-25 10:07:30,6908.05,141926
2021-05-25 10:07:31,6908.0,141927
2021-05-25 10:07:32,6908.0,141927
2021-05-25 10:07:33,6908.05,141980
2021-05-25 10:07:34,6908.05,141992
2021-05-25 10:07:35,6908.05,141998
2021-05-25 10:07:36,6908.05,142008
2021-05-25 10:07:37,6908.05,142011
2021-05-25 10:07:37,6908.05,142011
2021-05-25 10:07:39,6908.05,142011
2021-05-25 10:07:40,6906.05,142133
2021-05-25 10:07:41,6906.05,142133
2021-05-25 10:07:42,6906.05,142133
2021-05-25 10:07:43,6906.05,142134
2021-05-25 10:07:44,6908.05,142136
2021-05-25 10:07:45,6909.6,142187
2021-05-25 10:07:46,6909.6,142187
2021-05-25 10:07:47,6909.6,142187
2021-05-25 10:07:48,6908.05,142190
2021-05-25 10:07:49,6908.05,142190
2021-05-25 10:07:51,6906.05,142224
2021-05-25 10:07:52,6906.05,142224
2021-05-25 10:07:53,6908.6,142235
2021-05-25 10:07:54,6906.05,142270
2021-05-25 10:07:55,6906.0,142271
2021-05-25 10:07:56,6906.0,142271
2021-05-25 10:07:57,6906.0,142271
2021-05-25 10:07:59,6906.0,142271
2021-05-25 10:08:00,6906.0,142335
2021-05-25 10:08:01,6906.0,142335
2021-05-25 10:08:02,6908.4,142347
2021-05-25 10:08:03,6906.05,142350
2021-05-25 10:08:04,6906.05,142350
2021-05-25 10:08:05,6908.0,142359
2021-05-25 10:08:06,6908.0,142359
2021-05-25 10:08:07,6906.0,142365
2021-05-25 10:08:08,6906.0,142365
2021-05-25 10:08:09,6906.0,142369
2021-05-25 10:08:10,6906.0,142369
2021-05-25 10:08:11,6906.0,142369
2021-05-25 10:08:12,6906.0,142369
2021-05-25 10:08:13,6908.0,142394
2021-05-25 10:08:14,6906.0,142404
2021-05-25 10:08:15,6906.0,142404
2021-05-25 10:08:16,6908.0,142405
2021-05-25 10:08:17,6908.0,142405
2021-05-25 10:08:18,6906.0,142407
2021-05-25 10:08:19,6906.0,142408
2021-05-25 10:08:21,6906.0,142408
2021-05-25 10:08:22,6906.0,142408
2021-05-25 10:08:23,6906.0,142408
2021-05-25 10:08:25,6907.75,142433
2021-05-25 10:08:27,6906.05,142452
2021-05-25 10:08:28,6906.05,142452
2021-05-25 10:08:30,6906.0,142492
2021-05-25 10:08:31,6905.95,142530
2021-05-25 10:08:32,6905.95,142530
2021-05-25 10:08:33,6905.95,142530
2021-05-25 10:08:34,6905.95,142530
2021-05-25 10:08:35,6905.95,142545
2021-05-25 10:08:37,6905.95,142545
2021-05-25 10:08:38,6905.95,142555
2021-05-25 10:08:39,6905.95,142555
2021-05-25 10:08:40,6906.0,142568
2021-05-25 10:08:41,6906.0,142583
2021-05-25 10:08:42,6906.0,142583
2021-05-25 10:08:43,6905.95,142584
2021-05-25 10:08:44,6906.0,142734
2021-05-25 10:08:45,6906.0,142734
2021-05-25 10:08:46,6906.0,142751
2021-05-25 10:08:47,6906.0,142766
2021-05-25 10:08:48,6906.0,142766
2021-05-25 10:08:49,6905.15,142786
2021-05-25 10:08:50,6905.1,142791
2021-05-25 10:08:51,6906.0,142811
2021-05-25 10:08:52,6906.0,142811
2021-05-25 10:08:53,6905.05,142812
2021-05-25 10:08:54,6906.0,142829
2021-05-25 10:08:55,6906.0,142844
2021-05-25 10:08:56,6906.0,142847
2021-05-25 10:08:59,6906.0,142867
2021-05-25 10:09:00,6906.0,142867
2021-05-25 10:09:02,6905.0,142899
2021-05-25 10:09:03,6905.0,142908
2021-05-25 10:09:04,6905.0,142925
2021-05-25 10:09:05,6905.0,142925
2021-05-25 10:09:06,6905.0,142925
2021-05-25 10:09:07,6905.0,142927
2021-05-25 10:09:08,6905.0,142937
2021-05-25 10:09:09,6905.0,142937
2021-05-25 10:09:10,6905.95,142945
2021-05-25 10:09:11,6905.95,142945
2021-05-25 10:09:12,6905.95,142945
2021-05-25 10:09:13,6905.95,142956
2021-05-25 10:09:14,6905.95,142956
2021-05-25 10:09:15,6906.0,142957
2021-05-25 10:09:16,6905.95,142969
2021-05-25 10:09:17,6905.95,142969
2021-05-25 10:09:18,6905.95,142969
2021-05-25 10:09:20,6905.0,143010
2021-05-25 10:09:19,6905.0,143010
2021-05-25 10:09:21,6905.0,143010
2021-05-25 10:09:22,6905.05,143020
2021-05-25 10:09:23,6905.95,143022
2021-05-25 10:09:24,6906.0,143261
2021-05-25 10:09:25,6906.0,143261
2021-05-25 10:09:26,6907.7,143274
2021-05-25 10:09:28,6906.2,143289
2021-05-25 10:09:27,6907.7,143274
2021-05-25 10:09:30,6905.05,143339
2021-05-25 10:09:31,6905.0,143342
2021-05-25 10:09:32,6906.2,143344
2021-05-25 10:09:33,6906.2,143350
2021-05-25 10:09:34,6905.0,143363
2021-05-25 10:09:35,6905.0,143368
2021-05-25 10:09:37,6906.2,143388
2021-05-25 10:09:38,6907.7,143438
2021-05-25 10:09:39,6907.7,143443
2021-05-25 10:09:40,6907.7,143455
2021-05-25 10:09:41,6907.7,143455
2021-05-25 10:09:42,6907.7,143455
2021-05-25 10:09:43,6905.7,143456
2021-05-25 10:09:44,6905.7,143456
2021-05-25 10:09:45,6905.7,143456
2021-05-25 10:09:46,6905.7,143456
2021-05-25 10:09:47,6905.7,143456
2021-05-25 10:09:48,6905.7,143456
2021-05-25 10:09:49,6905.7,143456
2021-05-25 10:09:50,6905.7,143456
2021-05-25 10:09:52,6905.7,143456
2021-05-25 10:09:54,6905.7,143456
2021-05-25 10:09:55,6907.05,143473
2021-05-25 10:09:57,6905.0,143483
2021-05-25 10:09:58,6905.0,143486
2021-05-25 10:09:59,6905.0,143486
2021-05-25 10:10:00,6905.05,143504
2021-05-25 10:10:01,6905.05,143504
2021-05-25 10:10:03,6905.7,143616
2021-05-25 10:10:04,6905.7,143616
2021-05-25 10:10:06,6905.0,143618
2021-05-25 10:10:07,6905.0,143620
2021-05-25 10:10:08,6905.0,143620
2021-05-25 10:10:09,6905.0,143690
2021-05-25 10:10:10,6905.0,143690
2021-05-25 10:10:12,6905.0,143690
2021-05-25 10:10:12,6905.0,143690
2021-05-25 10:10:13,6905.0,143690
2021-05-25 10:10:14,6905.0,143690
2021-05-25 10:10:15,6905.7,143692
2021-05-25 10:10:16,6907.2,143693
2021-05-25 10:10:18,6905.7,143711
2021-05-25 10:10:19,6907.25,143728
2021-05-25 10:10:20,6907.25,143728
2021-05-25 10:10:21,6907.25,143755
2021-05-25 10:10:23,6907.35,143756
2021-05-25 10:10:23,6907.35,143756
2021-05-25 10:10:24,6906.0,143759
2021-05-25 10:10:25,6906.0,143759
2021-05-25 10:10:26,6908.15,143859
2021-05-25 10:10:27,6908.15,143859
2021-05-25 10:10:28,6908.15,143859
2021-05-25 10:10:29,6909.0,143872
2021-05-25 10:10:30,6909.0,143872
2021-05-25 10:10:31,6907.35,143873
2021-05-25 10:10:33,6908.15,143874
2021-05-25 10:10:33,6908.15,143874
2021-05-25 10:10:34,6907.35,143878
2021-05-25 10:10:35,6906.25,143879
2021-05-25 10:10:36,6906.25,143879
2021-05-25 10:10:37,6909.6,143900
2021-05-25 10:10:38,6909.6,143900
2021-05-25 10:10:39,6909.6,143900
2021-05-25 10:10:40,6908.0,143913
2021-05-25 10:10:42,6906.65,143928
