timestamp,ltp,volume
2021-05-25 09:15:33,413.4,1215820
2021-05-25 09:15:34,413.7,1222666
2021-05-25 09:15:36,413.6,1273753
2021-05-25 09:15:37,413.75,1281173
2021-05-25 09:15:38,413.6,1294577
2021-05-25 09:15:39,413.6,1311207
2021-05-25 09:15:40,413.6,1324889
2021-05-25 09:15:41,413.7,1341953
2021-05-25 09:15:42,413.85,1369267
2021-05-25 09:15:43,413.65,1399167
2021-05-25 09:15:44,413.8,1428537
2021-05-25 09:15:45,413.8,1437326
2021-05-25 09:15:46,413.9,1448723
2021-05-25 09:15:47,413.65,1526767
2021-05-25 09:15:48,413.8,1553679
2021-05-25 09:15:49,413.75,1566796
2021-05-25 09:15:50,413.4,1627986
2021-05-25 09:15:51,413.35,1647755
2021-05-25 09:15:52,413.2,1709601
2021-05-25 09:15:53,413.45,1722416
2021-05-25 09:15:54,413.25,1743938
2021-05-25 09:15:55,413.5,1762707
2021-05-25 09:15:56,413.65,1775830
2021-05-25 09:15:57,413.7,1791411
2021-05-25 09:15:58,413.8,1803365
2021-05-25 09:15:59,413.95,1835112
2021-05-25 09:16:00,414.1,1895813
2021-05-25 09:16:01,414.2,1909716
2021-05-25 09:16:02,414.6,1947438
2021-05-25 09:16:03,414.4,1960632
2021-05-25 09:16:04,414.45,1989912
2021-05-25 09:16:06,414.65,2005645
2021-05-25 09:16:06,414.65,2022521
2021-05-25 09:16:07,414.35,2055369
2021-05-25 09:16:09,414.5,2102222
2021-05-25 09:16:10,414.65,2112397
2021-05-25 09:16:11,414.35,2129415
2021-05-25 09:16:12,414.35,2137196
2021-05-25 09:16:13,414.15,2150513
2021-05-25 09:16:16,414.0,2204822
2021-05-25 09:16:17,414.15,2213457
2021-05-25 09:16:17,413.95,2214488
2021-05-25 09:16:18,414.25,2233060
2021-05-25 09:16:19,414.1,2241050
2021-05-25 09:16:20,414.3,2244086
2021-05-25 09:16:23,414.2,2271668
2021-05-25 09:16:24,414.3,2290285
2021-05-25 09:16:26,414.15,2306808
2021-05-25 09:16:27,414.2,2326476
2021-05-25 09:16:28,414.1,2333128
2021-05-25 09:16:30,414.15,2347516
2021-05-25 09:16:31,414.2,2377099
2021-05-25 09:16:31,414.35,2382988
2021-05-25 09:16:32,414.25,2390828
2021-05-25 09:16:33,414.3,2394998
2021-05-25 09:16:35,414.4,2415981
2021-05-25 09:16:36,414.3,2446699
2021-05-25 09:16:37,414.45,2454820
2021-05-25 09:16:38,414.45,2468438
2021-05-25 09:16:40,414.3,2486999
2021-05-25 09:16:41,414.35,2510039
2021-05-25 09:16:42,414.35,2518942
2021-05-25 09:16:42,414.5,2520408
2021-05-25 09:16:43,414.3,2532434
2021-05-25 09:16:44,414.45,2534360
2021-05-25 09:16:46,414.5,2551480
2021-05-25 09:16:48,414.55,2612926
2021-05-25 09:16:49,414.55,2622683
2021-05-25 09:16:50,414.65,2625273
2021-05-25 09:16:51,414.55,2633142
2021-05-25 09:16:52,414.45,2638641
2021-05-25 09:16:53,414.4,2643126
2021-05-25 09:16:54,414.6,2655470
2021-05-25 09:16:55,414.35,2684975
2021-05-25 09:16:56,414.2,2699022
2021-05-25 09:16:57,414.3,2701713
2021-05-25 09:16:58,414.3,2705351
2021-05-25 09:16:59,414.4,2710136
2021-05-25 09:17:00,414.45,2727669
2021-05-25 09:17:01,414.55,2732926
2021-05-25 09:17:02,414.55,2743521
2021-05-25 09:17:03,414.55,2749385
2021-05-25 09:17:04,414.6,2753241
2021-05-25 09:17:05,414.6,2757369
2021-05-25 09:17:07,414.6,2774884
2021-05-25 09:17:09,414.7,2787703
2021-05-25 09:17:10,414.55,2794991
2021-05-25 09:17:11,414.55,2797265
2021-05-25 09:17:12,414.5,2816895
2021-05-25 09:17:15,414.55,2850697
2021-05-25 09:17:16,414.6,2858101
2021-05-25 09:17:17,414.5,2870485
2021-05-25 09:17:18,414.55,2878346
2021-05-25 09:17:19,414.65,2881918
2021-05-25 09:17:20,414.55,2888564
2021-05-25 09:17:21,414.55,2894120
2021-05-25 09:17:22,414.75,2896304
2021-05-25 09:17:24,414.65,2901919
2021-05-25 09:17:25,414.7,2905701
2021-05-25 09:17:26,414.75,2910149
2021-05-25 09:17:26,414.75,2913547
2021-05-25 09:17:28,414.65,2923734
2021-05-25 09:17:29,414.65,2929265
2021-05-25 09:17:29,414.7,2936241
2021-05-25 09:17:31,414.5,2955386
2021-05-25 09:17:32,414.35,3025953
2021-05-25 09:17:33,414.3,3029583
2021-05-25 09:17:33,414.35,3028870
2021-05-25 09:17:34,414.3,3036820
2021-05-25 09:17:35,414.35,3050090
2021-05-25 09:17:36,414.4,3057367
2021-05-25 09:17:37,414.4,3061262
2021-05-25 09:17:38,414.3,3063336
2021-05-25 09:17:39,414.4,3066545
2021-05-25 09:17:40,414.35,3077457
2021-05-25 09:17:41,414.35,3079509
2021-05-25 09:17:42,414.3,3086031
2021-05-25 09:17:43,414.3,3088477
2021-05-25 09:17:44,414.3,3100473
2021-05-25 09:17:45,414.3,3121880
2021-05-25 09:17:46,414.25,3126066
2021-05-25 09:17:47,414.25,3130188
2021-05-25 09:17:48,414.3,3131054
2021-05-25 09:17:49,414.2,3131980
2021-05-25 09:17:50,414.1,3142496
2021-05-25 09:17:51,414.05,3144997
2021-05-25 09:17:52,414.05,3148597
2021-05-25 09:17:53,414.05,3163397
2021-05-25 09:17:54,414.1,3164679
2021-05-25 09:17:55,414.05,3165821
2021-05-25 09:17:56,414.05,3169485
2021-05-25 09:17:57,414.05,3174037
2021-05-25 09:17:58,413.8,3254511
2021-05-25 09:17:59,413.8,3261627
2021-05-25 09:18:00,413.65,3264599
2021-05-25 09:18:01,413.7,3268793
2021-05-25 09:18:02,413.65,3271775
2021-05-25 09:18:03,413.5,3280509
2021-05-25 09:18:04,413.7,3284610
2021-05-25 09:18:05,413.65,3287070
2021-05-25 09:18:06,413.55,3290407
2021-05-25 09:18:07,413.55,3295497
2021-05-25 09:18:08,413.65,3299042
2021-05-25 09:18:09,413.5,3303337
2021-05-25 09:18:10,413.4,3314815
2021-05-25 09:18:11,413.5,3318565
2021-05-25 09:18:12,413.4,3323806
2021-05-25 09:18:13,413.4,3325909
2021-05-25 09:18:14,413.6,3327455
2021-05-25 09:18:15,413.55,3343038
2021-05-25 09:18:17,413.45,3353539
2021-05-25 09:18:18,413.55,3360374
2021-05-25 09:18:19,413.5,3363104
2021-05-25 09:18:20,413.5,3370503
2021-05-25 09:18:21,413.55,3375911
2021-05-25 09:18:22,413.65,3382221
2021-05-25 09:18:23,413.55,3387117
2021-05-25 09:18:24,413.55,3395299
2021-05-25 09:18:25,413.5,3399501
2021-05-25 09:18:26,413.55,3413131
2021-05-25 09:18:27,413.9,3419997
2021-05-25 09:18:28,413.55,3447046
2021-05-25 09:18:29,413.75,3448191
2021-05-25 09:18:30,413.7,3458272
2021-05-25 09:18:34,413.75,3469622
2021-05-25 09:18:34,413.75,3470173
2021-05-25 09:18:35,413.6,3477874
2021-05-25 09:18:36,413.6,3478596
2021-05-25 09:18:37,413.7,3480848
2021-05-25 09:18:38,413.65,3490353
2021-05-25 09:18:39,413.65,3497673
2021-05-25 09:18:40,413.75,3506049
2021-05-25 09:18:41,413.6,3507092
2021-05-25 09:18:43,413.6,3515079
2021-05-25 09:18:44,413.65,3519793
2021-05-25 09:18:45,413.9,3523340
2021-05-25 09:18:46,413.9,3529791
2021-05-25 09:18:46,413.75,3531416
2021-05-25 09:18:47,413.7,3536160
2021-05-25 09:18:48,413.7,3538053
2021-05-25 09:18:49,413.6,3544432
2021-05-25 09:18:50,413.65,3546142
2021-05-25 09:18:52,413.9,3571205
2021-05-25 09:18:53,413.9,3579411
2021-05-25 09:18:54,413.9,3584053
2021-05-25 09:18:54,413.9,3583202
2021-05-25 09:18:55,414.0,3586789
2021-05-25 09:18:56,413.8,3587429
2021-05-25 09:18:57,413.95,3588953
2021-05-25 09:18:58,414.0,3625241
2021-05-25 09:19:00,413.9,3642149
2021-05-25 09:19:01,413.9,3643678
2021-05-25 09:19:03,413.9,3653544
2021-05-25 09:19:05,413.9,3659453
2021-05-25 09:19:05,414.0,3658917
2021-05-25 09:19:06,414.0,3661482
2021-05-25 09:19:07,414.0,3687041
2021-05-25 09:19:08,414.0,3688545
2021-05-25 09:19:09,414.0,3690849
2021-05-25 09:19:10,413.95,3692886
2021-05-25 09:19:11,413.95,3703497
2021-05-25 09:19:12,413.95,3705957
2021-05-25 09:19:13,413.9,3710548
2021-05-25 09:19:14,413.9,3715541
2021-05-25 09:19:15,413.75,3747051
2021-05-25 09:19:16,413.75,3749573
2021-05-25 09:19:17,413.5,3756396
2021-05-25 09:19:18,413.5,3758124
2021-05-25 09:19:19,413.5,3762191
2021-05-25 09:19:20,413.5,3784519
2021-05-25 09:19:21,413.5,3822791
2021-05-25 09:19:22,413.5,3832403
2021-05-25 09:19:23,413.35,3845460
2021-05-25 09:19:24,413.35,3852515
2021-05-25 09:19:26,413.4,3860352
2021-05-25 09:19:27,413.3,3871260
2021-05-25 09:19:27,413.35,3875878
2021-05-25 09:19:28,413.4,3879675
2021-05-25 09:19:30,413.25,3886482
2021-05-25 09:19:32,413.25,3909032
2021-05-25 09:19:33,413.2,3912461
2021-05-25 09:19:35,413.25,3926960
2021-05-25 09:19:36,413.25,3929668
2021-05-25 09:19:39,413.5,3955146
2021-05-25 09:19:40,413.5,3965610
2021-05-25 09:19:41,413.35,3968631
2021-05-25 09:19:42,413.45,3974565
2021-05-25 09:19:43,413.4,3977013
2021-05-25 09:19:45,413.55,3988376
2021-05-25 09:19:46,413.45,3991855
2021-05-25 09:19:47,413.35,3997320
2021-05-25 09:19:47,413.35,3998839
2021-05-25 09:19:48,413.45,4001584
2021-05-25 09:19:49,413.35,4009731
2021-05-25 09:19:52,413.4,4018671
2021-05-25 09:19:53,413.45,4025103
2021-05-25 09:19:53,413.25,4025154
2021-05-25 09:19:54,413.4,4031050
2021-05-25 09:19:56,413.3,4034188
2021-05-25 09:19:57,413.25,4038895
2021-05-25 09:19:58,413.1,4074059
2021-05-25 09:19:59,413.15,4093619
2021-05-25 09:20:00,413.15,4102583
2021-05-25 09:20:01,413.3,4108785
2021-05-25 09:20:02,413.25,4135509
2021-05-25 09:20:03,413.25,4138130
2021-05-25 09:20:03,413.05,4140810
2021-05-25 09:20:04,413.0,4152795
2021-05-25 09:20:05,413.2,4159410
2021-05-25 09:20:06,413.15,4163183
2021-05-25 09:20:07,413.0,4177415
2021-05-25 09:20:09,413.1,4183695
2021-05-25 09:20:10,413.0,4192592
2021-05-25 09:20:11,413.0,4206105
2021-05-25 09:20:11,413.0,4209308
2021-05-25 09:20:12,412.85,4287823
2021-05-25 09:20:13,412.9,4293639
2021-05-25 09:20:14,412.75,4310946
2021-05-25 09:20:17,412.65,4328211
2021-05-25 09:20:18,412.65,4333421
2021-05-25 09:20:19,412.6,4345835
2021-05-25 09:20:20,412.55,4370026
2021-05-25 09:20:20,412.7,4376328
2021-05-25 09:20:21,412.75,4383887
2021-05-25 09:20:22,412.8,4395834
2021-05-25 09:20:23,412.65,4398929
2021-05-25 09:20:24,412.75,4403809
2021-05-25 09:20:26,412.9,4409352
2021-05-25 09:20:28,412.75,4424536
2021-05-25 09:20:29,412.85,4426814
2021-05-25 09:20:30,412.95,4430570
2021-05-25 09:20:31,412.95,4457202
2021-05-25 09:20:33,413.05,4490625
2021-05-25 09:20:35,413.35,4518708
2021-05-25 09:20:36,413.45,4522800
2021-05-25 09:20:37,413.5,4559479
2021-05-25 09:20:39,413.45,4572546
2021-05-25 09:20:40,413.15,4574662
2021-05-25 09:20:41,413.3,4579985
2021-05-25 09:20:43,413.35,4584160
2021-05-25 09:20:44,413.35,4611288
2021-05-25 09:20:45,413.45,4620037
2021-05-25 09:20:46,413.4,4624495
2021-05-25 09:20:47,413.35,4629324
2021-05-25 09:20:48,413.2,4633229
2021-05-25 09:20:51,413.55,4649518
2021-05-25 09:20:52,413.35,4656028
2021-05-25 09:20:53,413.45,4661647
2021-05-25 09:20:54,413.5,4665106
2021-05-25 09:20:54,413.35,4665031
2021-05-25 09:20:55,413.1,4710819
2021-05-25 09:20:56,413.1,4713128
2021-05-25 09:20:57,413.35,4715992
2021-05-25 09:20:59,413.15,4720599
2021-05-25 09:21:01,413.15,4723184
2021-05-25 09:21:02,413.35,4725776
2021-05-25 09:21:03,413.3,4726731
2021-05-25 09:21:04,413.3,4730623
2021-05-25 09:21:07,413.35,4737728
2021-05-25 09:21:09,413.5,4747411
2021-05-25 09:21:11,413.35,4766180
2021-05-25 09:21:12,413.5,4775759
2021-05-25 09:21:14,413.5,4781606
2021-05-25 09:21:16,413.4,4785275
2021-05-25 09:21:17,413.45,4786404
2021-05-25 09:21:19,413.55,4803288
2021-05-25 09:21:20,413.55,4806962
2021-05-25 09:21:22,413.6,4822324
2021-05-25 09:21:24,413.5,4826709
2021-05-25 09:21:25,413.55,4832295
2021-05-25 09:21:26,413.55,4834213
2021-05-25 09:21:27,413.55,4836726
2021-05-25 09:21:28,413.65,4839681
2021-05-25 09:21:30,413.9,4854989
2021-05-25 09:21:31,413.75,4857560
2021-05-25 09:21:32,413.85,4866046
2021-05-25 09:21:33,413.7,4867779
2021-05-25 09:21:34,413.9,4873753
2021-05-25 09:21:35,413.85,4876237
2021-05-25 09:21:36,413.75,4878814
2021-05-25 09:21:37,413.75,4883799
2021-05-25 09:21:38,413.85,4885650
2021-05-25 09:21:41,413.9,4896650
2021-05-25 09:21:42,413.9,4898073
2021-05-25 09:21:43,413.9,4907434
2021-05-25 09:21:44,413.8,4909299
2021-05-25 09:21:45,413.9,4910753
2021-05-25 09:21:47,413.8,4918428
2021-05-25 09:21:48,413.85,4925776
2021-05-25 09:21:49,413.9,4926614
2021-05-25 09:21:51,413.85,4931855
2021-05-25 09:21:52,413.7,4969689
2021-05-25 09:21:53,413.65,4984104
2021-05-25 09:21:55,413.5,4995923
2021-05-25 09:21:56,413.6,4997173
2021-05-25 09:21:57,413.6,4998224
2021-05-25 09:21:59,413.55,5002784
2021-05-25 09:22:00,413.5,5006530
2021-05-25 09:22:01,413.5,5006974
2021-05-25 09:22:01,413.55,5013298
2021-05-25 09:22:02,413.55,5014301
2021-05-25 09:22:04,413.5,5028920
2021-05-25 09:22:07,413.55,5050404
2021-05-25 09:22:08,413.4,5061034
2021-05-25 09:22:09,413.35,5062982
2021-05-25 09:22:11,413.25,5081066
2021-05-25 09:22:13,413.25,5084088
2021-05-25 09:22:14,413.25,5085226
2021-05-25 09:22:16,413.25,5088954
2021-05-25 09:22:17,413.15,5112559
2021-05-25 09:22:18,412.95,5195866
2021-05-25 09:22:19,412.9,5208113
2021-05-25 09:22:21,413.0,5218539
2021-05-25 09:22:22,412.95,5222489
2021-05-25 09:22:23,412.75,5231172
2021-05-25 09:22:24,412.65,5247360
2021-05-25 09:22:25,412.6,5253819
2021-05-25 09:22:26,412.8,5265450
2021-05-25 09:22:27,412.65,5268561
2021-05-25 09:22:28,412.75,5269754
2021-05-25 09:22:29,412.8,5273477
2021-05-25 09:22:30,412.75,5280099
2021-05-25 09:22:31,412.7,5283727
2021-05-25 09:22:32,412.8,5287652
2021-05-25 09:22:33,413.0,5289635
2021-05-25 09:22:34,412.95,5294464
2021-05-25 09:22:35,412.85,5295601
2021-05-25 09:22:36,412.8,5296496
2021-05-25 09:22:37,412.8,5300733
2021-05-25 09:22:38,412.8,5304031
2021-05-25 09:22:41,412.8,5321667
2021-05-25 09:22:42,412.9,5351593
2021-05-25 09:22:43,413.0,5353338
2021-05-25 09:22:44,413.0,5358207
2021-05-25 09:22:45,413.0,5365230
2021-05-25 09:22:46,413.2,5387031
2021-05-25 09:22:47,413.1,5392304
2021-05-25 09:22:48,413.2,5396409
2021-05-25 09:22:49,413.4,5397625
2021-05-25 09:22:50,413.25,5399472
2021-05-25 09:22:51,413.3,5401888
2021-05-25 09:22:51,413.3,5401975
2021-05-25 09:22:52,413.3,5403041
2021-05-25 09:22:54,413.4,5407921
2021-05-25 09:22:55,413.35,5414180
2021-05-25 09:22:56,413.3,5418926
2021-05-25 09:22:57,413.2,5421094
2021-05-25 09:23:00,413.15,5431526
2021-05-25 09:23:01,413.15,5433812
2021-05-25 09:23:02,413.2,5435571
2021-05-25 09:23:03,413.0,5442493
2021-05-25 09:23:04,413.2,5444096
2021-05-25 09:23:05,413.1,5448033
2021-05-25 09:23:07,413.1,5457111
2021-05-25 09:23:08,413.2,5462623
2021-05-25 09:23:09,413.0,5467498
2021-05-25 09:23:10,413.0,5467792
2021-05-25 09:23:11,413.0,5473878
2021-05-25 09:23:12,413.2,5479076
2021-05-25 09:23:13,413.0,5480882
2021-05-25 09:23:14,413.0,5484643
2021-05-25 09:23:15,413.1,5521105
2021-05-25 09:23:16,413.2,5525081
2021-05-25 09:23:17,413.1,5537659
2021-05-25 09:23:18,413.0,5544024
2021-05-25 09:23:19,413.2,5545071
2021-05-25 09:23:20,413.2,5549315
2021-05-25 09:23:21,413.2,5550891
2021-05-25 09:23:22,413.2,5551757
2021-05-25 09:23:23,413.1,5557411
2021-05-25 09:23:24,413.2,5560014
2021-05-25 09:23:24,413.2,5560049
2021-05-25 09:23:25,413.1,5564214
2021-05-25 09:23:27,413.15,5566964
2021-05-25 09:23:28,413.05,5567807
2021-05-25 09:23:29,413.15,5568966
2021-05-25 09:23:30,413.2,5570158
2021-05-25 09:23:31,413.2,5571989
2021-05-25 09:23:32,413.15,5581040
2021-05-25 09:23:33,413.3,5586698
2021-05-25 09:23:34,413.25,5587766
2021-05-25 09:23:35,413.15,5590609
2021-05-25 09:23:35,413.3,5591685
2021-05-25 09:23:36,413.2,5593262
2021-05-25 09:23:37,413.2,5595213
2021-05-25 09:23:38,413.1,5599129
2021-05-25 09:23:39,412.9,5635350
2021-05-25 09:23:40,413.05,5636815
2021-05-25 09:23:41,412.85,5657057
2021-05-25 09:23:42,412.85,5658909
2021-05-25 09:23:43,412.8,5670602
2021-05-25 09:23:44,412.8,5672161
2021-05-25 09:23:46,412.85,5673830
2021-05-25 09:23:48,412.6,5825732
2021-05-25 09:23:49,412.55,5826635
2021-05-25 09:23:50,412.5,5830346
2021-05-25 09:23:51,412.6,5833662
2021-05-25 09:23:52,412.55,5836918
2021-05-25 09:23:53,412.5,5839435
2021-05-25 09:23:54,412.6,5840087
2021-05-25 09:23:55,412.6,5849542
2021-05-25 09:23:56,412.7,5852803
2021-05-25 09:23:57,412.5,5876451
2021-05-25 09:23:58,412.7,5881831
2021-05-25 09:23:59,412.65,5884659
2021-05-25 09:24:00,412.65,5890303
2021-05-25 09:24:02,412.85,5897502
2021-05-25 09:24:03,412.7,5898195
2021-05-25 09:24:04,412.6,5902215
2021-05-25 09:24:05,412.7,5903461
2021-05-25 09:24:06,412.7,5906998
2021-05-25 09:24:07,412.65,5911192
2021-05-25 09:24:08,412.7,5912768
2021-05-25 09:24:09,412.8,5916184
2021-05-25 09:24:10,412.7,5925596
2021-05-25 09:24:13,412.45,5970555
2021-05-25 09:24:14,412.45,5973307
2021-05-25 09:24:16,412.45,5978558
2021-05-25 09:24:17,412.55,5982525
2021-05-25 09:24:18,412.6,5985777
2021-05-25 09:24:19,412.55,5990492
2021-05-25 09:24:20,412.55,5992502
2021-05-25 09:24:21,412.6,5997109
2021-05-25 09:24:23,412.65,6002809
2021-05-25 09:24:24,412.7,6015395
2021-05-25 09:24:25,412.8,6018515
2021-05-25 09:24:26,412.7,6020939
2021-05-25 09:24:27,412.65,6023303
2021-05-25 09:24:28,412.7,6025523
2021-05-25 09:24:29,412.75,6026960
2021-05-25 09:24:30,412.85,6028171
2021-05-25 09:24:31,412.65,6031417
2021-05-25 09:24:32,412.65,6034879
2021-05-25 09:24:33,412.6,6036106
2021-05-25 09:24:34,412.6,6037060
2021-05-25 09:24:35,412.75,6043114
2021-05-25 09:24:36,412.6,6046666
2021-05-25 09:24:37,412.6,6049830
2021-05-25 09:24:38,412.7,6051334
2021-05-25 09:24:39,412.65,6053704
2021-05-25 09:24:40,412.7,6057483
2021-05-25 09:24:41,412.7,6058074
2021-05-25 09:24:42,412.75,6059127
2021-05-25 09:24:43,412.8,6059856
2021-05-25 09:24:44,412.75,6061027
2021-05-25 09:24:45,412.75,6064012
2021-05-25 09:24:46,412.7,6065054
2021-05-25 09:24:48,412.7,6070599
2021-05-25 09:24:49,412.75,6071749
2021-05-25 09:24:50,412.65,6076357
2021-05-25 09:24:51,412.65,6076646
2021-05-25 09:24:52,412.65,6078895
2021-05-25 09:24:53,412.7,6080418
2021-05-25 09:24:54,412.7,6083797
2021-05-25 09:24:55,412.7,6086520
2021-05-25 09:24:56,412.6,6099674
2021-05-25 09:24:57,412.6,6102945
2021-05-25 09:25:00,412.7,6110291
2021-05-25 09:25:02,412.65,6111481
2021-05-25 09:25:03,412.6,6113329
2021-05-25 09:25:04,412.7,6115517
2021-05-25 09:25:05,412.65,6115557
2021-05-25 09:25:06,412.6,6118364
2021-05-25 09:25:07,412.6,6119817
2021-05-25 09:25:08,412.6,6120498
2021-05-25 09:25:10,412.65,6127268
2021-05-25 09:25:11,412.65,6127482
2021-05-25 09:25:12,412.65,6128212
2021-05-25 09:25:13,412.8,6131208
2021-05-25 09:25:14,412.95,6144623
2021-05-25 09:25:15,412.8,6146448
2021-05-25 09:25:16,412.8,6149077
2021-05-25 09:25:17,412.75,6150286
2021-05-25 09:25:18,412.7,6151506
2021-05-25 09:25:19,412.75,6152812
2021-05-25 09:25:20,412.8,6164019
2021-05-25 09:25:21,412.85,6164704
2021-05-25 09:25:23,412.8,6168566
2021-05-25 09:25:26,413.0,6244218
2021-05-25 09:25:27,412.95,6252105
2021-05-25 09:25:28,413.0,6266755
2021-05-25 09:25:29,412.85,6268778
2021-05-25 09:25:30,413.0,6274671
2021-05-25 09:25:31,412.9,6287638
2021-05-25 09:25:32,413.0,6292771
2021-05-25 09:25:33,412.9,6296709
2021-05-25 09:25:34,412.95,6298898
2021-05-25 09:25:35,412.95,6300353
2021-05-25 09:25:36,413.0,6303819
2021-05-25 09:25:37,413.1,6312676
2021-05-25 09:25:38,413.2,6317454
2021-05-25 09:25:39,413.25,6322076
2021-05-25 09:25:40,413.25,6322077
2021-05-25 09:25:43,413.2,6341818
2021-05-25 09:25:44,413.25,6349381
2021-05-25 09:25:45,413.3,6359690
2021-05-25 09:25:46,413.45,6363012
2021-05-25 09:25:47,413.3,6368764
2021-05-25 09:25:48,413.35,6369896
2021-05-25 09:25:49,413.3,6373827
2021-05-25 09:25:50,413.25,6375767
2021-05-25 09:25:53,413.3,6387260
2021-05-25 09:25:55,413.35,6395801
2021-05-25 09:25:57,413.4,6418287
2021-05-25 09:25:58,413.25,6421069
2021-05-25 09:25:59,413.25,6424564
2021-05-25 09:26:00,413.25,6430269
2021-05-25 09:26:01,413.35,6436116
2021-05-25 09:26:02,413.25,6438643
2021-05-25 09:26:03,413.15,6442717
2021-05-25 09:26:05,413.35,6444284
2021-05-25 09:26:07,413.25,6457870
2021-05-25 09:26:08,413.3,6458666
2021-05-25 09:26:09,413.3,6464203
2021-05-25 09:26:10,413.25,6466415
2021-05-25 09:26:11,413.2,6476017
2021-05-25 09:26:11,413.25,6476641
2021-05-25 09:26:12,413.2,6477338
2021-05-25 09:26:13,413.2,6480528
2021-05-25 09:26:14,413.25,6484898
2021-05-25 09:26:15,413.2,6486937
2021-05-25 09:26:17,413.0,6499611
2021-05-25 09:26:17,413.1,6502071
2021-05-25 09:26:18,413.2,6505585
2021-05-25 09:26:21,413.15,6525173
2021-05-25 09:26:24,413.2,6534128
2021-05-25 09:26:25,413.05,6541543
2021-05-25 09:26:26,413.15,6542766
2021-05-25 09:26:27,413.1,6544902
2021-05-25 09:26:28,413.2,6548020
2021-05-25 09:26:29,413.2,6548446
2021-05-25 09:26:30,413.05,6551830
2021-05-25 09:26:31,413.05,6553414
2021-05-25 09:26:32,413.05,6553873
2021-05-25 09:26:33,413.0,6557239
2021-05-25 09:26:34,413.1,6558037
2021-05-25 09:26:35,413.05,6559630
2021-05-25 09:26:36,413.0,6561169
2021-05-25 09:26:37,413.15,6561711
2021-05-25 09:26:38,413.0,6563388
2021-05-25 09:26:40,413.2,6566072
2021-05-25 09:26:41,413.05,6567454
2021-05-25 09:26:42,413.05,6568500
2021-05-25 09:26:43,413.15,6569341
2021-05-25 09:26:44,413.0,6580106
2021-05-25 09:26:45,413.0,6586221
2021-05-25 09:26:47,413.15,6587885
2021-05-25 09:26:48,413.1,6589447
2021-05-25 09:26:49,413.15,6591791
2021-05-25 09:26:49,413.2,6591750
2021-05-25 09:26:50,413.2,6628044
2021-05-25 09:26:51,413.15,6628378
2021-05-25 09:26:52,413.25,6630193
2021-05-25 09:26:53,413.3,6634031
2021-05-25 09:26:54,413.25,6635894
2021-05-25 09:26:55,413.05,6637497
2021-05-25 09:26:56,413.2,6639706
2021-05-25 09:26:57,413.1,6642598
2021-05-25 09:26:58,413.0,6644388
2021-05-25 09:26:59,413.05,6645256
2021-05-25 09:27:00,413.15,6647092
2021-05-25 09:27:01,413.1,6648752
2021-05-25 09:27:04,413.15,6655257
2021-05-25 09:27:05,413.05,6657404
2021-05-25 09:27:06,413.1,6657484
2021-05-25 09:27:07,413.1,6658005
2021-05-25 09:27:08,413.1,6658714
2021-05-25 09:27:11,413.1,6662609
2021-05-25 09:27:12,413.25,6681691
2021-05-25 09:27:14,413.1,6686764
2021-05-25 09:27:15,413.2,6688127
2021-05-25 09:27:16,413.2,6688885
2021-05-25 09:27:18,413.05,6692983
2021-05-25 09:27:19,413.05,6694846
2021-05-25 09:27:20,413.2,6696679
2021-05-25 09:27:21,413.05,6697642
2021-05-25 09:27:22,413.05,6699242
2021-05-25 09:27:23,413.05,6702225
2021-05-25 09:27:24,413.05,6708618
2021-05-25 09:27:25,413.15,6708729
2021-05-25 09:27:26,413.15,6709676
2021-05-25 09:27:27,413.05,6712065
2021-05-25 09:27:28,413.1,6712146
2021-05-25 09:27:29,413.1,6717826
2021-05-25 09:27:30,413.1,6723011
2021-05-25 09:27:31,413.1,6726186
2021-05-25 09:27:32,413.05,6727034
2021-05-25 09:27:33,413.05,6733352
2021-05-25 09:27:34,413.05,6734229
2021-05-25 09:27:35,413.1,6735557
2021-05-25 09:27:36,413.05,6736039
2021-05-25 09:27:37,413.0,6762610
2021-05-25 09:27:38,413.05,6768137
2021-05-25 09:27:40,412.95,6823721
2021-05-25 09:27:42,413.0,6829707
2021-05-25 09:27:43,413.0,6834986
2021-05-25 09:27:45,413.0,6852726
2021-05-25 09:27:46,413.15,6852977
2021-05-25 09:27:48,412.8,6867870
2021-05-25 09:27:49,412.85,6868101
2021-05-25 09:27:50,412.95,6869451
2021-05-25 09:27:51,413.05,6870781
2021-05-25 09:27:52,412.95,6871886
2021-05-25 09:27:53,413.05,6873183
2021-05-25 09:27:54,412.95,6875956
2021-05-25 09:27:55,413.05,6892620
2021-05-25 09:27:56,413.05,6894869
2021-05-25 09:27:57,413.05,6897864
2021-05-25 09:27:59,412.95,6901651
2021-05-25 09:28:00,412.9,6904236
2021-05-25 09:28:02,413.0,6906447
2021-05-25 09:28:03,413.0,6907798
2021-05-25 09:28:04,413.0,6908255
2021-05-25 09:28:05,412.9,6913155
2021-05-25 09:28:07,412.95,6919086
2021-05-25 09:28:07,412.8,6919137
2021-05-25 09:28:08,412.9,6923058
2021-05-25 09:28:09,412.8,6927082
2021-05-25 09:28:10,412.8,6927828
2021-05-25 09:28:11,412.8,6932330
2021-05-25 09:28:13,412.75,6936748
2021-05-25 09:28:15,412.75,6942465
2021-05-25 09:28:16,412.85,6943900
2021-05-25 09:28:18,412.8,6948715
2021-05-25 09:28:19,412.75,6951917
2021-05-25 09:28:20,412.7,6959637
2021-05-25 09:28:21,412.75,6960670
2021-05-25 09:28:22,412.75,6961530
2021-05-25 09:28:24,412.9,6966645
2021-05-25 09:28:25,412.75,6969479
2021-05-25 09:28:26,412.8,6971964
2021-05-25 09:28:27,412.75,6972929
2021-05-25 09:28:28,412.8,6974027
2021-05-25 09:28:29,412.75,6975156
2021-05-25 09:28:30,412.8,6977854
2021-05-25 09:28:31,412.9,6979177
2021-05-25 09:28:33,412.9,6988048
2021-05-25 09:28:34,412.9,6989380
2021-05-25 09:28:35,413.2,7027206
2021-05-25 09:28:37,413.0,7027942
2021-05-25 09:28:38,413.0,7029107
2021-05-25 09:28:39,413.15,7047791
2021-05-25 09:28:40,413.2,7048656
2021-05-25 09:28:40,413.2,7049984
2021-05-25 09:28:41,413.05,7050781
2021-05-25 09:28:42,413.0,7055703
2021-05-25 09:28:44,412.95,7057144
2021-05-25 09:28:46,412.8,7060090
2021-05-25 09:28:47,412.85,7063116
2021-05-25 09:28:48,412.95,7067494
2021-05-25 09:28:49,412.6,7106160
2021-05-25 09:28:49,412.65,7106376
2021-05-25 09:28:50,412.65,7108316
2021-05-25 09:28:51,412.85,7110809
2021-05-25 09:28:52,412.7,7113110
2021-05-25 09:28:53,412.8,7117124
2021-05-25 09:28:54,412.8,7118553
2021-05-25 09:28:55,412.8,7120005
2021-05-25 09:28:56,412.8,7120902
2021-05-25 09:28:57,412.9,7125589
2021-05-25 09:28:58,412.9,7126274
2021-05-25 09:28:59,412.8,7127422
2021-05-25 09:29:01,412.85,7129333
2021-05-25 09:29:03,412.8,7133877
2021-05-25 09:29:04,412.8,7135016
2021-05-25 09:29:05,412.85,7136030
2021-05-25 09:29:06,412.85,7137056
2021-05-25 09:29:07,412.4,7291663
2021-05-25 09:29:08,412.35,7298586
2021-05-25 09:29:09,412.3,7301097
2021-05-25 09:29:10,412.4,7301459
2021-05-25 09:29:11,412.3,7304496
2021-05-25 09:29:12,412.35,7308680
2021-05-25 09:29:13,412.3,7312171
2021-05-25 09:29:14,412.3,7314688
2021-05-25 09:29:15,412.4,7315822
2021-05-25 09:29:16,412.4,7318660
2021-05-25 09:29:17,412.35,7319555
2021-05-25 09:29:18,412.35,7324146
2021-05-25 09:29:19,412.35,7327002
2021-05-25 09:29:20,412.35,7333805
2021-05-25 09:29:21,412.35,7335916
2021-05-25 09:29:22,412.4,7338837
2021-05-25 09:29:23,412.4,7342747
2021-05-25 09:29:24,412.4,7348357
2021-05-25 09:29:25,412.4,7351038
2021-05-25 09:29:27,412.35,7352401
2021-05-25 09:29:28,412.4,7363656
2021-05-25 09:29:29,412.4,7367180
2021-05-25 09:29:30,412.35,7369089
2021-05-25 09:29:30,412.35,7368691
2021-05-25 09:29:31,412.4,7405637
2021-05-25 09:29:32,412.35,7408940
2021-05-25 09:29:33,412.4,7410898
2021-05-25 09:29:34,412.4,7433937
2021-05-25 09:29:35,412.4,7438557
2021-05-25 09:29:36,412.4,7445083
2021-05-25 09:29:37,412.4,7447622
2021-05-25 09:29:38,412.45,7457998
2021-05-25 09:29:40,412.65,7467063
2021-05-25 09:29:42,412.55,7468832
2021-05-25 09:29:43,412.55,7468985
2021-05-25 09:29:44,412.7,7471585
2021-05-25 09:29:45,412.55,7472938
2021-05-25 09:29:46,412.65,7476181
2021-05-25 09:29:47,412.55,7478518
2021-05-25 09:29:48,412.55,7480001
2021-05-25 09:29:48,412.55,7480001
2021-05-25 09:29:49,412.65,7481412
2021-05-25 09:29:50,412.55,7481483
2021-05-25 09:29:51,412.4,7509190
2021-05-25 09:29:52,412.4,7512826
2021-05-25 09:29:54,412.55,7519843
2021-05-25 09:29:55,412.55,7520543
2021-05-25 09:29:56,412.55,7521275
2021-05-25 09:29:57,412.6,7523577
2021-05-25 09:29:59,412.55,7524847
2021-05-25 09:30:00,412.55,7527255
2021-05-25 09:30:02,412.35,7543369
2021-05-25 09:30:05,412.45,7555208
2021-05-25 09:30:05,412.45,7555208
2021-05-25 09:30:06,412.45,7557294
2021-05-25 09:30:07,412.35,7558401
2021-05-25 09:30:08,412.25,7601134
2021-05-25 09:30:09,412.45,7606976
2021-05-25 09:30:10,412.45,7609320
2021-05-25 09:30:11,412.5,7618227
2021-05-25 09:30:12,412.5,7621247
2021-05-25 09:30:13,412.4,7624254
2021-05-25 09:30:14,412.45,7625346
2021-05-25 09:30:15,412.45,7629684
2021-05-25 09:30:17,412.5,7634227
2021-05-25 09:30:17,412.55,7635393
2021-05-25 09:30:18,412.5,7638139
2021-05-25 09:30:21,412.85,7658042
2021-05-25 09:30:22,413.0,7664966
2021-05-25 09:30:23,413.1,7703886
2021-05-25 09:30:24,413.15,7705721
2021-05-25 09:30:25,413.0,7708487
2021-05-25 09:30:26,413.0,7709875
2021-05-25 09:30:27,413.05,7711660
2021-05-25 09:30:29,412.65,7723667
2021-05-25 09:30:30,412.6,7723946
2021-05-25 09:30:31,412.6,7725881
2021-05-25 09:30:32,412.7,7726248
2021-05-25 09:30:33,412.55,7727899
2021-05-25 09:30:34,412.8,7728505
2021-05-25 09:30:35,412.7,7729137
2021-05-25 09:30:37,412.65,7730506
2021-05-25 09:30:38,412.85,7735637
2021-05-25 09:30:39,412.75,7738117
2021-05-25 09:30:40,412.7,7739042
2021-05-25 09:30:41,412.5,7771169
2021-05-25 09:30:42,412.55,7774098
2021-05-25 09:30:43,412.6,7775448
2021-05-25 09:30:44,412.5,7776770
2021-05-25 09:30:45,412.55,7777105
2021-05-25 09:30:46,412.65,7779153
2021-05-25 09:30:46,412.65,7779295
2021-05-25 09:30:47,412.7,7780592
2021-05-25 09:30:48,412.55,7781840
2021-05-25 09:30:49,412.65,7782791
2021-05-25 09:30:50,412.7,7783367
2021-05-25 09:30:51,412.65,7785309
2021-05-25 09:30:52,412.55,7786132
2021-05-25 09:30:54,412.65,7786967
2021-05-25 09:30:55,412.55,7789963
2021-05-25 09:30:56,412.7,7791926
2021-05-25 09:30:57,412.7,7793434
2021-05-25 09:30:58,412.65,7797360
2021-05-25 09:30:59,412.65,7798300
2021-05-25 09:31:00,412.5,7818282
2021-05-25 09:31:01,412.45,7818588
2021-05-25 09:31:02,412.55,7820098
2021-05-25 09:31:03,412.55,7822756
2021-05-25 09:31:04,412.5,7824062
2021-05-25 09:31:06,412.45,7833378
2021-05-25 09:31:07,412.25,7868300
2021-05-25 09:31:08,412.35,7874040
2021-05-25 09:31:09,412.3,7879653
2021-05-25 09:31:10,412.2,7881616
2021-05-25 09:31:11,412.3,7883213
2021-05-25 09:31:12,412.4,7884350
2021-05-25 09:31:13,412.1,7897835
2021-05-25 09:31:14,412.3,7900166
2021-05-25 09:31:15,412.1,7902291
2021-05-25 09:31:16,412.1,7902841
2021-05-25 09:31:16,412.1,7941473
2021-05-25 09:31:17,411.65,8222287
2021-05-25 09:31:18,411.6,8230791
2021-05-25 09:31:19,411.75,8234110
2021-05-25 09:31:20,411.9,8236764
2021-05-25 09:31:22,411.9,8249118
2021-05-25 09:31:23,411.85,8252765
2021-05-25 09:31:24,411.9,8259914
2021-05-25 09:31:25,411.95,8261919
2021-05-25 09:31:26,411.8,8265188
2021-05-25 09:31:27,411.85,8266998
2021-05-25 09:31:28,411.85,8269812
2021-05-25 09:31:29,411.85,8273795
2021-05-25 09:31:30,411.55,8284186
2021-05-25 09:31:31,411.5,8286826
2021-05-25 09:31:32,411.55,8293680
2021-05-25 09:31:33,411.55,8299281
2021-05-25 09:31:34,411.75,8302371
2021-05-25 09:31:36,411.75,8304917
2021-05-25 09:31:37,411.85,8305612
2021-05-25 09:31:38,411.9,8310842
2021-05-25 09:31:39,411.9,8312817
2021-05-25 09:31:40,411.9,8315635
2021-05-25 09:31:41,411.75,8316985
2021-05-25 09:31:42,411.85,8317712
2021-05-25 09:31:43,411.8,8318547
2021-05-25 09:31:44,411.9,8319977
2021-05-25 09:31:45,411.8,8321732
2021-05-25 09:31:46,411.8,8329844
2021-05-25 09:31:47,411.9,8337438
2021-05-25 09:31:48,411.9,8339085
2021-05-25 09:31:49,411.85,8340944
2021-05-25 09:31:50,411.9,8352074
2021-05-25 09:31:51,411.9,8353895
2021-05-25 09:31:51,411.95,8355237
2021-05-25 09:31:52,412.05,8373561
2021-05-25 09:31:54,411.95,8377599
2021-05-25 09:31:55,412.0,8381049
2021-05-25 09:31:56,412.0,8388594
2021-05-25 09:31:57,412.0,8389999
2021-05-25 09:31:58,411.9,8396810
2021-05-25 09:31:59,411.95,8398170
2021-05-25 09:32:00,411.65,8417161
2021-05-25 09:32:01,411.6,8419466
2021-05-25 09:32:02,411.65,8429475
2021-05-25 09:32:03,411.65,8434272
2021-05-25 09:32:04,411.8,8449306
2021-05-25 09:32:05,411.75,8456257
2021-05-25 09:32:06,411.6,8457329
2021-05-25 09:32:08,411.8,8474737
2021-05-25 09:32:09,411.7,8476207
2021-05-25 09:32:09,411.7,8476823
2021-05-25 09:32:10,411.8,8477794
2021-05-25 09:32:11,411.7,8478632
2021-05-25 09:32:12,411.85,8484720
2021-05-25 09:32:13,411.7,8486082
2021-05-25 09:32:14,411.6,8491463
2021-05-25 09:32:15,411.7,8499150
2021-05-25 09:32:16,411.6,8500231
2021-05-25 09:32:18,411.75,8510154
2021-05-25 09:32:19,411.8,8513082
2021-05-25 09:32:20,411.7,8515058
2021-05-25 09:32:21,411.6,8517661
2021-05-25 09:32:22,411.65,8521871
2021-05-25 09:32:23,411.6,8527649
2021-05-25 09:32:24,411.7,8529356
2021-05-25 09:32:25,411.6,8534172
2021-05-25 09:32:26,411.6,8535294
2021-05-25 09:32:27,411.65,8536405
2021-05-25 09:32:28,411.7,8539804
2021-05-25 09:32:29,411.65,8543096
2021-05-25 09:32:29,411.65,8543096
2021-05-25 09:32:31,411.7,8545524
2021-05-25 09:32:32,411.6,8553663
2021-05-25 09:32:33,411.7,8556677
2021-05-25 09:32:34,411.6,8561770
2021-05-25 09:32:36,411.6,8565307
2021-05-25 09:32:37,411.65,8567462
2021-05-25 09:32:38,411.55,8575885
2021-05-25 09:32:39,411.6,8578811
2021-05-25 09:32:40,411.6,8579553
2021-05-25 09:32:41,411.55,8580676
2021-05-25 09:32:41,411.55,8580886
2021-05-25 09:32:42,411.6,8582312
2021-05-25 09:32:44,411.6,8583489
2021-05-25 09:32:45,411.55,8584839
2021-05-25 09:32:46,411.55,8588015
2021-05-25 09:32:47,411.6,8594782
2021-05-25 09:32:48,411.55,8596174
2021-05-25 09:32:49,411.55,8601148
2021-05-25 09:32:50,411.55,8603238
2021-05-25 09:32:51,411.7,8606580
2021-05-25 09:32:52,411.6,8608866
2021-05-25 09:32:54,411.55,8609847
2021-05-25 09:32:55,411.6,8617543
2021-05-25 09:32:56,411.55,8619839
2021-05-25 09:32:57,411.6,8621911
2021-05-25 09:32:58,411.65,8623630
2021-05-25 09:32:59,411.55,8625233
2021-05-25 09:33:00,411.6,8646014
2021-05-25 09:33:01,411.5,8648584
2021-05-25 09:33:02,411.6,8650237
2021-05-25 09:33:03,411.65,8651521
2021-05-25 09:33:03,411.6,8652261
2021-05-25 09:33:04,411.6,8653428
2021-05-25 09:33:05,411.6,8655782
2021-05-25 09:33:06,411.7,8660126
2021-05-25 09:33:07,411.55,8662188
2021-05-25 09:33:08,411.55,8663228
2021-05-25 09:33:09,411.55,8670346
2021-05-25 09:33:10,411.7,8671078
2021-05-25 09:33:11,411.7,8673001
2021-05-25 09:33:13,411.6,8676662
2021-05-25 09:33:14,411.55,8682197
2021-05-25 09:33:15,411.6,8686340
2021-05-25 09:33:16,411.55,8689073
2021-05-25 09:33:18,411.55,8701584
2021-05-25 09:33:19,411.55,8702036
2021-05-25 09:33:20,411.55,8712009
2021-05-25 09:33:22,411.7,8718963
2021-05-25 09:33:21,411.6,8712812
2021-05-25 09:33:23,411.7,8720482
2021-05-25 09:33:24,411.55,8722314
2021-05-25 09:33:25,411.6,8726035
2021-05-25 09:33:27,411.6,8729855
2021-05-25 09:33:28,411.6,8739443
2021-05-25 09:33:29,411.7,8740436
2021-05-25 09:33:30,411.6,8742457
2021-05-25 09:33:31,411.6,8745641
2021-05-25 09:33:32,411.65,8747895
2021-05-25 09:33:32,411.55,8747922
2021-05-25 09:33:33,411.55,8749726
2021-05-25 09:33:35,411.55,8754206
2021-05-25 09:33:36,411.55,8756236
2021-05-25 09:33:36,411.7,8758737
2021-05-25 09:33:38,411.6,8764682
2021-05-25 09:33:39,411.7,8766012
2021-05-25 09:33:40,411.75,8795600
2021-05-25 09:33:43,411.75,8805535
2021-05-25 09:33:47,411.45,8902757
2021-05-25 09:33:48,411.45,8905328
2021-05-25 09:33:49,411.45,8915381
2021-05-25 09:33:50,411.3,8918838
2021-05-25 09:33:51,411.45,8925126
2021-05-25 09:33:52,411.45,8927919
2021-05-25 09:33:53,411.35,8930445
2021-05-25 09:33:54,411.45,8935591
2021-05-25 09:33:55,411.45,8936956
2021-05-25 09:33:56,411.3,8940216
2021-05-25 09:33:57,411.25,8942052
2021-05-25 09:33:58,411.35,8946202
2021-05-25 09:33:59,411.4,8946760
2021-05-25 09:33:59,411.3,8950709
2021-05-25 09:34:00,411.2,8959511
2021-05-25 09:34:01,411.35,8966730
2021-05-25 09:34:03,411.25,8967874
2021-05-25 09:34:04,411.1,8982054
2021-05-25 09:34:05,411.4,8990350
2021-05-25 09:34:06,411.2,8996716
2021-05-25 09:34:07,411.3,8997795
2021-05-25 09:34:08,411.35,9005579
2021-05-25 09:34:09,411.3,9009095
2021-05-25 09:34:10,411.2,9013002
2021-05-25 09:34:11,411.2,9014847
2021-05-25 09:34:11,411.2,9014967
2021-05-25 09:34:12,411.2,9019867
2021-05-25 09:34:14,411.35,9022841
2021-05-25 09:34:15,411.0,9121422
2021-05-25 09:34:16,411.3,9125964
2021-05-25 09:34:17,411.25,9128791
2021-05-25 09:34:18,411.25,9130991
2021-05-25 09:34:19,411.15,9133469
2021-05-25 09:34:20,411.3,9136393
2021-05-25 09:34:20,411.15,9136408
2021-05-25 09:34:22,411.25,9140069
2021-05-25 09:34:23,411.3,9145450
2021-05-25 09:34:24,411.3,9150218
2021-05-25 09:34:25,411.3,9155634
2021-05-25 09:34:26,411.5,9161115
2021-05-25 09:34:27,411.45,9163315
2021-05-25 09:34:28,411.5,9166083
2021-05-25 09:34:29,411.35,9167435
2021-05-25 09:34:30,411.35,9177916
2021-05-25 09:34:31,411.5,9179840
2021-05-25 09:34:32,411.35,9180436
2021-05-25 09:34:33,411.4,9181456
2021-05-25 09:34:34,411.35,9182381
2021-05-25 09:34:35,411.3,9190975
2021-05-25 09:34:36,411.4,9192067
2021-05-25 09:34:37,411.4,9198265
2021-05-25 09:34:38,411.6,9223550
2021-05-25 09:34:39,411.5,9224124
2021-05-25 09:34:40,411.5,9225907
2021-05-25 09:34:41,411.6,9225917
2021-05-25 09:34:42,411.6,9226654
2021-05-25 09:34:43,411.5,9232168
2021-05-25 09:34:44,411.5,9232952
2021-05-25 09:34:46,411.6,9236019
2021-05-25 09:34:47,411.5,9247277
2021-05-25 09:34:48,411.55,9251983
2021-05-25 09:34:49,411.55,9257964
2021-05-25 09:34:50,411.5,9279914
2021-05-25 09:34:51,411.6,9282158
2021-05-25 09:34:52,411.5,9282836
2021-05-25 09:34:53,411.4,9287046
2021-05-25 09:34:54,411.4,9288243
2021-05-25 09:34:55,411.4,9289210
2021-05-25 09:34:56,411.55,9295651
2021-05-25 09:34:57,411.45,9296376
2021-05-25 09:34:58,411.5,9301064
2021-05-25 09:34:59,411.55,9306832
2021-05-25 09:35:00,411.6,9323331
2021-05-25 09:35:02,411.55,9324813
2021-05-25 09:35:03,411.55,9325967
2021-05-25 09:35:04,411.6,9326786
2021-05-25 09:35:06,411.55,9331865
2021-05-25 09:35:05,411.5,9331815
2021-05-25 09:35:07,411.55,9334645
2021-05-25 09:35:08,411.45,9340911
2021-05-25 09:35:09,411.5,9342672
2021-05-25 09:35:10,411.6,9344561
2021-05-25 09:35:11,411.5,9347212
2021-05-25 09:35:12,411.4,9350309
2021-05-25 09:35:13,411.55,9352064
2021-05-25 09:35:14,411.4,9353351
2021-05-25 09:35:15,411.45,9354657
2021-05-25 09:35:16,411.4,9358614
2021-05-25 09:35:17,411.4,9359693
2021-05-25 09:35:18,411.3,9368262
2021-05-25 09:35:19,411.2,9374028
2021-05-25 09:35:20,411.35,9400313
2021-05-25 09:35:21,411.3,9401840
2021-05-25 09:35:22,411.35,9402324
2021-05-25 09:35:23,411.3,9403958
2021-05-25 09:35:24,411.4,9404535
2021-05-25 09:35:26,411.4,9413067
2021-05-25 09:35:27,411.45,9413389
2021-05-25 09:35:28,411.3,9414695
2021-05-25 09:35:30,411.3,9416328
2021-05-25 09:35:31,411.45,9427155
2021-05-25 09:35:32,411.5,9429421
2021-05-25 09:35:33,411.55,9463965
2021-05-25 09:35:34,411.6,9469960
2021-05-25 09:35:35,411.6,9470488
2021-05-25 09:35:36,411.65,9471979
2021-05-25 09:35:37,411.5,9476416
2021-05-25 09:35:38,411.55,9476850
2021-05-25 09:35:39,411.45,9479070
2021-05-25 09:35:41,411.45,9487249
2021-05-25 09:35:42,411.7,9496841
2021-05-25 09:35:43,411.7,9506643
2021-05-25 09:35:44,411.7,9512525
2021-05-25 09:35:46,411.95,9548062
2021-05-25 09:35:47,411.75,9548562
2021-05-25 09:35:48,411.85,9551328
2021-05-25 09:35:49,412.1,9585219
2021-05-25 09:35:50,412.2,9591225
2021-05-25 09:35:51,412.45,9601563
2021-05-25 09:35:52,412.45,9607410
2021-05-25 09:35:53,412.5,9625375
2021-05-25 09:35:54,412.35,9630861
2021-05-25 09:35:55,412.4,9633163
2021-05-25 09:35:56,412.4,9636114
2021-05-25 09:35:58,412.25,9641038
2021-05-25 09:35:59,412.35,9644251
2021-05-25 09:36:00,412.35,9644517
2021-05-25 09:36:01,412.15,9646247
2021-05-25 09:36:02,412.3,9647225
2021-05-25 09:36:03,412.15,9648795
2021-05-25 09:36:04,412.25,9649230
2021-05-25 09:36:05,412.15,9663946
2021-05-25 09:36:06,412.0,9667368
2021-05-25 09:36:07,412.0,9672338
2021-05-25 09:36:08,412.0,9675153
2021-05-25 09:36:09,412.15,9676997
2021-05-25 09:36:10,412.2,9677266
2021-05-25 09:36:11,412.25,9682540
2021-05-25 09:36:12,412.15,9686778
2021-05-25 09:36:13,412.15,9688384
2021-05-25 09:36:14,412.2,9688885
2021-05-25 09:36:15,412.3,9693542
2021-05-25 09:36:16,412.2,9694735
2021-05-25 09:36:17,412.3,9696460
2021-05-25 09:36:18,412.3,9701345
2021-05-25 09:36:19,412.2,9701535
2021-05-25 09:36:20,412.3,9701914
2021-05-25 09:36:21,412.3,9706046
2021-05-25 09:36:22,412.3,9710449
2021-05-25 09:36:24,412.2,9715159
2021-05-25 09:36:25,412.2,9717079
2021-05-25 09:36:26,412.4,9723305
2021-05-25 09:36:27,412.45,9725553
2021-05-25 09:36:29,412.45,9729584
2021-05-25 09:36:30,412.45,9731660
2021-05-25 09:36:32,412.45,9734056
2021-05-25 09:36:34,412.4,9735699
2021-05-25 09:36:35,412.4,9736978
2021-05-25 09:36:36,412.45,9739132
2021-05-25 09:36:37,412.45,9742455
2021-05-25 09:36:38,412.4,9742993
2021-05-25 09:36:39,412.2,9745767
2021-05-25 09:36:40,412.5,9758870
2021-05-25 09:36:42,412.45,9760830
2021-05-25 09:36:41,412.4,9760618
2021-05-25 09:36:43,412.45,9762243
2021-05-25 09:36:44,412.45,9764368
2021-05-25 09:36:45,412.45,9768112
2021-05-25 09:36:47,412.45,9770055
2021-05-25 09:36:48,412.45,9771350
2021-05-25 09:36:49,412.5,9786406
2021-05-25 09:36:50,412.45,9788221
2021-05-25 09:36:51,412.5,9788881
2021-05-25 09:36:52,412.6,9790807
2021-05-25 09:36:53,412.45,9794297
2021-05-25 09:36:54,412.5,9798115
2021-05-25 09:36:55,412.5,9799354
2021-05-25 09:36:57,412.45,9814866
2021-05-25 09:36:58,412.4,9817057
2021-05-25 09:36:58,412.4,9816014
2021-05-25 09:37:00,412.5,9820294
2021-05-25 09:37:01,412.5,9825300
2021-05-25 09:37:02,412.5,9825676
2021-05-25 09:37:03,412.5,9827217
2021-05-25 09:37:04,412.6,9828196
2021-05-25 09:37:05,412.5,9828667
2021-05-25 09:37:06,412.5,9830275
2021-05-25 09:37:08,412.6,9830943
2021-05-25 09:37:08,412.5,9832223
2021-05-25 09:37:09,412.65,9834202
2021-05-25 09:37:10,412.65,9837054
2021-05-25 09:37:11,412.65,9838669
2021-05-25 09:37:12,412.65,9840745
2021-05-25 09:37:14,412.65,9844513
2021-05-25 09:37:15,412.7,9848247
2021-05-25 09:37:16,412.7,9851092
2021-05-25 09:37:17,412.75,9853573
2021-05-25 09:37:19,412.8,9863270
2021-05-25 09:37:19,412.8,9864069
2021-05-25 09:37:20,412.9,9873266
2021-05-25 09:37:21,412.9,9877843
2021-05-25 09:37:23,412.9,9890219
2021-05-25 09:37:24,412.85,9891606
2021-05-25 09:37:25,412.8,9895332
2021-05-25 09:37:26,412.55,9904419
2021-05-25 09:37:27,412.7,9909398
2021-05-25 09:37:29,412.7,9916106
2021-05-25 09:37:30,412.55,9931027
2021-05-25 09:37:31,412.7,9932924
2021-05-25 09:37:32,412.7,9934340
2021-05-25 09:37:33,412.7,9938006
2021-05-25 09:37:34,412.7,9939749
2021-05-25 09:37:35,412.85,9960286
2021-05-25 09:37:36,412.85,9962916
2021-05-25 09:37:37,412.9,9967865
2021-05-25 09:37:38,412.9,9968313
2021-05-25 09:37:40,412.7,9975905
2021-05-25 09:37:40,412.9,9974468
2021-05-25 09:37:41,412.85,9976728
2021-05-25 09:37:42,412.75,9978868
2021-05-25 09:37:43,412.9,9980623
2021-05-25 09:37:44,412.9,9984400
2021-05-25 09:37:46,412.85,9989862
2021-05-25 09:37:49,412.85,9992097
2021-05-25 09:37:49,412.95,9992027
2021-05-25 09:37:51,412.8,9996746
2021-05-25 09:37:53,412.9,10002023
2021-05-25 09:37:54,412.85,10009764
2021-05-25 09:37:56,412.85,10012303
2021-05-25 09:37:57,412.9,10014647
2021-05-25 09:37:58,412.9,10015955
2021-05-25 09:37:59,412.75,10016808
2021-05-25 09:38:00,412.85,10018306
2021-05-25 09:38:01,412.85,10019370
2021-05-25 09:38:02,412.9,10020912
2021-05-25 09:38:03,412.85,10022281
2021-05-25 09:38:04,412.75,10024350
2021-05-25 09:38:05,412.75,10025843
2021-05-25 09:38:07,412.75,10029561
2021-05-25 09:38:08,412.75,10034202
2021-05-25 09:38:08,412.9,10034201
2021-05-25 09:38:09,412.9,10035682
2021-05-25 09:38:10,412.85,10036171
2021-05-25 09:38:11,412.85,10037708
2021-05-25 09:38:12,412.75,10039261
2021-05-25 09:38:13,412.85,10040173
2021-05-25 09:38:15,412.9,10041581
2021-05-25 09:38:16,412.8,10050703
2021-05-25 09:38:17,412.85,10054841
2021-05-25 09:38:18,412.95,10057243
2021-05-25 09:38:19,412.8,10063271
2021-05-25 09:38:23,412.75,10079477
2021-05-25 09:38:24,412.9,10081555
2021-05-25 09:38:25,412.9,10083185
2021-05-25 09:38:26,412.8,10084938
2021-05-25 09:38:27,412.75,10086337
2021-05-25 09:38:28,412.9,10086882
2021-05-25 09:38:29,412.75,10087169
2021-05-25 09:38:30,412.75,10089004
2021-05-25 09:38:31,412.9,10090100
2021-05-25 09:38:32,412.85,10090430
2021-05-25 09:38:33,412.85,10091061
2021-05-25 09:38:34,412.75,10093452
2021-05-25 09:38:35,412.75,10094369
2021-05-25 09:38:36,412.9,10095031
2021-05-25 09:38:37,412.9,10095427
2021-05-25 09:38:38,412.65,10108474
2021-05-25 09:38:39,412.75,10110097
2021-05-25 09:38:40,412.5,10128358
2021-05-25 09:38:41,412.6,10129453
2021-05-25 09:38:42,412.5,10133226
2021-05-25 09:38:43,412.6,10150858
2021-05-25 09:38:44,412.5,10151803
2021-05-25 09:38:45,412.5,10152861
2021-05-25 09:38:47,412.65,10153186
2021-05-25 09:38:48,412.65,10154429
2021-05-25 09:38:48,412.6,10153836
2021-05-25 09:38:49,412.75,10157300
2021-05-25 09:38:50,412.6,10158427
2021-05-25 09:38:51,412.7,10161204
2021-05-25 09:38:52,412.75,10162944
2021-05-25 09:38:53,412.6,10163420
2021-05-25 09:38:54,412.55,10170282
2021-05-25 09:38:56,412.6,10171325
2021-05-25 09:38:56,412.65,10171836
2021-05-25 09:38:57,412.6,10172046
2021-05-25 09:38:58,412.6,10172523
2021-05-25 09:39:00,412.6,10175067
2021-05-25 09:39:01,412.6,10176292
2021-05-25 09:39:04,412.7,10178663
2021-05-25 09:39:06,412.9,10213162
2021-05-25 09:39:07,412.95,10215009
2021-05-25 09:39:08,412.9,10218555
2021-05-25 09:39:09,412.8,10219180
2021-05-25 09:39:10,412.95,10219472
2021-05-25 09:39:10,412.95,10220996
2021-05-25 09:39:13,412.9,10223465
2021-05-25 09:39:14,412.8,10224704
2021-05-25 09:39:15,412.8,10225392
2021-05-25 09:39:17,412.9,10225591
2021-05-25 09:39:18,412.9,10227118
2021-05-25 09:39:18,412.9,10227118
2021-05-25 09:39:19,412.9,10227596
2021-05-25 09:39:20,412.95,10228363
2021-05-25 09:39:22,412.85,10238905
2021-05-25 09:39:23,412.8,10240554
2021-05-25 09:39:23,412.8,10240554
2021-05-25 09:39:24,412.7,10241636
2021-05-25 09:39:25,412.85,10243349
2021-05-25 09:39:26,412.85,10243996
2021-05-25 09:39:28,412.85,10244934
2021-05-25 09:39:29,412.8,10245296
2021-05-25 09:39:30,412.9,10245497
2021-05-25 09:39:31,412.8,10247230
2021-05-25 09:39:31,412.8,10247230
2021-05-25 09:39:32,412.8,10247962
2021-05-25 09:39:34,412.6,10250839
2021-05-25 09:39:35,412.7,10252020
2021-05-25 09:39:37,412.7,10252482
2021-05-25 09:39:38,412.7,10252899
2021-05-25 09:39:39,412.7,10253811
2021-05-25 09:39:39,412.6,10254411
2021-05-25 09:39:40,412.6,10254878
2021-05-25 09:39:41,412.7,10256753
2021-05-25 09:39:42,412.6,10259103
2021-05-25 09:39:44,412.5,10259230
2021-05-25 09:39:45,412.6,10259835
2021-05-25 09:39:46,412.55,10260340
2021-05-25 09:39:47,412.6,10261059
2021-05-25 09:39:48,412.75,10266004
2021-05-25 09:39:49,412.7,10280310
2021-05-25 09:39:50,412.65,10281437
2021-05-25 09:39:50,412.65,10281437
2021-05-25 09:39:51,412.75,10283292
2021-05-25 09:39:52,412.7,10285184
2021-05-25 09:39:53,412.7,10285734
2021-05-25 09:39:54,412.7,10286567
2021-05-25 09:39:56,412.8,10287455
2021-05-25 09:39:57,412.75,10292550
2021-05-25 09:39:58,412.75,10293018
2021-05-25 09:39:58,412.85,10292957
2021-05-25 09:39:59,412.9,10293375
2021-05-25 09:40:00,412.8,10293831
2021-05-25 09:40:01,412.8,10295213
2021-05-25 09:40:02,412.85,10296019
2021-05-25 09:40:03,412.8,10299425
2021-05-25 09:40:05,412.7,10303088
2021-05-25 09:40:06,412.8,10303818
2021-05-25 09:40:06,412.8,10303823
2021-05-25 09:40:07,412.8,10304239
2021-05-25 09:40:08,412.65,10306736
2021-05-25 09:40:09,412.75,10307593
2021-05-25 09:40:11,412.75,10307857
2021-05-25 09:40:12,412.8,10309695
2021-05-25 09:40:12,412.8,10309695
2021-05-25 09:40:13,412.85,10310058
2021-05-25 09:40:14,412.75,10310276
2021-05-25 09:40:15,412.8,10310936
2021-05-25 09:40:17,412.8,10311651
2021-05-25 09:40:18,412.7,10312047
2021-05-25 09:40:19,412.7,10313263
2021-05-25 09:40:20,412.8,10313804
2021-05-25 09:40:21,412.8,10316456
2021-05-25 09:40:22,412.8,10317363
2021-05-25 09:40:22,412.8,10317365
2021-05-25 09:40:23,412.7,10318146
2021-05-25 09:40:24,412.8,10318915
2021-05-25 09:40:26,412.7,10327111
2021-05-25 09:40:27,412.8,10327771
2021-05-25 09:40:27,412.75,10328139
2021-05-25 09:40:28,412.7,10328913
2021-05-25 09:40:29,412.75,10330074
2021-05-25 09:40:30,412.75,10331022
2021-05-25 09:40:32,412.75,10333876
2021-05-25 09:40:34,412.75,10334890
2021-05-25 09:40:35,412.7,10336466
2021-05-25 09:40:35,412.65,10336486
2021-05-25 09:40:36,412.7,10337466
2021-05-25 09:40:37,412.7,10338815
2021-05-25 09:40:38,412.7,10339074
2021-05-25 09:40:39,412.7,10339291
2021-05-25 09:40:40,412.65,10340823
2021-05-25 09:40:41,412.6,10344725
2021-05-25 09:40:43,412.7,10346163
2021-05-25 09:40:44,412.7,10346302
2021-05-25 09:40:45,412.65,10346583
2021-05-25 09:40:46,412.7,10349064
2021-05-25 09:40:47,412.55,10349649
2021-05-25 09:40:49,412.6,10350013
2021-05-25 09:40:50,412.7,10350489
2021-05-25 09:40:51,412.6,10350940
2021-05-25 09:40:52,412.6,10351790
2021-05-25 09:40:52,412.55,10352001
2021-05-25 09:40:54,412.5,10353900
2021-05-25 09:40:55,412.45,10381637
2021-05-25 09:40:56,412.4,10383732
2021-05-25 09:40:57,412.35,10384986
2021-05-25 09:40:58,412.35,10388809
2021-05-25 09:41:00,412.3,10393602
2021-05-25 09:41:01,412.45,10395147
2021-05-25 09:41:03,412.35,10397250
2021-05-25 09:41:04,412.5,10399349
2021-05-25 09:41:05,412.4,10400963
2021-05-25 09:41:05,412.4,10401930
2021-05-25 09:41:07,412.4,10403113
2021-05-25 09:41:08,412.4,10404134
2021-05-25 09:41:09,412.4,10404872
2021-05-25 09:41:10,412.35,10405345
2021-05-25 09:41:10,412.4,10405651
2021-05-25 09:41:11,412.3,10406116
2021-05-25 09:41:15,412.3,10428305
2021-05-25 09:41:16,412.35,10431302
2021-05-25 09:41:17,412.35,10432479
2021-05-25 09:41:17,412.2,10434267
2021-05-25 09:41:18,412.1,10435205
2021-05-25 09:41:19,412.15,10436584
2021-05-25 09:41:20,412.35,10440141
2021-05-25 09:41:21,412.2,10441574
2021-05-25 09:41:22,412.2,10442936
2021-05-25 09:41:23,412.35,10445345
2021-05-25 09:41:24,412.15,10447838
2021-05-25 09:41:25,412.25,10449468
2021-05-25 09:41:26,412.2,10451181
2021-05-25 09:41:27,412.2,10452835
2021-05-25 09:41:28,412.2,10454378
2021-05-25 09:41:30,412.2,10461751
2021-05-25 09:41:31,412.2,10463819
2021-05-25 09:41:33,412.1,10465645
2021-05-25 09:41:34,412.1,10474291
2021-05-25 09:41:35,412.05,10476956
2021-05-25 09:41:36,412.1,10477991
2021-05-25 09:41:37,412.1,10478833
2021-05-25 09:41:38,412.05,10483311
2021-05-25 09:41:39,412.15,10485731
2021-05-25 09:41:41,412.0,10536620
2021-05-25 09:41:42,412.0,10537400
2021-05-25 09:41:43,412.0,10538710
2021-05-25 09:41:44,411.9,10540195
2021-05-25 09:41:45,412.0,10541962
2021-05-25 09:41:45,412.0,10541506
2021-05-25 09:41:46,411.9,10544910
2021-05-25 09:41:48,411.9,10548399
2021-05-25 09:41:49,412.0,10552130
2021-05-25 09:41:50,412.0,10555692
2021-05-25 09:41:51,412.1,10563874
2021-05-25 09:41:53,412.05,10570719
2021-05-25 09:41:55,412.25,10604276
2021-05-25 09:41:55,412.2,10596150
2021-05-25 09:41:56,412.1,10608493
2021-05-25 09:41:57,412.15,10610765
2021-05-25 09:41:58,412.1,10611940
2021-05-25 09:41:59,412.2,10612828
2021-05-25 09:42:01,412.05,10614842
2021-05-25 09:42:02,412.15,10616474
2021-05-25 09:42:03,412.1,10617365
2021-05-25 09:42:04,412.0,10619144
2021-05-25 09:42:06,412.0,10620801
2021-05-25 09:42:07,412.0,10621132
2021-05-25 09:42:08,412.1,10621794
2021-05-25 09:42:09,412.0,10623535
2021-05-25 09:42:10,412.0,10625186
2021-05-25 09:42:11,412.1,10626766
2021-05-25 09:42:12,412.1,10629214
2021-05-25 09:42:13,412.1,10630821
2021-05-25 09:42:14,412.1,10632824
2021-05-25 09:42:14,412.0,10633665
2021-05-25 09:42:15,412.0,10636792
2021-05-25 09:42:16,412.0,10639341
2021-05-25 09:42:17,411.95,10640254
2021-05-25 09:42:19,412.1,10642224
2021-05-25 09:42:20,412.0,10643258
2021-05-25 09:42:21,412.0,10644634
2021-05-25 09:42:21,412.0,10644634
2021-05-25 09:42:22,412.0,10647197
2021-05-25 09:42:23,412.0,10649201
2021-05-25 09:42:25,412.0,10649874
2021-05-25 09:42:26,411.9,10651251
2021-05-25 09:42:27,412.0,10651625
2021-05-25 09:42:28,412.0,10656473
2021-05-25 09:42:28,412.0,10654427
2021-05-25 09:42:29,412.0,10658274
2021-05-25 09:42:30,412.0,10658819
2021-05-25 09:42:31,411.9,10661060
2021-05-25 09:42:32,411.9,10662847
2021-05-25 09:42:33,412.0,10662994
2021-05-25 09:42:34,412.0,10664937
2021-05-25 09:42:36,411.95,10665866
2021-05-25 09:42:37,411.9,10668001
2021-05-25 09:42:38,411.95,10669125
2021-05-25 09:42:39,411.9,10669479
2021-05-25 09:42:40,411.9,10669786
2021-05-25 09:42:41,411.9,10670544
2021-05-25 09:42:42,411.9,10671628
2021-05-25 09:42:43,411.9,10672731
2021-05-25 09:42:44,411.95,10673388
2021-05-25 09:42:45,411.95,10674123
2021-05-25 09:42:45,411.95,10674698
2021-05-25 09:42:46,411.9,10677082
2021-05-25 09:42:47,411.95,10677280
2021-05-25 09:42:49,411.9,10682004
2021-05-25 09:42:50,411.85,10684949
2021-05-25 09:42:51,411.9,10686140
2021-05-25 09:42:51,411.9,10686198
2021-05-25 09:42:52,411.95,10687585
2021-05-25 09:42:53,411.95,10688039
2021-05-25 09:42:54,412.05,10722990
2021-05-25 09:42:55,411.95,10724451
2021-05-25 09:42:56,412.0,10724768
2021-05-25 09:42:57,412.05,10730547
2021-05-25 09:42:59,411.95,10733649
2021-05-25 09:43:00,412.05,10733827
2021-05-25 09:43:01,412.15,10735452
2021-05-25 09:43:02,412.1,10736840
2021-05-25 09:43:03,412.0,10741785
2021-05-25 09:43:04,412.05,10745798
2021-05-25 09:43:05,412.2,10749011
2021-05-25 09:43:06,412.05,10751299
2021-05-25 09:43:07,412.05,10753264
2021-05-25 09:43:08,412.0,10756925
2021-05-25 09:43:09,412.0,10758165
2021-05-25 09:43:12,412.0,10770991
2021-05-25 09:43:13,411.95,10771922
2021-05-25 09:43:14,412.0,10774563
2021-05-25 09:43:15,412.05,10775843
2021-05-25 09:43:15,412.0,10775858
2021-05-25 09:43:17,412.0,10776827
2021-05-25 09:43:19,412.0,10783782
2021-05-25 09:43:20,411.9,10787316
2021-05-25 09:43:21,411.95,10791332
2021-05-25 09:43:22,412.0,10793012
2021-05-25 09:43:23,412.0,10794684
2021-05-25 09:43:24,411.9,10795347
2021-05-25 09:43:25,411.9,10796364
2021-05-25 09:43:26,412.0,10796988
2021-05-25 09:43:27,412.0,10799387
2021-05-25 09:43:28,412.0,10801816
2021-05-25 09:43:28,412.0,10801956
2021-05-25 09:43:30,411.9,10803806
2021-05-25 09:43:31,411.85,10818043
2021-05-25 09:43:32,411.8,10835226
2021-05-25 09:43:33,411.8,10836239
2021-05-25 09:43:34,411.8,10836689
2021-05-25 09:43:35,411.7,10837714
2021-05-25 09:43:36,411.8,10838306
2021-05-25 09:43:37,411.8,10838941
2021-05-25 09:43:38,411.8,10839596
2021-05-25 09:43:39,411.9,10840089
2021-05-25 09:43:40,411.7,10840180
2021-05-25 09:43:41,411.8,10841309
2021-05-25 09:43:42,411.9,10842631
2021-05-25 09:43:43,411.8,10842995
2021-05-25 09:43:44,411.75,10843761
2021-05-25 09:43:45,411.85,10844875
2021-05-25 09:43:46,411.9,10845194
2021-05-25 09:43:47,411.9,10846165
2021-05-25 09:43:49,411.9,10853298
2021-05-25 09:43:50,411.75,10856592
2021-05-25 09:43:51,411.7,10859723
2021-05-25 09:43:52,411.7,10861042
2021-05-25 09:43:53,411.75,10869803
2021-05-25 09:43:54,411.8,10870329
2021-05-25 09:43:55,411.85,10870849
2021-05-25 09:43:56,411.7,10873151
2021-05-25 09:43:57,411.7,10874709
2021-05-25 09:43:59,411.7,10877855
2021-05-25 09:44:00,411.7,10879451
2021-05-25 09:44:01,411.85,10881343
2021-05-25 09:44:01,411.8,10881353
2021-05-25 09:44:04,411.7,10883835
2021-05-25 09:44:06,411.8,10885562
2021-05-25 09:44:08,411.7,10887859
2021-05-25 09:44:10,411.7,10902812
2021-05-25 09:44:11,411.85,10902873
2021-05-25 09:44:12,411.7,10903898
2021-05-25 09:44:12,411.75,10904081
2021-05-25 09:44:13,411.75,10904859
2021-05-25 09:44:14,411.8,10905413
2021-05-25 09:44:15,411.75,10906034
2021-05-25 09:44:17,411.75,10907501
2021-05-25 09:44:18,411.9,10908615
2021-05-25 09:44:19,411.75,10910612
2021-05-25 09:44:20,411.7,10911874
2021-05-25 09:44:21,411.7,10912457
2021-05-25 09:44:22,411.75,10913738
2021-05-25 09:44:23,411.7,10916152
2021-05-25 09:44:23,411.7,10916959
2021-05-25 09:44:24,411.8,10919697
2021-05-25 09:44:26,411.75,10920755
2021-05-25 09:44:27,411.7,10922415
2021-05-25 09:44:28,411.75,10937321
2021-05-25 09:44:29,411.7,10941931
2021-05-25 09:44:31,411.7,10948270
2021-05-25 09:44:32,411.7,10952068
2021-05-25 09:44:33,411.5,10956569
2021-05-25 09:44:34,411.55,10959237
2021-05-25 09:44:35,411.55,10962829
2021-05-25 09:44:35,411.5,10964038
2021-05-25 09:44:37,411.4,11012904
2021-05-25 09:44:38,411.35,11016484
2021-05-25 09:44:39,411.4,11018127
2021-05-25 09:44:40,411.4,11019775
2021-05-25 09:44:41,411.4,11022836
2021-05-25 09:44:43,411.6,11025654
2021-05-25 09:44:44,411.7,11029295
2021-05-25 09:44:45,411.6,11031348
2021-05-25 09:44:46,411.6,11043228
2021-05-25 09:44:47,411.6,11049776
2021-05-25 09:44:47,411.7,11048824
2021-05-25 09:44:49,411.6,11052603
2021-05-25 09:44:50,411.5,11064195
2021-05-25 09:44:51,411.55,11068419
2021-05-25 09:44:52,411.55,11070203
2021-05-25 09:44:53,411.55,11070638
2021-05-25 09:44:54,411.55,11072907
2021-05-25 09:44:55,411.5,11073676
2021-05-25 09:44:56,411.7,11075938
2021-05-25 09:44:57,411.55,11079867
2021-05-25 09:44:58,411.7,11081475
2021-05-25 09:44:59,411.55,11082605
2021-05-25 09:45:00,411.7,11083853
2021-05-25 09:45:02,411.6,11085771
2021-05-25 09:45:04,411.5,11097799
2021-05-25 09:45:05,411.4,11103038
2021-05-25 09:45:06,411.4,11104304
2021-05-25 09:45:07,411.45,11105409
2021-05-25 09:45:08,411.3,11128178
2021-05-25 09:45:09,411.2,11151852
2021-05-25 09:45:09,411.1,11157496
2021-05-25 09:45:11,410.95,11443129
2021-05-25 09:45:12,411.0,11446784
2021-05-25 09:45:13,410.8,11450563
2021-05-25 09:45:14,411.0,11457211
2021-05-25 09:45:16,410.9,11464927
2021-05-25 09:45:18,410.9,11470243
2021-05-25 09:45:19,410.95,11474147
2021-05-25 09:45:21,411.1,11486630
2021-05-25 09:45:22,410.85,11508450
2021-05-25 09:45:23,411.0,11510797
2021-05-25 09:45:24,410.95,11516992
2021-05-25 09:45:25,411.0,11526091
2021-05-25 09:45:26,411.1,11531456
2021-05-25 09:45:27,411.2,11535494
2021-05-25 09:45:28,411.05,11538226
2021-05-25 09:45:29,411.05,11541085
2021-05-25 09:45:30,411.0,11543743
2021-05-25 09:45:31,411.1,11549196
2021-05-25 09:45:32,411.0,11551974
2021-05-25 09:45:34,410.95,11559867
2021-05-25 09:45:35,410.95,11562412
2021-05-25 09:45:36,411.0,11563347
2021-05-25 09:45:37,410.95,11565478
2021-05-25 09:45:38,411.0,11570773
2021-05-25 09:45:39,410.95,11575809
2021-05-25 09:45:41,411.0,11583010
2021-05-25 09:45:42,411.15,11591818
2021-05-25 09:45:43,411.15,11596288
2021-05-25 09:45:44,411.05,11597757
2021-05-25 09:45:45,411.1,11599609
2021-05-25 09:45:46,411.05,11604036
2021-05-25 09:45:47,411.25,11606173
2021-05-25 09:45:48,411.1,11609798
2021-05-25 09:45:49,411.05,11613523
2021-05-25 09:45:50,411.1,11616900
2021-05-25 09:45:51,411.1,11620967
2021-05-25 09:45:52,411.15,11624292
2021-05-25 09:45:54,411.1,11630519
2021-05-25 09:45:55,411.0,11632272
2021-05-25 09:45:56,411.1,11634034
2021-05-25 09:45:57,411.0,11635012
2021-05-25 09:45:58,411.0,11635988
2021-05-25 09:45:59,411.1,11642809
2021-05-25 09:46:00,411.05,11645299
2021-05-25 09:46:01,411.0,11647620
2021-05-25 09:46:02,411.05,11649666
2021-05-25 09:46:03,411.1,11651080
2021-05-25 09:46:04,411.05,11652537
2021-05-25 09:46:05,411.1,11655533
2021-05-25 09:46:06,411.2,11657488
2021-05-25 09:46:07,411.05,11660491
2021-05-25 09:46:08,411.15,11663926
2021-05-25 09:46:09,411.05,11664628
2021-05-25 09:46:10,411.2,11666253
2021-05-25 09:46:11,411.2,11670083
2021-05-25 09:46:12,411.05,11696928
2021-05-25 09:46:13,411.0,11700950
2021-05-25 09:46:14,411.0,11701430
2021-05-25 09:46:15,411.0,11703872
2021-05-25 09:46:16,410.95,11711309
2021-05-25 09:46:17,411.0,11714168
2021-05-25 09:46:18,411.0,11717605
2021-05-25 09:46:19,411.0,11719803
2021-05-25 09:46:20,410.95,11722140
2021-05-25 09:46:21,410.9,11725109
2021-05-25 09:46:22,410.85,11731562
2021-05-25 09:46:23,410.95,11731579
2021-05-25 09:46:24,411.0,11735184
2021-05-25 09:46:25,410.85,11737559
2021-05-25 09:46:26,410.95,11738757
2021-05-25 09:46:27,410.85,11741610
2021-05-25 09:46:29,411.0,11745185
2021-05-25 09:46:30,410.85,11748136
2021-05-25 09:46:32,410.95,11750186
2021-05-25 09:46:31,410.85,11750175
2021-05-25 09:46:33,410.85,11753293
2021-05-25 09:46:34,410.85,11754009
2021-05-25 09:46:35,410.85,11754750
2021-05-25 09:46:36,411.0,11758198
2021-05-25 09:46:38,410.9,11763590
2021-05-25 09:46:39,410.95,11769321
2021-05-25 09:46:40,410.85,11769912
2021-05-25 09:46:41,411.0,11780287
2021-05-25 09:46:42,410.95,11780525
2021-05-25 09:46:43,411.0,11789086
2021-05-25 09:46:44,411.0,11798510
2021-05-25 09:46:45,411.0,11801397
2021-05-25 09:46:46,411.0,11804161
2021-05-25 09:46:47,410.9,11808004
2021-05-25 09:46:48,410.95,11809893
2021-05-25 09:46:49,411.0,11811814
2021-05-25 09:46:50,410.9,11816719
2021-05-25 09:46:51,411.0,11817460
2021-05-25 09:46:52,410.9,11818440
2021-05-25 09:46:53,410.9,11818913
2021-05-25 09:46:54,411.0,11824750
2021-05-25 09:46:55,411.0,11827091
2021-05-25 09:46:57,410.85,11830547
2021-05-25 09:46:56,410.9,11827756
2021-05-25 09:46:58,410.9,11831595
2021-05-25 09:46:59,411.0,11832522
2021-05-25 09:47:00,410.9,11835072
2021-05-25 09:47:01,410.85,11851457
2021-05-25 09:47:03,410.8,11864556
2021-05-25 09:47:02,410.85,11864256
2021-05-25 09:47:04,410.8,11885839
2021-05-25 09:47:05,410.6,11890532
2021-05-25 09:47:06,410.6,11895095
2021-05-25 09:47:08,410.7,11902269
2021-05-25 09:47:09,410.6,11903488
2021-05-25 09:47:10,410.55,11908129
2021-05-25 09:47:11,410.6,11915324
2021-05-25 09:47:12,410.55,11916910
2021-05-25 09:47:14,410.5,11925880
2021-05-25 09:47:16,410.5,11946155
2021-05-25 09:47:17,410.5,11983661
2021-05-25 09:47:18,410.45,11991656
2021-05-25 09:47:19,410.55,11995749
2021-05-25 09:47:20,410.5,12000917
2021-05-25 09:47:21,410.5,12005557
2021-05-25 09:47:22,410.35,12006476
2021-05-25 09:47:23,410.5,12010529
2021-05-25 09:47:24,410.6,12011529
2021-05-25 09:47:25,410.6,12021701
2021-05-25 09:47:26,410.5,12029030
2021-05-25 09:47:27,410.6,12033733
2021-05-25 09:47:28,410.6,12035527
2021-05-25 09:47:30,410.85,12041205
2021-05-25 09:47:29,410.7,12039669
2021-05-25 09:47:32,410.95,12051675
2021-05-25 09:47:33,410.9,12052010
2021-05-25 09:47:34,410.8,12054834
2021-05-25 09:47:35,410.75,12057073
2021-05-25 09:47:36,410.85,12059430
2021-05-25 09:47:37,410.7,12062893
2021-05-25 09:47:39,410.7,12072640
2021-05-25 09:47:39,410.9,12072719
2021-05-25 09:47:40,410.75,12073930
2021-05-25 09:47:41,410.8,12074483
2021-05-25 09:47:43,410.9,12075438
2021-05-25 09:47:44,410.9,12077846
2021-05-25 09:47:45,410.85,12085386
2021-05-25 09:47:46,410.85,12087052
2021-05-25 09:47:48,410.8,12089230
2021-05-25 09:47:48,410.9,12090330
2021-05-25 09:47:50,410.95,12098694
2021-05-25 09:47:51,411.0,12100555
2021-05-25 09:47:52,410.85,12102240
2021-05-25 09:47:53,410.95,12107218
2021-05-25 09:47:54,410.9,12112119
2021-05-25 09:47:55,410.85,12113958
2021-05-25 09:47:56,411.0,12114179
2021-05-25 09:47:58,410.9,12115722
2021-05-25 09:47:58,410.85,12115687
2021-05-25 09:47:59,410.9,12116712
2021-05-25 09:48:00,410.85,12118611
2021-05-25 09:48:01,410.85,12121960
2021-05-25 09:48:02,410.85,12122459
2021-05-25 09:48:03,410.95,12132697
2021-05-25 09:48:04,410.9,12136986
2021-05-25 09:48:06,410.9,12139274
2021-05-25 09:48:06,410.8,12139168
2021-05-25 09:48:07,411.0,12153096
2021-05-25 09:48:08,410.95,12154823
2021-05-25 09:48:09,411.0,12155670
2021-05-25 09:48:10,410.9,12160761
2021-05-25 09:48:11,410.9,12161661
2021-05-25 09:48:12,410.85,12164821
2021-05-25 09:48:14,411.0,12167831
2021-05-25 09:48:15,410.85,12168302
2021-05-25 09:48:16,411.0,12168840
2021-05-25 09:48:17,410.95,12170312
2021-05-25 09:48:18,410.85,12172766
2021-05-25 09:48:20,410.85,12173649
2021-05-25 09:48:20,410.85,12174134
2021-05-25 09:48:21,410.9,12175137
2021-05-25 09:48:22,410.9,12176004
2021-05-25 09:48:23,410.95,12177693
2021-05-25 09:48:24,410.9,12179123
2021-05-25 09:48:25,410.95,12180200
2021-05-25 09:48:27,410.9,12182391
2021-05-25 09:48:27,410.9,12182549
2021-05-25 09:48:28,410.95,12183050
2021-05-25 09:48:29,410.9,12183754
2021-05-25 09:48:30,410.9,12186679
2021-05-25 09:48:31,410.85,12187675
2021-05-25 09:48:32,410.95,12188716
2021-05-25 09:48:33,410.85,12190162
2021-05-25 09:48:35,410.9,12201071
2021-05-25 09:48:35,410.9,12201215
2021-05-25 09:48:36,410.9,12202016
2021-05-25 09:48:37,410.9,12203648
2021-05-25 09:48:38,410.9,12204313
2021-05-25 09:48:39,410.8,12229858
2021-05-25 09:48:41,410.7,12239661
2021-05-25 09:48:42,410.8,12240391
2021-05-25 09:48:43,410.9,12246836
2021-05-25 09:48:45,410.9,12248375
2021-05-25 09:48:45,410.9,12248811
2021-05-25 09:48:46,410.9,12250175
2021-05-25 09:48:47,410.9,12250536
2021-05-25 09:48:48,410.8,12251385
2021-05-25 09:48:49,410.8,12251739
2021-05-25 09:48:52,410.7,12257230
2021-05-25 09:48:53,410.7,12257962
2021-05-25 09:48:54,410.7,12269472
2021-05-25 09:48:56,410.7,12271214
2021-05-25 09:48:57,410.75,12271849
2021-05-25 09:48:57,410.75,12271849
2021-05-25 09:48:58,410.7,12274035
2021-05-25 09:48:59,410.7,12274521
2021-05-25 09:49:00,410.7,12277833
2021-05-25 09:49:01,410.7,12281015
2021-05-25 09:49:02,410.8,12283704
2021-05-25 09:49:03,410.7,12284578
2021-05-25 09:49:04,410.9,12286880
2021-05-25 09:49:06,410.9,12287303
2021-05-25 09:49:06,410.8,12288965
2021-05-25 09:49:07,410.8,12289658
2021-05-25 09:49:08,410.75,12289936
2021-05-25 09:49:09,410.85,12290399
2021-05-25 09:49:10,410.75,12290946
2021-05-25 09:49:11,410.75,12292617
2021-05-25 09:49:12,410.8,12293122
2021-05-25 09:49:13,410.85,12295394
2021-05-25 09:49:14,410.85,12297092
2021-05-25 09:49:15,410.7,12298475
2021-05-25 09:49:16,410.7,12298990
2021-05-25 09:49:17,410.75,12299706
2021-05-25 09:49:18,410.8,12301777
2021-05-25 09:49:19,410.75,12302263
2021-05-25 09:49:20,410.75,12303923
2021-05-25 09:49:21,410.75,12304263
2021-05-25 09:49:22,410.75,12306108
2021-05-25 09:49:23,410.8,12307546
2021-05-25 09:49:25,410.8,12309113
2021-05-25 09:49:25,410.7,12310545
2021-05-25 09:49:26,410.8,12311026
2021-05-25 09:49:27,410.7,12311985
2021-05-25 09:49:28,410.8,12312498
2021-05-25 09:49:29,410.75,12312998
2021-05-25 09:49:31,410.7,12315167
2021-05-25 09:49:32,410.75,12317282
2021-05-25 09:49:34,410.75,12318109
2021-05-25 09:49:34,410.75,12318709
2021-05-25 09:49:35,410.75,12320284
2021-05-25 09:49:36,410.8,12322628
2021-05-25 09:49:37,410.8,12327160
2021-05-25 09:49:38,410.8,12330695
2021-05-25 09:49:39,410.8,12331158
2021-05-25 09:49:41,410.75,12331924
2021-05-25 09:49:42,410.75,12335912
2021-05-25 09:49:42,410.8,12332550
2021-05-25 09:49:43,410.8,12339230
2021-05-25 09:49:44,410.75,12342272
2021-05-25 09:49:45,410.8,12344407
2021-05-25 09:49:47,410.85,12346311
2021-05-25 09:49:48,410.85,12347173
2021-05-25 09:49:49,410.85,12347710
2021-05-25 09:49:50,410.75,12351393
2021-05-25 09:49:51,410.7,12352052
2021-05-25 09:49:52,410.8,12352607
2021-05-25 09:49:53,410.8,12352804
2021-05-25 09:49:54,410.8,12355120
2021-05-25 09:49:55,410.75,12355645
2021-05-25 09:49:56,410.7,12357734
2021-05-25 09:49:57,410.8,12358819
2021-05-25 09:49:58,410.7,12359698
2021-05-25 09:50:00,410.75,12360594
2021-05-25 09:50:00,410.7,12360880
2021-05-25 09:50:02,410.75,12363268
2021-05-25 09:50:03,410.7,12366892
2021-05-25 09:50:05,410.8,12368304
2021-05-25 09:50:06,410.9,12377499
2021-05-25 09:50:07,411.25,12481602
2021-05-25 09:50:08,411.0,12484217
2021-05-25 09:50:09,410.85,12487716
2021-05-25 09:50:10,411.05,12490286
2021-05-25 09:50:11,411.0,12493993
2021-05-25 09:50:12,411.0,12495372
2021-05-25 09:50:13,411.0,12496344
2021-05-25 09:50:14,411.0,12497380
2021-05-25 09:50:16,410.95,12498338
2021-05-25 09:50:17,410.95,12500024
2021-05-25 09:50:17,410.8,12504289
2021-05-25 09:50:18,410.8,12504465
2021-05-25 09:50:19,411.0,12507366
2021-05-25 09:50:20,411.0,12508589
2021-05-25 09:50:21,410.9,12510134
2021-05-25 09:50:23,410.95,12513144
2021-05-25 09:50:24,410.9,12513493
2021-05-25 09:50:25,410.85,12517586
2021-05-25 09:50:25,410.95,12517556
2021-05-25 09:50:26,410.95,12517750
2021-05-25 09:50:28,410.8,12523849
2021-05-25 09:50:29,411.0,12528980
2021-05-25 09:50:30,410.95,12531159
2021-05-25 09:50:31,411.2,12534102
2021-05-25 09:50:32,410.9,12537744
2021-05-25 09:50:32,410.9,12537744
2021-05-25 09:50:33,411.0,12540902
2021-05-25 09:50:34,411.25,12549590
2021-05-25 09:50:35,411.05,12552097
2021-05-25 09:50:36,411.15,12553816
2021-05-25 09:50:37,411.2,12557854
2021-05-25 09:50:39,411.2,12565189
2021-05-25 09:50:40,411.15,12565596
2021-05-25 09:50:42,411.3,12573407
2021-05-25 09:50:43,411.3,12579841
2021-05-25 09:50:43,411.3,12581536
2021-05-25 09:50:45,411.15,12584524
2021-05-25 09:50:46,411.15,12587124
2021-05-25 09:50:47,411.25,12587469
2021-05-25 09:50:47,411.25,12587469
2021-05-25 09:50:48,411.25,12589508
2021-05-25 09:50:49,411.25,12590379
2021-05-25 09:50:50,411.2,12592507
2021-05-25 09:50:51,411.2,12594565
2021-05-25 09:50:52,411.3,12601438
2021-05-25 09:50:53,411.5,12611374
2021-05-25 09:50:54,411.5,12613632
2021-05-25 09:50:55,411.5,12616597
2021-05-25 09:50:56,411.5,12618684
2021-05-25 09:50:57,411.45,12620389
2021-05-25 09:50:59,411.45,12621493
2021-05-25 09:51:01,411.4,12622928
2021-05-25 09:51:02,411.3,12625937
2021-05-25 09:51:03,411.4,12626606
2021-05-25 09:51:04,411.4,12628598
2021-05-25 09:51:05,411.45,12630614
2021-05-25 09:51:06,411.3,12635241
2021-05-25 09:51:07,411.35,12637701
2021-05-25 09:51:08,411.3,12638568
2021-05-25 09:51:09,411.35,12641108
2021-05-25 09:51:10,411.3,12646115
2021-05-25 09:51:11,411.3,12648743
2021-05-25 09:51:11,411.3,12650738
2021-05-25 09:51:13,411.1,12687447
2021-05-25 09:51:14,411.15,12692688
2021-05-25 09:51:15,411.2,12694400
2021-05-25 09:51:16,411.15,12695862
2021-05-25 09:51:17,411.15,12695989
2021-05-25 09:51:19,411.1,12699761
2021-05-25 09:51:20,411.1,12700521
2021-05-25 09:51:20,411.1,12700521
2021-05-25 09:51:21,411.15,12700744
2021-05-25 09:51:22,411.15,12702652
2021-05-25 09:51:23,410.9,12711384
2021-05-25 09:51:26,410.85,12723360
2021-05-25 09:51:26,410.85,12730719
2021-05-25 09:51:27,410.8,12743679
2021-05-25 09:51:28,410.4,12866299
2021-05-25 09:51:29,410.4,12868483
2021-05-25 09:51:31,410.6,12869623
2021-05-25 09:51:32,410.65,12869826
2021-05-25 09:51:33,410.65,12870858
2021-05-25 09:51:34,410.6,12872578
2021-05-25 09:51:35,410.45,12876843
2021-05-25 09:51:35,410.6,12876945
2021-05-25 09:51:36,410.65,12877761
2021-05-25 09:51:37,410.5,12878097
2021-05-25 09:51:38,410.7,12879368
2021-05-25 09:51:39,410.5,12889740
2021-05-25 09:51:41,410.55,12890325
2021-05-25 09:51:42,410.55,12894940
2021-05-25 09:51:43,410.5,12897940
2021-05-25 09:51:44,410.5,12902922
2021-05-25 09:51:45,410.45,12906370
2021-05-25 09:51:46,410.5,12918343
2021-05-25 09:51:47,410.4,12941529
2021-05-25 09:51:48,410.3,12960050
2021-05-25 09:51:49,410.35,12966279
2021-05-25 09:51:50,410.25,13004582
2021-05-25 09:51:51,410.2,13025973
2021-05-25 09:51:52,410.15,13039435
2021-05-25 09:51:54,410.05,13058310
2021-05-25 09:51:55,410.1,13071310
2021-05-25 09:51:56,410.0,13131342
2021-05-25 09:51:57,410.2,13141315
2021-05-25 09:51:58,410.05,13143123
2021-05-25 09:51:59,410.1,13148152
2021-05-25 09:52:00,410.45,13156828
2021-05-25 09:52:00,410.4,13154292
2021-05-25 09:52:01,410.5,13159244
2021-05-25 09:52:02,410.4,13160982
2021-05-25 09:52:03,410.3,13162907
2021-05-25 09:52:05,410.35,13164017
2021-05-25 09:52:06,410.25,13165221
2021-05-25 09:52:07,410.35,13178115
2021-05-25 09:52:08,410.25,13180641
2021-05-25 09:52:09,410.25,13183547
2021-05-25 09:52:10,410.15,13186982
2021-05-25 09:52:10,410.2,13188022
2021-05-25 09:52:11,410.15,13192841
2021-05-25 09:52:15,410.3,13203682
2021-05-25 09:52:16,410.2,13207436
2021-05-25 09:52:17,410.15,13209249
2021-05-25 09:52:18,410.25,13217516
2021-05-25 09:52:19,410.3,13217686
2021-05-25 09:52:20,410.3,13219098
2021-05-25 09:52:21,410.2,13224193
2021-05-25 09:52:22,410.2,13227536
2021-05-25 09:52:24,410.2,13230708
2021-05-25 09:52:24,410.35,13232635
2021-05-25 09:52:25,410.35,13234911
2021-05-25 09:52:27,410.25,13237461
2021-05-25 09:52:28,410.25,13242171
2021-05-25 09:52:29,410.3,13245970
2021-05-25 09:52:30,410.3,13247638
2021-05-25 09:52:31,410.3,13253406
2021-05-25 09:52:31,410.25,13255358
2021-05-25 09:52:32,410.45,13258229
2021-05-25 09:52:34,410.4,13259025
2021-05-25 09:52:35,410.2,13260821
2021-05-25 09:52:36,410.25,13262848
2021-05-25 09:52:38,410.25,13266505
2021-05-25 09:52:39,410.3,13271885
2021-05-25 09:52:39,410.2,13273053
2021-05-25 09:52:40,410.2,13275532
2021-05-25 09:52:42,410.15,13285186
2021-05-25 09:52:43,410.2,13287672
2021-05-25 09:52:44,410.15,13292490
2021-05-25 09:52:46,410.1,13304708
2021-05-25 09:52:47,410.1,13308938
2021-05-25 09:52:49,410.0,13314491
2021-05-25 09:52:50,410.0,13315981
2021-05-25 09:52:51,410.15,13319192
2021-05-25 09:52:52,410.15,13320947
2021-05-25 09:52:53,410.05,13322936
2021-05-25 09:52:54,410.05,13324501
2021-05-25 09:52:55,410.15,13326735
2021-05-25 09:52:56,410.0,13328154
2021-05-25 09:52:57,410.2,13330029
2021-05-25 09:52:58,410.25,13343355
2021-05-25 09:52:59,410.2,13351581
2021-05-25 09:52:59,410.1,13354059
2021-05-25 09:53:01,410.2,13359760
2021-05-25 09:53:03,410.1,13361941
2021-05-25 09:53:05,410.05,13369196
2021-05-25 09:53:05,410.0,13368453
2021-05-25 09:53:06,410.1,13371281
2021-05-25 09:53:07,410.15,13377284
2021-05-25 09:53:08,410.1,13380238
2021-05-25 09:53:09,410.15,13382423
2021-05-25 09:53:10,410.05,13390505
2021-05-25 09:53:12,410.05,13393286
2021-05-25 09:53:13,410.15,13394951
2021-05-25 09:53:14,410.1,13398095
2021-05-25 09:53:16,410.15,13414464
2021-05-25 09:53:16,410.05,13415034
2021-05-25 09:53:17,410.2,13424389
2021-05-25 09:53:18,410.15,13427858
2021-05-25 09:53:19,410.15,13431243
2021-05-25 09:53:21,410.15,13434286
2021-05-25 09:53:22,410.25,13439611
2021-05-25 09:53:23,410.2,13443219
2021-05-25 09:53:24,410.2,13445744
2021-05-25 09:53:25,410.25,13451400
2021-05-25 09:53:26,410.2,13453554
2021-05-25 09:53:27,410.2,13456528
2021-05-25 09:53:27,410.15,13457420
2021-05-25 09:53:28,410.1,13460775
2021-05-25 09:53:29,410.1,13463445
2021-05-25 09:53:31,410.15,13468739
2021-05-25 09:53:32,410.1,13470083
2021-05-25 09:53:33,410.2,13471241
2021-05-25 09:53:34,410.15,13473588
2021-05-25 09:53:36,410.2,13475011
2021-05-25 09:53:37,410.15,13476968
2021-05-25 09:53:38,410.2,13479526
2021-05-25 09:53:39,410.2,13481187
2021-05-25 09:53:40,410.1,13484663
2021-05-25 09:53:41,410.15,13485284
2021-05-25 09:53:42,410.3,13490230
2021-05-25 09:53:43,410.1,13492488
2021-05-25 09:53:45,410.3,13495570
2021-05-25 09:53:46,410.35,13498995
2021-05-25 09:53:47,410.15,13505419
2021-05-25 09:53:47,410.35,13519895
2021-05-25 09:53:49,410.35,13526618
2021-05-25 09:53:50,410.25,13536134
2021-05-25 09:53:51,410.2,13537124
2021-05-25 09:53:52,410.25,13564429
2021-05-25 09:53:53,410.2,13567588
2021-05-25 09:53:54,410.2,13570568
2021-05-25 09:53:54,410.3,13569953
2021-05-25 09:53:58,410.2,13603598
2021-05-25 09:54:00,410.3,13632971
2021-05-25 09:54:02,410.3,13634601
2021-05-25 09:54:03,410.3,13635749
2021-05-25 09:54:04,410.3,13636815
2021-05-25 09:54:05,410.3,13642613
2021-05-25 09:54:06,410.3,13650073
2021-05-25 09:54:07,410.3,13654128
2021-05-25 09:54:07,410.25,13656749
2021-05-25 09:54:09,410.2,13664576
2021-05-25 09:54:10,410.25,13667830
2021-05-25 09:54:11,410.0,13789008
2021-05-25 09:54:12,410.05,13797772
2021-05-25 09:54:13,410.0,13820798
2021-05-25 09:54:14,410.05,13825632
2021-05-25 09:54:15,410.0,13829834
2021-05-25 09:54:16,410.0,13863583
2021-05-25 09:54:17,410.0,13922999
2021-05-25 09:54:17,410.05,13923024
2021-05-25 09:54:19,410.05,13936725
2021-05-25 09:54:20,409.9,14012419
2021-05-25 09:54:21,409.9,14016610
2021-05-25 09:54:23,409.85,14026581
2021-05-25 09:54:24,410.05,14029246
2021-05-25 09:54:25,409.85,14031331
2021-05-25 09:54:26,409.8,14033740
2021-05-25 09:54:27,409.9,14034914
2021-05-25 09:54:28,409.75,14042770
2021-05-25 09:54:28,409.75,14043149
2021-05-25 09:54:32,409.75,14067718
2021-05-25 09:54:34,409.8,14077825
2021-05-25 09:54:36,409.7,14084438
2021-05-25 09:54:37,409.7,14087925
2021-05-25 09:54:38,409.65,14091010
2021-05-25 09:54:39,409.65,14093746
2021-05-25 09:54:40,409.6,14096629
2021-05-25 09:54:41,409.65,14098067
2021-05-25 09:54:42,409.8,14103906
2021-05-25 09:54:42,409.65,14102852
2021-05-25 09:54:45,409.6,14106654
2021-05-25 09:54:46,409.7,14107670
2021-05-25 09:54:47,409.6,14111937
2021-05-25 09:54:48,409.8,14116129
2021-05-25 09:54:49,409.5,14159200
2021-05-25 09:54:50,409.5,14162948
2021-05-25 09:54:51,409.5,14167302
2021-05-25 09:54:52,409.5,14170473
2021-05-25 09:54:53,409.55,14173079
2021-05-25 09:54:54,409.55,14175649
2021-05-25 09:54:56,409.6,14181833
2021-05-25 09:54:57,409.55,14185143
2021-05-25 09:54:58,409.6,14191989
2021-05-25 09:54:58,409.6,14191887
2021-05-25 09:55:00,409.6,14196262
2021-05-25 09:55:01,409.65,14203005
2021-05-25 09:55:02,409.65,14208987
2021-05-25 09:55:03,409.6,14219280
2021-05-25 09:55:04,409.6,14220613
2021-05-25 09:55:05,409.7,14222617
2021-05-25 09:55:06,409.8,14231241
2021-05-25 09:55:07,409.7,14233454
2021-05-25 09:55:08,409.65,14236489
2021-05-25 09:55:09,409.65,14239716
2021-05-25 09:55:10,409.65,14244439
2021-05-25 09:55:11,409.65,14247344
2021-05-25 09:55:12,409.75,14250488
2021-05-25 09:55:12,409.65,14254085
2021-05-25 09:55:14,409.6,14258537
2021-05-25 09:55:15,409.7,14262204
2021-05-25 09:55:16,409.7,14264996
2021-05-25 09:55:17,409.8,14269158
2021-05-25 09:55:18,409.8,14271013
2021-05-25 09:55:19,409.8,14273183
2021-05-25 09:55:20,409.85,14280066
2021-05-25 09:55:20,409.85,14276406
2021-05-25 09:55:21,409.85,14283212
2021-05-25 09:55:23,410.2,14316593
2021-05-25 09:55:25,409.9,14332242
2021-05-25 09:55:25,410.0,14334989
2021-05-25 09:55:28,409.8,14337933
2021-05-25 09:55:29,409.7,14341012
2021-05-25 09:55:29,409.8,14341092
2021-05-25 09:55:30,409.85,14342839
2021-05-25 09:55:31,409.75,14343151
2021-05-25 09:55:32,409.8,14346385
2021-05-25 09:55:33,409.9,14347220
2021-05-25 09:55:35,409.75,14350925
2021-05-25 09:55:36,409.85,14356753
2021-05-25 09:55:36,409.85,14356753
2021-05-25 09:55:37,409.9,14359491
2021-05-25 09:55:39,409.75,14363778
2021-05-25 09:55:39,409.8,14363603
2021-05-25 09:55:40,409.7,14366596
2021-05-25 09:55:42,409.85,14369013
2021-05-25 09:55:43,409.75,14371819
2021-05-25 09:55:44,409.9,14373772
2021-05-25 09:55:45,409.85,14374827
2021-05-25 09:55:48,409.8,14382136
2021-05-25 09:55:48,409.9,14382291
2021-05-25 09:55:49,409.8,14384319
2021-05-25 09:55:50,409.9,14386497
2021-05-25 09:55:51,409.9,14387692
2021-05-25 09:55:53,409.9,14388463
2021-05-25 09:55:54,409.9,14388646
2021-05-25 09:55:55,410.0,14390352
2021-05-25 09:55:56,410.0,14393302
2021-05-25 09:55:57,409.9,14394636
2021-05-25 09:55:58,409.9,14395965
2021-05-25 09:55:59,410.0,14412256
2021-05-25 09:56:00,410.1,14415470
2021-05-25 09:56:01,410.0,14416635
2021-05-25 09:56:02,410.0,14418521
2021-05-25 09:56:03,410.1,14420608
2021-05-25 09:56:04,410.05,14424817
2021-05-25 09:56:05,410.0,14429317
2021-05-25 09:56:06,410.0,14433718
2021-05-25 09:56:08,410.05,14435618
2021-05-25 09:56:09,410.0,14438788
2021-05-25 09:56:10,410.0,14441291
2021-05-25 09:56:11,410.05,14443422
2021-05-25 09:56:12,410.0,14444775
2021-05-25 09:56:13,410.05,14446378
2021-05-25 09:56:14,410.2,14448710
2021-05-25 09:56:16,410.1,14450869
2021-05-25 09:56:17,410.2,14451189
2021-05-25 09:56:18,410.2,14454414
2021-05-25 09:56:19,410.2,14460255
2021-05-25 09:56:20,410.1,14460912
2021-05-25 09:56:21,410.35,14469343
2021-05-25 09:56:23,410.3,14478985
2021-05-25 09:56:24,410.3,14479386
2021-05-25 09:56:25,410.3,14480330
2021-05-25 09:56:26,410.35,14486346
2021-05-25 09:56:27,410.35,14493862
2021-05-25 09:56:29,410.5,14504791
2021-05-25 09:56:30,410.5,14504891
2021-05-25 09:56:31,410.5,14507814
2021-05-25 09:56:32,410.4,14513344
2021-05-25 09:56:33,410.3,14518726
2021-05-25 09:56:35,410.45,14521461
2021-05-25 09:56:36,410.45,14526716
2021-05-25 09:56:37,410.4,14528754
2021-05-25 09:56:39,410.35,14534563
2021-05-25 09:56:40,410.4,14536365
2021-05-25 09:56:41,410.4,14537259
2021-05-25 09:56:42,410.35,14537977
2021-05-25 09:56:43,410.4,14540422
2021-05-25 09:56:44,410.3,14540496
2021-05-25 09:56:46,410.3,14546749
2021-05-25 09:56:47,410.3,14547878
2021-05-25 09:56:48,410.3,14548997
2021-05-25 09:56:49,410.4,14550166
2021-05-25 09:56:50,410.4,14551525
2021-05-25 09:56:51,410.3,14552025
2021-05-25 09:56:52,410.4,14552059
2021-05-25 09:56:53,410.4,14553099
2021-05-25 09:56:55,410.3,14556844
2021-05-25 09:56:56,410.35,14557394
2021-05-25 09:56:57,410.35,14560649
2021-05-25 09:56:58,410.35,14565667
2021-05-25 09:57:00,410.45,14571023
2021-05-25 09:57:01,410.5,14573085
2021-05-25 09:57:02,410.3,14575163
2021-05-25 09:57:04,410.4,14575430
2021-05-25 09:57:03,410.45,14575213
2021-05-25 09:57:05,410.3,14577167
2021-05-25 09:57:06,410.45,14579231
2021-05-25 09:57:08,410.4,14580811
2021-05-25 09:57:09,410.4,14583754
2021-05-25 09:57:10,410.4,14584424
2021-05-25 09:57:11,410.3,14584524
2021-05-25 09:57:12,410.4,14585923
2021-05-25 09:57:13,410.4,14586073
2021-05-25 09:57:14,410.4,14588241
2021-05-25 09:57:15,410.4,14589290
2021-05-25 09:57:16,410.45,14589798
2021-05-25 09:57:17,410.5,14592475
2021-05-25 09:57:18,410.5,14592558
2021-05-25 09:57:19,410.5,14593136
2021-05-25 09:57:20,410.4,14595722
2021-05-25 09:57:21,410.45,14597226
2021-05-25 09:57:22,410.45,14599313
2021-05-25 09:57:23,410.4,14600007
2021-05-25 09:57:24,410.5,14600042
2021-05-25 09:57:25,410.5,14600569
2021-05-25 09:57:26,410.4,14600868
2021-05-25 09:57:27,410.45,14601600
2021-05-25 09:57:28,410.4,14601992
2021-05-25 09:57:29,410.45,14603059
2021-05-25 09:57:30,410.5,14603589
2021-05-25 09:57:31,410.4,14606775
2021-05-25 09:57:32,410.4,14609358
2021-05-25 09:57:33,410.4,14610470
2021-05-25 09:57:34,410.5,14611429
2021-05-25 09:57:35,410.45,14613794
2021-05-25 09:57:36,410.4,14615402
2021-05-25 09:57:37,410.5,14617261
2021-05-25 09:57:38,410.4,14618166
2021-05-25 09:57:39,410.5,14618865
2021-05-25 09:57:41,410.5,14620867
2021-05-25 09:57:42,410.4,14623612
2021-05-25 09:57:43,410.45,14629285
2021-05-25 09:57:44,410.4,14629878
2021-05-25 09:57:45,410.4,14635537
2021-05-25 09:57:47,410.4,14637013
2021-05-25 09:57:46,410.5,14636988
2021-05-25 09:57:48,410.45,14637335
2021-05-25 09:57:49,410.45,14651546
2021-05-25 09:57:50,410.4,14658686
2021-05-25 09:57:51,410.3,14670240
2021-05-25 09:57:52,410.35,14671935
2021-05-25 09:57:53,410.35,14672938
2021-05-25 09:57:54,410.25,14678411
2021-05-25 09:57:55,410.25,14679890
2021-05-25 09:57:56,410.25,14682100
2021-05-25 09:57:57,410.4,14682306
2021-05-25 09:57:58,410.3,14694442
2021-05-25 09:57:59,410.2,14694624
2021-05-25 09:58:00,410.25,14695398
2021-05-25 09:58:01,410.3,14696112
2021-05-25 09:58:02,410.25,14700609
2021-05-25 09:58:03,410.25,14700609
2021-05-25 09:58:04,410.1,14703229
2021-05-25 09:58:05,410.15,14713279
2021-05-25 09:58:06,410.0,14770774
2021-05-25 09:58:07,410.0,14771153
2021-05-25 09:58:09,409.85,14776001
2021-05-25 09:58:10,409.85,14791988
2021-05-25 09:58:11,409.9,14793713
2021-05-25 09:58:12,409.9,14794708
2021-05-25 09:58:13,409.8,14800131
2021-05-25 09:58:15,409.8,14800786
2021-05-25 09:58:16,409.85,14804289
2021-05-25 09:58:17,409.9,14816885
2021-05-25 09:58:18,410.0,14817514
2021-05-25 09:58:19,410.0,14825304
2021-05-25 09:58:21,410.05,14825894
2021-05-25 09:58:21,409.95,14825999
2021-05-25 09:58:22,410.05,14828052
2021-05-25 09:58:24,410.0,14836369
2021-05-25 09:58:25,410.05,14838306
2021-05-25 09:58:26,410.0,14840916
2021-05-25 09:58:27,410.1,14844800
2021-05-25 09:58:28,410.1,14847257
2021-05-25 09:58:30,410.15,14852424
2021-05-25 09:58:31,410.05,14853268
2021-05-25 09:58:31,410.2,14853342
2021-05-25 09:58:32,410.25,14855787
2021-05-25 09:58:33,410.05,14858425
2021-05-25 09:58:34,410.15,14862345
2021-05-25 09:58:35,410.1,14862456
2021-05-25 09:58:36,410.2,14869936
2021-05-25 09:58:39,410.05,14876860
2021-05-25 09:58:39,410.05,14876860
2021-05-25 09:58:41,410.15,14879439
2021-05-25 09:58:41,410.15,14879529
2021-05-25 09:58:42,410.15,14880290
2021-05-25 09:58:43,410.0,14896329
2021-05-25 09:58:44,409.9,14900220
2021-05-25 09:58:45,409.95,14902504
2021-05-25 09:58:46,409.85,14905803
2021-05-25 09:58:48,409.9,14907154
2021-05-25 09:58:48,410.0,14907270
2021-05-25 09:58:50,410.05,14912720
2021-05-25 09:58:51,410.0,14914278
2021-05-25 09:58:52,410.0,14915654
2021-05-25 09:58:53,410.0,14918973
2021-05-25 09:58:54,410.0,14926265
2021-05-25 09:58:55,410.05,14928693
2021-05-25 09:58:56,410.05,14934900
2021-05-25 09:58:57,410.0,14935816
2021-05-25 09:58:59,410.0,14938071
2021-05-25 09:58:59,409.9,14939231
2021-05-25 09:59:00,410.05,14941214
2021-05-25 09:59:01,410.05,14944125
2021-05-25 09:59:02,409.95,14949216
2021-05-25 09:59:03,410.0,14949884
2021-05-25 09:59:04,410.0,14953208
2021-05-25 09:59:06,410.0,14966824
2021-05-25 09:59:06,410.0,14967074
2021-05-25 09:59:08,409.9,14982487
2021-05-25 09:59:09,410.0,14986668
2021-05-25 09:59:10,409.8,15008005
2021-05-25 09:59:12,409.8,15008790
2021-05-25 09:59:13,409.95,15010782
2021-05-25 09:59:14,409.95,15013455
2021-05-25 09:59:15,410.0,15019925
2021-05-25 09:59:16,409.9,15021923
2021-05-25 09:59:17,409.95,15023118
2021-05-25 09:59:18,409.95,15023321
2021-05-25 09:59:20,409.9,15026016
2021-05-25 09:59:20,409.9,15026016
2021-05-25 09:59:21,409.95,15031009
2021-05-25 09:59:22,409.9,15032123
2021-05-25 09:59:24,410.0,15034024
2021-05-25 09:59:24,409.85,15034089
2021-05-25 09:59:25,410.0,15035567
2021-05-25 09:59:26,410.0,15040768
2021-05-25 09:59:27,409.85,15043955
2021-05-25 09:59:28,409.9,15044706
2021-05-25 09:59:29,409.95,15046172
2021-05-25 09:59:30,409.9,15051787
2021-05-25 09:59:32,409.9,15052263
2021-05-25 09:59:32,410.0,15052264
2021-05-25 09:59:33,410.0,15053118
2021-05-25 09:59:34,410.0,15053989
2021-05-25 09:59:35,409.85,15054474
2021-05-25 09:59:36,409.9,15055650
2021-05-25 09:59:37,410.0,15056564
2021-05-25 09:59:39,409.95,15057645
2021-05-25 09:59:41,409.8,15058125
2021-05-25 09:59:41,409.8,15058125
2021-05-25 09:59:42,409.95,15063087
2021-05-25 09:59:43,409.8,15064881
2021-05-25 09:59:44,409.9,15067263
2021-05-25 09:59:45,409.9,15067745
2021-05-25 09:59:46,409.95,15069548
2021-05-25 09:59:47,409.9,15069619
2021-05-25 09:59:48,409.9,15071548
2021-05-25 09:59:50,409.8,15072436
2021-05-25 09:59:50,409.8,15072436
2021-05-25 09:59:52,409.9,15075998
2021-05-25 09:59:53,409.8,15077818
2021-05-25 09:59:54,410.0,15078845
2021-05-25 09:59:56,410.0,15080280
2021-05-25 09:59:56,410.0,15080280
2021-05-25 09:59:57,409.9,15082895
2021-05-25 09:59:58,409.85,15083419
2021-05-25 09:59:59,410.0,15084679
2021-05-25 10:00:00,410.0,15086744
2021-05-25 10:00:02,409.8,15089223
2021-05-25 10:00:03,409.85,15090269
2021-05-25 10:00:04,410.0,15091163
2021-05-25 10:00:05,410.0,15092876
2021-05-25 10:00:06,410.0,15095233
2021-05-25 10:00:07,409.9,15095473
2021-05-25 10:00:08,410.0,15096078
2021-05-25 10:00:10,409.9,15099643
2021-05-25 10:00:11,410.0,15100202
2021-05-25 10:00:12,409.9,15100931
2021-05-25 10:00:13,410.0,15118205
2021-05-25 10:00:15,410.05,15119161
2021-05-25 10:00:16,409.95,15119720
2021-05-25 10:00:16,409.95,15119720
2021-05-25 10:00:17,410.05,15123390
2021-05-25 10:00:19,410.0,15126272
2021-05-25 10:00:20,410.0,15126462
2021-05-25 10:00:22,410.0,15128046
2021-05-25 10:00:23,410.1,15128944
2021-05-25 10:00:25,410.0,15130237
2021-05-25 10:00:26,410.1,15130897
2021-05-25 10:00:28,410.1,15134403
2021-05-25 10:00:29,410.1,15134913
2021-05-25 10:00:30,410.1,15135881
2021-05-25 10:00:30,410.1,15137247
2021-05-25 10:00:32,410.2,15141855
2021-05-25 10:00:34,410.3,15147282
2021-05-25 10:00:36,410.3,15149521
2021-05-25 10:00:38,410.3,15153118
2021-05-25 10:00:37,410.45,15153062
2021-05-25 10:00:39,410.45,15153729
2021-05-25 10:00:39,410.35,15153754
2021-05-25 10:00:41,410.4,15157068
2021-05-25 10:00:42,410.45,15157871
2021-05-25 10:00:44,410.35,15158320
2021-05-25 10:00:45,410.5,15161979
2021-05-25 10:00:45,410.5,15161982
2021-05-25 10:00:46,410.45,15163698
2021-05-25 10:00:47,410.5,15164174
2021-05-25 10:00:48,410.5,15167277
2021-05-25 10:00:49,410.55,15208719
2021-05-25 10:00:51,410.6,15209470
2021-05-25 10:00:52,410.65,15210988
2021-05-25 10:00:53,410.55,15220594
2021-05-25 10:00:53,410.55,15220694
2021-05-25 10:00:54,410.7,15220895
2021-05-25 10:00:55,410.7,15223246
2021-05-25 10:00:56,410.7,15224619
2021-05-25 10:00:58,410.75,15229207
2021-05-25 10:00:59,410.75,15229739
2021-05-25 10:01:00,410.6,15233409
2021-05-25 10:01:01,410.8,15236115
2021-05-25 10:01:01,410.7,15236117
2021-05-25 10:01:02,410.7,15239895
2021-05-25 10:01:03,410.85,15242816
2021-05-25 10:01:04,410.75,15244872
2021-05-25 10:01:05,410.85,15247875
2021-05-25 10:01:10,410.95,15259073
2021-05-25 10:01:11,410.95,15261197
2021-05-25 10:01:12,411.05,15329054
2021-05-25 10:01:12,411.05,15330354
2021-05-25 10:01:13,411.0,15333542
2021-05-25 10:01:14,411.15,15338287
2021-05-25 10:01:15,411.0,15351728
2021-05-25 10:01:16,411.0,15358664
2021-05-25 10:01:17,411.0,15359911
2021-05-25 10:01:19,411.0,15360565
2021-05-25 10:01:20,411.15,15363458
2021-05-25 10:01:21,410.95,15379590
2021-05-25 10:01:21,411.0,15381261
2021-05-25 10:01:22,410.95,15383093
2021-05-25 10:01:23,410.8,15386890
2021-05-25 10:01:24,410.85,15391823
2021-05-25 10:01:25,410.9,15395430
2021-05-25 10:01:26,410.95,15396740
2021-05-25 10:01:27,410.65,15448668
2021-05-25 10:01:28,410.75,15451286
2021-05-25 10:01:30,410.7,15451810
2021-05-25 10:01:32,410.7,15456347
2021-05-25 10:01:32,410.6,15456086
2021-05-25 10:01:33,410.65,15457087
2021-05-25 10:01:34,410.65,15457718
2021-05-25 10:01:35,410.65,15460060
2021-05-25 10:01:36,410.6,15462876
2021-05-25 10:01:37,410.5,15465032
2021-05-25 10:01:39,410.6,15465565
2021-05-25 10:01:40,410.45,15471446
2021-05-25 10:01:41,410.55,15471823
2021-05-25 10:01:42,410.6,15472659
2021-05-25 10:01:43,410.45,15473724
2021-05-25 10:01:44,410.45,15477562
2021-05-25 10:01:45,410.6,15478069
2021-05-25 10:01:46,410.5,15479244
2021-05-25 10:01:47,410.6,15479632
2021-05-25 10:01:49,410.55,15480595
2021-05-25 10:01:50,410.7,15483473
2021-05-25 10:01:51,410.6,15483917
2021-05-25 10:01:52,410.7,15484896
2021-05-25 10:01:53,410.7,15485425
2021-05-25 10:01:54,410.65,15485655
2021-05-25 10:01:56,410.7,15485828
2021-05-25 10:01:58,410.65,15487364
2021-05-25 10:01:58,410.7,15489524
2021-05-25 10:01:59,410.65,15489716
2021-05-25 10:02:00,410.65,15491506
2021-05-25 10:02:01,410.6,15495076
2021-05-25 10:02:03,410.75,15495344
2021-05-25 10:02:04,410.6,15496415
2021-05-25 10:02:05,410.65,15498371
2021-05-25 10:02:06,410.6,15498922
2021-05-25 10:02:07,410.55,15500554
2021-05-25 10:02:08,410.65,15501598
2021-05-25 10:02:10,410.5,15507110
2021-05-25 10:02:11,410.7,15507664
2021-05-25 10:02:12,410.6,15509324
2021-05-25 10:02:13,410.7,15509864
2021-05-25 10:02:14,410.7,15510077
2021-05-25 10:02:15,410.65,15512776
2021-05-25 10:02:16,410.7,15512947
2021-05-25 10:02:17,410.65,15513887
2021-05-25 10:02:18,410.65,15514461
2021-05-25 10:02:20,410.75,15516095
2021-05-25 10:02:21,410.75,15516842
2021-05-25 10:02:21,410.7,15516962
2021-05-25 10:02:22,410.8,15517476
2021-05-25 10:02:24,410.75,15517812
2021-05-25 10:02:25,410.85,15518367
2021-05-25 10:02:26,410.8,15518884
2021-05-25 10:02:27,410.8,15519859
2021-05-25 10:02:28,410.8,15520057
2021-05-25 10:02:29,410.8,15520486
2021-05-25 10:02:30,410.8,15521657
2021-05-25 10:02:31,410.9,15522420
2021-05-25 10:02:31,410.8,15522520
2021-05-25 10:02:32,410.85,15523257
2021-05-25 10:02:35,410.85,15524146
2021-05-25 10:02:36,410.8,15525759
2021-05-25 10:02:37,410.8,15526414
2021-05-25 10:02:38,410.95,15528580
2021-05-25 10:02:38,410.95,15528680
2021-05-25 10:02:39,410.8,15529638
2021-05-25 10:02:41,410.85,15532242
2021-05-25 10:02:42,410.95,15533496
2021-05-25 10:02:43,410.95,15533627
2021-05-25 10:02:44,411.0,15556628
2021-05-25 10:02:45,410.9,15558510
2021-05-25 10:02:46,411.0,15558892
2021-05-25 10:02:47,411.0,15560014
2021-05-25 10:02:48,410.9,15561421
2021-05-25 10:02:49,410.8,15562835
2021-05-25 10:02:49,410.8,15562886
2021-05-25 10:02:50,410.9,15563771
2021-05-25 10:02:53,410.9,15564720
2021-05-25 10:02:54,410.9,15565221
2021-05-25 10:02:55,410.85,15565679
2021-05-25 10:02:56,410.95,15567784
2021-05-25 10:02:57,411.0,15568190
2021-05-25 10:02:59,410.85,15572311
2021-05-25 10:02:59,410.85,15572296
2021-05-25 10:03:00,410.9,15574129
2021-05-25 10:03:01,410.95,15574924
2021-05-25 10:03:05,410.9,15577034
2021-05-25 10:03:06,410.95,15577401
2021-05-25 10:03:07,410.95,15577887
2021-05-25 10:03:09,410.95,15578601
2021-05-25 10:03:10,410.9,15578965
2021-05-25 10:03:11,410.95,15579385
2021-05-25 10:03:11,410.95,15579387
2021-05-25 10:03:12,410.9,15579942
2021-05-25 10:03:14,410.6,15602778
2021-05-25 10:03:15,410.6,15604846
2021-05-25 10:03:16,410.6,15605335
2021-05-25 10:03:16,410.6,15605385
2021-05-25 10:03:17,410.7,15606331
2021-05-25 10:03:18,410.75,15607890
2021-05-25 10:03:19,410.75,15608349
2021-05-25 10:03:21,410.8,15609509
2021-05-25 10:03:22,410.75,15610120
2021-05-25 10:03:23,410.8,15610810
2021-05-25 10:03:24,410.75,15611371
2021-05-25 10:03:25,410.8,15611891
2021-05-25 10:03:26,410.85,15614334
2021-05-25 10:03:26,410.75,15613834
2021-05-25 10:03:27,410.75,15614495
2021-05-25 10:03:28,410.7,15614977
2021-05-25 10:03:29,410.7,15615252
2021-05-25 10:03:30,410.8,15616432
2021-05-25 10:03:32,410.75,15616589
2021-05-25 10:03:33,410.8,15619184
2021-05-25 10:03:34,410.7,15619230
2021-05-25 10:03:35,410.7,15619424
2021-05-25 10:03:36,410.75,15621031
2021-05-25 10:03:36,410.75,15621161
2021-05-25 10:03:37,410.7,15623148
2021-05-25 10:03:39,410.65,15624889
2021-05-25 10:03:40,410.75,15625189
2021-05-25 10:03:41,410.75,15625991
2021-05-25 10:03:42,410.65,15632814
2021-05-25 10:03:43,410.65,15634436
2021-05-25 10:03:44,410.65,15634525
2021-05-25 10:03:45,410.65,15635697
2021-05-25 10:03:47,410.6,15637342
2021-05-25 10:03:48,410.65,15638580
2021-05-25 10:03:49,410.6,15638988
2021-05-25 10:03:50,410.65,15648578
2021-05-25 10:03:51,410.6,15651184
2021-05-25 10:03:52,410.5,15651630
2021-05-25 10:03:53,410.65,15652046
2021-05-25 10:03:55,410.6,15652316
2021-05-25 10:03:56,410.55,15654467
2021-05-25 10:03:57,410.55,15656007
2021-05-25 10:03:57,410.55,15655843
2021-05-25 10:03:58,410.5,15658725
2021-05-25 10:03:59,410.5,15663216
2021-05-25 10:04:00,410.6,15666992
2021-05-25 10:04:03,410.7,15667954
2021-05-25 10:04:04,410.6,15668504
2021-05-25 10:04:04,410.6,15668559
2021-05-25 10:04:05,410.6,15669485
2021-05-25 10:04:06,410.7,15670055
2021-05-25 10:04:07,410.65,15670329
2021-05-25 10:04:09,410.7,15673455
2021-05-25 10:04:10,410.7,15675804
2021-05-25 10:04:11,410.6,15678123
2021-05-25 10:04:12,410.6,15679646
2021-05-25 10:04:12,410.6,15680851
2021-05-25 10:04:13,410.6,15681822
2021-05-25 10:04:14,410.7,15682259
2021-05-25 10:04:15,410.55,15682503
2021-05-25 10:04:17,410.55,15682746
2021-05-25 10:04:18,410.55,15683580
2021-05-25 10:04:19,410.65,15686518
2021-05-25 10:04:19,410.55,15686548
2021-05-25 10:04:20,410.5,15686930
2021-05-25 10:04:22,410.55,15687891
2021-05-25 10:04:23,410.6,15688747
2021-05-25 10:04:24,410.55,15688919
2021-05-25 10:04:24,410.55,15688951
2021-05-25 10:04:25,410.6,15689409
2021-05-25 10:04:27,410.55,15690084
2021-05-25 10:04:29,410.6,15691204
2021-05-25 10:04:30,410.55,15692135
2021-05-25 10:04:30,410.55,15692743
2021-05-25 10:04:32,410.6,15694580
2021-05-25 10:04:35,410.45,15712438
2021-05-25 10:04:36,410.55,15716031
2021-05-25 10:04:37,410.5,15716542
2021-05-25 10:04:38,410.6,15720604
2021-05-25 10:04:39,410.55,15721234
2021-05-25 10:04:39,410.55,15721176
2021-05-25 10:04:40,410.6,15721420
2021-05-25 10:04:42,410.55,15721855
2021-05-25 10:04:43,410.6,15721953
2021-05-25 10:04:44,410.6,15722803
2021-05-25 10:04:46,410.6,15723621
2021-05-25 10:04:47,410.6,15725317
2021-05-25 10:04:48,410.6,15725958
2021-05-25 10:04:49,410.55,15727979
2021-05-25 10:04:49,410.6,15727795
2021-05-25 10:04:50,410.65,15728222
2021-05-25 10:04:52,410.65,15729201
2021-05-25 10:04:53,410.55,15729529
2021-05-25 10:04:54,410.65,15729735
2021-05-25 10:04:55,410.65,15730322
2021-05-25 10:04:56,410.65,15730699
2021-05-25 10:04:56,410.55,15730736
2021-05-25 10:04:57,410.55,15731215
2021-05-25 10:04:59,410.6,15731755
2021-05-25 10:05:00,410.55,15733511
2021-05-25 10:05:01,410.7,15734212
2021-05-25 10:05:02,410.65,15734290
2021-05-25 10:05:03,410.6,15734708
2021-05-25 10:05:05,410.6,15735937
2021-05-25 10:05:06,410.7,15736318
2021-05-25 10:05:07,410.65,15737275
2021-05-25 10:05:08,410.6,15740191
2021-05-25 10:05:09,410.6,15740844
2021-05-25 10:05:09,410.7,15740694
2021-05-25 10:05:12,410.55,15742058
2021-05-25 10:05:13,410.6,15742249
2021-05-25 10:05:14,410.5,15746486
2021-05-25 10:05:15,410.6,15747600
2021-05-25 10:05:16,410.55,15748483
2021-05-25 10:05:17,410.5,15749608
2021-05-25 10:05:18,410.5,15749627
2021-05-25 10:05:22,410.5,15752817
2021-05-25 10:05:23,410.6,15753437
2021-05-25 10:05:24,410.6,15755572
2021-05-25 10:05:24,410.55,15755039
2021-05-25 10:05:25,410.6,15755838
2021-05-25 10:05:27,410.65,15757579
2021-05-25 10:05:28,410.5,15758232
2021-05-25 10:05:29,410.55,15758460
2021-05-25 10:05:30,410.6,15759326
2021-05-25 10:05:31,410.5,15760833
2021-05-25 10:05:32,410.5,15768176
2021-05-25 10:05:32,410.5,15761331
2021-05-25 10:05:34,410.65,15771355
2021-05-25 10:05:36,410.5,15772190
2021-05-25 10:05:38,410.65,15775446
2021-05-25 10:05:40,411.0,15828042
2021-05-25 10:05:41,411.0,15828784
2021-05-25 10:05:42,411.1,15892769
2021-05-25 10:05:43,411.1,15892914
2021-05-25 10:05:45,411.0,15896992
2021-05-25 10:05:46,411.1,15898188
2021-05-25 10:05:46,411.0,15897843
2021-05-25 10:05:48,411.1,15900243
2021-05-25 10:05:52,411.0,15905345
2021-05-25 10:05:54,411.0,15908017
2021-05-25 10:05:56,411.0,15921774
2021-05-25 10:05:57,411.0,15924343
2021-05-25 10:05:58,411.0,15924960
2021-05-25 10:05:59,411.15,15929642
2021-05-25 10:06:00,410.95,15930861
2021-05-25 10:06:01,411.15,15932257
2021-05-25 10:06:01,411.1,15932557
2021-05-25 10:06:02,411.0,15934076
2021-05-25 10:06:04,411.1,15934705
2021-05-25 10:06:05,411.15,15935710
2021-05-25 10:06:06,411.05,15935833
2021-05-25 10:06:07,411.05,15936753
2021-05-25 10:06:09,411.1,15939168
2021-05-25 10:06:11,411.1,15942235
2021-05-25 10:06:12,410.85,15954010
2021-05-25 10:06:13,410.95,15956135
2021-05-25 10:06:14,410.9,15957957
2021-05-25 10:06:15,410.9,15962044
2021-05-25 10:06:15,410.95,15962859
2021-05-25 10:06:16,410.75,15963420
2021-05-25 10:06:17,410.95,15964217
2021-05-25 10:06:19,410.85,15964285
2021-05-25 10:06:20,410.85,15964941
2021-05-25 10:06:21,410.95,15966906
2021-05-25 10:06:22,410.75,15967307
2021-05-25 10:06:23,410.9,15967472
2021-05-25 10:06:24,410.85,15968208
2021-05-25 10:06:25,410.9,15968861
2021-05-25 10:06:26,410.95,15969631
2021-05-25 10:06:27,410.95,15970084
2021-05-25 10:06:29,410.8,15971762
2021-05-25 10:06:29,410.9,15972095
2021-05-25 10:06:30,410.95,15974369
2021-05-25 10:06:31,410.85,15974917
2021-05-25 10:06:32,410.9,15975844
2021-05-25 10:06:33,410.9,15978436
2021-05-25 10:06:34,410.75,15979798
2021-05-25 10:06:35,410.75,15980299
2021-05-25 10:06:37,410.75,15982676
2021-05-25 10:06:38,410.85,15983911
2021-05-25 10:06:39,410.7,15986014
2021-05-25 10:06:41,410.7,15987906
2021-05-25 10:06:43,410.65,15990878
2021-05-25 10:06:42,410.65,15990608
2021-05-25 10:06:44,410.7,15991903
2021-05-25 10:06:45,410.9,15992610
2021-05-25 10:06:46,410.8,15993246
2021-05-25 10:06:47,410.7,15993806
2021-05-25 10:06:48,410.8,15993934
2021-05-25 10:06:49,410.8,15993934
2021-05-25 10:06:50,410.8,15993974
2021-05-25 10:06:51,410.7,15994454
2021-05-25 10:06:52,410.7,15995632
2021-05-25 10:06:53,410.6,16001624
2021-05-25 10:06:54,410.7,16002588
2021-05-25 10:06:55,410.65,16003095
2021-05-25 10:06:56,410.65,16004652
2021-05-25 10:06:57,410.65,16006695
2021-05-25 10:06:58,410.5,16007714
2021-05-25 10:06:59,410.6,16009732
2021-05-25 10:07:00,410.65,16011130
2021-05-25 10:07:01,410.6,16025804
2021-05-25 10:07:02,410.5,16026902
2021-05-25 10:07:03,410.65,16027773
2021-05-25 10:07:04,410.5,16028742
2021-05-25 10:07:05,410.5,16029687
2021-05-25 10:07:06,410.6,16033716
2021-05-25 10:07:07,410.6,16034545
2021-05-25 10:07:10,410.6,16036374
2021-05-25 10:07:11,410.6,16036599
2021-05-25 10:07:12,410.6,16036747
2021-05-25 10:07:13,410.6,16037732
2021-05-25 10:07:14,410.65,16038838
2021-05-25 10:07:16,410.6,16040187
2021-05-25 10:07:17,410.65,16040372
2021-05-25 10:07:18,410.6,16040717
2021-05-25 10:07:19,410.65,16040827
2021-05-25 10:07:20,410.7,16041558
2021-05-25 10:07:21,410.7,16041717
2021-05-25 10:07:22,410.6,16042436
2021-05-25 10:07:23,410.65,16042612
2021-05-25 10:07:24,410.7,16042820
2021-05-25 10:07:25,410.6,16042897
2021-05-25 10:07:26,410.6,16049929
2021-05-25 10:07:27,410.6,16051605
2021-05-25 10:07:30,410.6,16059777
2021-05-25 10:07:29,410.7,16059107
2021-05-25 10:07:31,410.75,16060806
2021-05-25 10:07:32,410.55,16062057
2021-05-25 10:07:33,410.55,16062777
2021-05-25 10:07:34,410.55,16063625
2021-05-25 10:07:35,410.6,16063722
2021-05-25 10:07:36,410.5,16067944
2021-05-25 10:07:37,410.6,16068573
2021-05-25 10:07:38,410.6,16068989
2021-05-25 10:07:39,410.5,16069051
2021-05-25 10:07:40,410.5,16069132
2021-05-25 10:07:41,410.5,16069607
2021-05-25 10:07:43,410.6,16070482
2021-05-25 10:07:42,410.6,16070457
2021-05-25 10:07:44,410.7,16072702
2021-05-25 10:07:45,410.5,16074867
2021-05-25 10:07:46,410.5,16075052
2021-05-25 10:07:47,410.7,16075950
2021-05-25 10:07:49,410.55,16079322
2021-05-25 10:07:48,410.5,16078722
2021-05-25 10:07:50,410.55,16079848
2021-05-25 10:07:51,410.7,16086060
2021-05-25 10:07:52,410.6,16087173
2021-05-25 10:07:53,410.55,16087871
2021-05-25 10:07:54,410.7,16088224
2021-05-25 10:07:55,410.8,16090584
2021-05-25 10:07:56,410.65,16090699
2021-05-25 10:07:57,410.7,16090712
2021-05-25 10:07:58,410.65,16090868
2021-05-25 10:07:59,410.7,16091631
2021-05-25 10:08:00,410.7,16092762
2021-05-25 10:08:01,410.65,16093066
2021-05-25 10:08:02,410.65,16093852
2021-05-25 10:08:03,410.75,16094060
2021-05-25 10:08:04,410.8,16094570
2021-05-25 10:08:05,410.7,16094586
2021-05-25 10:08:06,410.7,16094586
2021-05-25 10:08:07,410.7,16096977
2021-05-25 10:08:08,410.75,16098538
2021-05-25 10:08:09,410.75,16099568
2021-05-25 10:08:10,410.75,16100338
2021-05-25 10:08:11,410.75,16100430
2021-05-25 10:08:12,410.8,16100740
2021-05-25 10:08:13,410.75,16101090
2021-05-25 10:08:14,410.75,16103113
2021-05-25 10:08:15,410.7,16103404
2021-05-25 10:08:16,410.85,16104704
2021-05-25 10:08:17,410.7,16104764
2021-05-25 10:08:18,410.7,16104913
2021-05-25 10:08:19,410.85,16105016
2021-05-25 10:08:20,410.75,16105417
