timestamp,ltp,volume
2021-06-04 09:15:50,4267.35,3838
2021-06-04 09:15:52,4267.35,3838
2021-06-04 09:15:51,4267.35,3838
2021-06-04 09:15:53,4269.0,3848
2021-06-04 09:15:54,4268.85,3853
2021-06-04 09:15:55,4268.85,3853
2021-06-04 09:15:56,4267.5,3855
2021-06-04 09:15:57,4267.5,3855
2021-06-04 09:15:58,4267.5,3855
2021-06-04 09:15:59,4267.5,3877
2021-06-04 09:16:00,4267.35,3961
2021-06-04 09:16:01,4267.0,4271
2021-06-04 09:16:02,4267.0,4537
2021-06-04 09:16:03,4267.05,4588
2021-06-04 09:16:04,4266.65,4697
2021-06-04 09:16:05,4266.65,4697
2021-06-04 09:16:06,4268.0,4767
2021-06-04 09:16:07,4267.3,4781
2021-06-04 09:16:08,4267.55,4782
2021-06-04 09:16:09,4269.65,4786
2021-06-04 09:16:10,4271.05,5070
2021-06-04 09:16:11,4269.25,5186
2021-06-04 09:16:12,4270.4,5271
2021-06-04 09:16:13,4272.0,5416
2021-06-04 09:16:14,4270.05,5479
2021-06-04 09:16:15,4272.0,5580
2021-06-04 09:16:16,4269.95,5600
2021-06-04 09:16:17,4272.0,5601
2021-06-04 09:16:18,4269.9,6627
2021-06-04 09:16:19,4270.95,6999
2021-06-04 09:16:20,4268.9,7051
2021-06-04 09:16:21,4272.0,7166
2021-06-04 09:16:22,4269.7,7172
2021-06-04 09:16:23,4269.65,7173
2021-06-04 09:16:24,4268.9,7211
2021-06-04 09:16:25,4267.05,7254
2021-06-04 09:16:26,4267.05,7254
2021-06-04 09:16:27,4264.7,7310
2021-06-04 09:16:28,4264.7,7310
2021-06-04 09:16:29,4265.0,7312
2021-06-04 09:16:30,4267.8,7352
2021-06-04 09:16:31,4267.8,7367
2021-06-04 09:16:32,4265.5,7369
2021-06-04 09:16:33,4265.5,7369
2021-06-04 09:16:34,4267.8,7374
2021-06-04 09:16:35,4265.65,7376
2021-06-04 09:16:36,4265.6,7426
2021-06-04 09:16:37,4267.35,7447
2021-06-04 09:16:38,4265.0,7449
2021-06-04 09:16:39,4265.0,7451
2021-06-04 09:16:40,4265.0,7456
2021-06-04 09:16:41,4265.0,7456
2021-06-04 09:16:42,4263.3,7728
2021-06-04 09:16:43,4265.35,8007
2021-06-04 09:16:44,4262.55,8009
2021-06-04 09:16:45,4265.0,8133
2021-06-04 09:16:46,4265.3,8135
2021-06-04 09:16:47,4265.3,8135
2021-06-04 09:16:48,4265.3,8135
2021-06-04 09:16:49,4262.7,8137
2021-06-04 09:16:50,4262.7,8137
2021-06-04 09:16:51,4264.35,8148
2021-06-04 09:16:52,4265.0,8172
2021-06-04 09:16:53,4264.4,8208
2021-06-04 09:16:54,4264.4,8208
2021-06-04 09:16:55,4261.2,8360
2021-06-04 09:16:56,4263.1,8362
2021-06-04 09:16:57,4263.1,8392
2021-06-04 09:16:58,4261.5,8453
2021-06-04 09:16:59,4263.9,8502
2021-06-04 09:17:00,4264.4,8531
2021-06-04 09:17:01,4264.4,8531
2021-06-04 09:17:02,4262.7,8533
2021-06-04 09:17:03,4262.7,8533
2021-06-04 09:17:04,4263.85,8557
2021-06-04 09:17:05,4263.85,8557
2021-06-04 09:17:06,4263.65,8616
2021-06-04 09:17:07,4263.65,8633
2021-06-04 09:17:08,4263.65,8633
2021-06-04 09:17:09,4263.0,8798
2021-06-04 09:17:10,4264.4,9148
2021-06-04 09:17:12,4262.7,9241
2021-06-04 09:17:11,4262.7,9241
2021-06-04 09:17:13,4264.6,9276
2021-06-04 09:17:14,4263.25,9278
2021-06-04 09:17:15,4263.65,9352
2021-06-04 09:17:16,4265.0,9368
2021-06-04 09:17:17,4263.9,9441
2021-06-04 09:17:18,4266.9,9451
2021-06-04 09:17:19,4266.9,9451
2021-06-04 09:17:20,4264.0,9453
2021-06-04 09:17:21,4264.0,9453
2021-06-04 09:17:22,4264.0,9454
2021-06-04 09:17:23,4265.0,9455
2021-06-04 09:17:24,4263.95,9467
2021-06-04 09:17:25,4262.0,9696
2021-06-04 09:17:26,4262.0,9696
2021-06-04 09:17:27,4261.05,9698
2021-06-04 09:17:28,4261.05,9698
2021-06-04 09:17:29,4261.05,9755
2021-06-04 09:17:30,4263.95,9760
2021-06-04 09:17:31,4261.35,9787
2021-06-04 09:17:32,4263.6,9925
2021-06-04 09:17:33,4263.55,9926
2021-06-04 09:17:34,4260.45,10058
2021-06-04 09:17:35,4260.0,10168
2021-06-04 09:17:36,4258.95,10377
2021-06-04 09:17:37,4260.85,10458
2021-06-04 09:17:38,4260.85,10458
2021-06-04 09:17:39,4260.85,10458
2021-06-04 09:17:40,4260.85,10458
2021-06-04 09:17:41,4256.35,10507
2021-06-04 09:17:42,4259.35,10607
2021-06-04 09:17:43,4259.7,10694
2021-06-04 09:17:44,4259.7,10694
2021-06-04 09:17:45,4259.7,10694
2021-06-04 09:17:46,4256.95,10704
2021-06-04 09:17:47,4260.9,10724
2021-06-04 09:17:48,4260.9,10724
2021-06-04 09:17:49,4260.65,10852
2021-06-04 09:17:50,4261.55,10901
2021-06-04 09:17:52,4258.7,10906
2021-06-04 09:17:52,4258.7,10906
2021-06-04 09:17:53,4258.7,10942
2021-06-04 09:17:54,4258.7,10942
2021-06-04 09:17:55,4258.7,10942
2021-06-04 09:17:56,4259.7,10952
2021-06-04 09:17:57,4259.7,10962
2021-06-04 09:17:58,4259.7,10962
2021-06-04 09:17:59,4259.65,11014
2021-06-04 09:18:00,4259.65,11014
2021-06-04 09:18:02,4259.65,11014
2021-06-04 09:18:03,4259.65,11039
2021-06-04 09:18:03,4259.65,11039
2021-06-04 09:18:04,4261.45,11053
2021-06-04 09:18:05,4260.0,11057
2021-06-04 09:18:06,4260.0,11057
2021-06-04 09:18:07,4260.0,11057
2021-06-04 09:18:08,4261.45,11058
2021-06-04 09:18:09,4261.45,11058
2021-06-04 09:18:10,4261.45,11058
2021-06-04 09:18:11,4261.45,11058
2021-06-04 09:18:12,4261.25,11145
2021-06-04 09:18:13,4261.9,11187
2021-06-04 09:18:14,4260.0,11256
2021-06-04 09:18:15,4262.85,11286
2021-06-04 09:18:16,4263.95,11287
2021-06-04 09:18:17,4263.95,11287
2021-06-04 09:18:18,4263.95,11297
2021-06-04 09:18:19,4263.95,11297
2021-06-04 09:18:20,4263.95,11297
2021-06-04 09:18:21,4263.95,11297
2021-06-04 09:18:22,4263.65,11307
2021-06-04 09:18:23,4261.75,11308
2021-06-04 09:18:24,4261.75,11308
2021-06-04 09:18:25,4264.0,11388
2021-06-04 09:18:26,4262.2,11398
2021-06-04 09:18:27,4262.2,11398
2021-06-04 09:18:28,4264.85,11451
2021-06-04 09:18:29,4264.85,11451
2021-06-04 09:18:30,4264.85,11451
2021-06-04 09:18:31,4262.55,11483
2021-06-04 09:18:32,4264.65,11506
2021-06-04 09:18:33,4264.65,11506
2021-06-04 09:18:34,4262.6,11508
2021-06-04 09:18:35,4262.6,11508
2021-06-04 09:18:36,4262.6,11508
2021-06-04 09:18:37,4262.5,11558
2021-06-04 09:18:38,4264.3,11621
2021-06-04 09:18:39,4265.0,11664
2021-06-04 09:18:41,4265.0,11664
2021-06-04 09:18:41,4265.0,11664
2021-06-04 09:18:42,4262.2,11689
2021-06-04 09:18:43,4262.2,11689
2021-06-04 09:18:45,4262.2,11689
2021-06-04 09:18:45,4265.0,11952
2021-06-04 09:18:47,4263.15,12012
2021-06-04 09:18:47,4263.15,12012
2021-06-04 09:18:48,4263.15,12012
2021-06-04 09:18:49,4263.45,12052
2021-06-04 09:18:50,4263.45,12083
2021-06-04 09:18:51,4263.45,12083
2021-06-04 09:18:52,4263.45,12083
2021-06-04 09:18:53,4263.45,12085
2021-06-04 09:18:55,4263.4,12164
2021-06-04 09:18:54,4264.5,12144
2021-06-04 09:18:56,4263.4,12164
2021-06-04 09:18:57,4263.45,12178
2021-06-04 09:18:58,4263.45,12178
2021-06-04 09:18:59,4263.45,12198
2021-06-04 09:19:00,4263.75,12234
2021-06-04 09:19:01,4263.75,12234
2021-06-04 09:19:02,4265.0,12317
2021-06-04 09:19:03,4263.4,12371
2021-06-04 09:19:05,4265.45,12375
2021-06-04 09:19:05,4265.45,12375
2021-06-04 09:19:06,4263.85,12377
2021-06-04 09:19:07,4267.8,12409
2021-06-04 09:19:08,4268.5,13089
2021-06-04 09:19:09,4268.0,13216
2021-06-04 09:19:10,4268.0,13216
2021-06-04 09:19:11,4270.0,13550
2021-06-04 09:19:12,4270.9,13551
2021-06-04 09:19:13,4270.6,13612
2021-06-04 09:19:14,4270.6,13630
2021-06-04 09:19:15,4270.6,13630
2021-06-04 09:19:16,4270.6,13630
2021-06-04 09:19:17,4270.6,13630
2021-06-04 09:19:18,4269.95,13642
2021-06-04 09:19:19,4269.95,13642
2021-06-04 09:19:21,4269.75,13651
2021-06-04 09:19:21,4269.75,13651
2021-06-04 09:19:23,4268.8,13655
2021-06-04 09:19:23,4269.75,13865
2021-06-04 09:19:24,4269.75,13865
2021-06-04 09:19:25,4269.75,13865
2021-06-04 09:19:26,4270.8,13951
2021-06-04 09:19:27,4268.8,14071
2021-06-04 09:19:28,4272.0,14783
2021-06-04 09:19:29,4272.0,14979
2021-06-04 09:19:30,4272.0,14980
2021-06-04 09:19:31,4270.35,14984
2021-06-04 09:19:32,4270.35,14984
2021-06-04 09:19:33,4270.35,14986
2021-06-04 09:19:34,4270.15,15044
2021-06-04 09:19:35,4270.0,15088
2021-06-04 09:19:36,4270.0,15088
2021-06-04 09:19:37,4270.0,15088
2021-06-04 09:19:38,4270.0,15096
2021-06-04 09:19:39,4270.0,15096
2021-06-04 09:19:40,4270.0,15096
2021-06-04 09:19:42,4270.0,15118
2021-06-04 09:19:42,4270.0,15133
2021-06-04 09:19:43,4270.0,15148
2021-06-04 09:19:44,4270.0,15292
2021-06-04 09:19:45,4268.0,15358
2021-06-04 09:19:46,4268.0,15358
2021-06-04 09:19:47,4269.85,15440
2021-06-04 09:19:48,4269.85,15454
2021-06-04 09:19:49,4269.85,15454
2021-06-04 09:19:50,4270.0,15460
2021-06-04 09:19:51,4270.0,15460
2021-06-04 09:19:52,4269.9,15493
2021-06-04 09:19:53,4270.8,15847
2021-06-04 09:19:54,4273.2,16059
2021-06-04 09:19:56,4269.35,16160
2021-06-04 09:19:56,4269.35,16160
2021-06-04 09:19:58,4269.9,16187
2021-06-04 09:19:59,4269.9,16187
2021-06-04 09:20:00,4269.9,16187
2021-06-04 09:20:01,4272.1,16197
2021-06-04 09:20:01,4269.6,16200
2021-06-04 09:20:02,4269.6,16200
2021-06-04 09:20:03,4269.6,16200
2021-06-04 09:20:04,4273.35,16228
2021-06-04 09:20:05,4271.85,16293
2021-06-04 09:20:06,4271.85,16293
2021-06-04 09:20:07,4268.6,16311
2021-06-04 09:20:08,4268.6,16311
2021-06-04 09:20:09,4268.6,16311
2021-06-04 09:20:11,4268.6,16311
2021-06-04 09:20:12,4270.0,16327
2021-06-04 09:20:13,4272.25,16343
2021-06-04 09:20:13,4272.25,16343
2021-06-04 09:20:14,4272.25,16343
2021-06-04 09:20:15,4272.25,16343
2021-06-04 09:20:16,4272.25,16343
2021-06-04 09:20:17,4273.0,16348
2021-06-04 09:20:18,4273.0,16348
2021-06-04 09:20:19,4273.0,16348
2021-06-04 09:20:20,4273.0,16348
2021-06-04 09:20:21,4272.0,16350
2021-06-04 09:20:22,4273.3,16663
2021-06-04 09:20:23,4275.0,16836
2021-06-04 09:20:24,4274.45,16984
2021-06-04 09:20:25,4273.0,17084
2021-06-04 09:20:26,4272.6,17161
2021-06-04 09:20:27,4272.6,17161
2021-06-04 09:20:28,4276.45,17276
2021-06-04 09:20:29,4273.3,17281
2021-06-04 09:20:30,4273.3,17281
2021-06-04 09:20:31,4273.3,17281
2021-06-04 09:20:33,4273.3,17281
2021-06-04 09:20:34,4273.3,17281
2021-06-04 09:20:35,4273.35,17283
2021-06-04 09:20:36,4278.0,17504
2021-06-04 09:20:36,4276.35,17383
2021-06-04 09:20:37,4275.1,17568
2021-06-04 09:20:38,4278.35,17569
2021-06-04 09:20:39,4278.35,17569
2021-06-04 09:20:40,4275.2,17570
2021-06-04 09:20:41,4275.2,17570
2021-06-04 09:20:42,4275.2,17575
2021-06-04 09:20:43,4275.2,17606
2021-06-04 09:20:44,4278.3,17706
2021-06-04 09:20:45,4278.2,17755
2021-06-04 09:20:46,4278.2,17755
2021-06-04 09:20:47,4278.2,17755
2021-06-04 09:20:48,4275.2,17875
2021-06-04 09:20:50,4275.2,17929
2021-06-04 09:20:50,4275.2,17929
2021-06-04 09:20:51,4275.2,17929
2021-06-04 09:20:52,4275.0,18013
2021-06-04 09:20:53,4276.0,18043
2021-06-04 09:20:54,4271.3,18317
2021-06-04 09:20:56,4270.4,18385
2021-06-04 09:20:57,4274.35,18436
2021-06-04 09:20:58,4274.35,18436
2021-06-04 09:20:59,4274.35,18436
2021-06-04 09:21:00,4274.35,18436
2021-06-04 09:21:00,4274.35,18436
2021-06-04 09:21:01,4274.55,18536
2021-06-04 09:21:02,4271.65,18568
2021-06-04 09:21:03,4275.15,18569
2021-06-04 09:21:04,4275.2,18629
2021-06-04 09:21:05,4275.2,18629
2021-06-04 09:21:06,4275.2,18649
2021-06-04 09:21:07,4275.2,18649
2021-06-04 09:21:08,4275.2,18649
2021-06-04 09:21:09,4275.2,18649
2021-06-04 09:21:10,4273.05,18652
2021-06-04 09:21:11,4273.05,18652
2021-06-04 09:21:12,4273.05,18655
2021-06-04 09:21:13,4273.05,18660
2021-06-04 09:21:14,4273.05,18660
2021-06-04 09:21:15,4273.05,18660
2021-06-04 09:21:16,4273.0,18699
2021-06-04 09:21:17,4272.15,18754
2021-06-04 09:21:18,4271.7,18807
2021-06-04 09:21:19,4271.7,18807
2021-06-04 09:21:20,4271.7,18807
2021-06-04 09:21:21,4271.85,18838
2021-06-04 09:21:22,4273.05,19840
2021-06-04 09:21:23,4272.15,20022
2021-06-04 09:21:24,4272.15,20022
2021-06-04 09:21:25,4272.15,20022
2021-06-04 09:21:26,4272.15,20022
2021-06-04 09:21:28,4274.35,20047
2021-06-04 09:21:29,4274.35,20047
2021-06-04 09:21:30,4273.25,20091
2021-06-04 09:21:30,4273.25,20091
2021-06-04 09:21:31,4275.0,20099
2021-06-04 09:21:32,4275.0,20099
2021-06-04 09:21:34,4275.0,20109
2021-06-04 09:21:34,4275.0,20109
2021-06-04 09:21:35,4274.8,20112
2021-06-04 09:21:36,4274.8,20112
2021-06-04 09:21:37,4273.0,20217
2021-06-04 09:21:38,4273.25,20218
2021-06-04 09:21:40,4276.2,20344
2021-06-04 09:21:41,4272.4,20447
2021-06-04 09:21:42,4272.4,20447
2021-06-04 09:21:43,4272.95,20448
2021-06-04 09:21:44,4275.6,20488
2021-06-04 09:21:44,4271.7,20538
2021-06-04 09:21:45,4273.0,20588
2021-06-04 09:21:46,4272.2,20702
2021-06-04 09:21:48,4272.0,20755
2021-06-04 09:21:49,4272.0,20755
2021-06-04 09:21:50,4272.0,20755
2021-06-04 09:21:51,4272.2,20765
2021-06-04 09:21:52,4272.2,20765
2021-06-04 09:21:53,4274.5,20806
2021-06-04 09:21:54,4274.5,20811
2021-06-04 09:21:55,4272.55,20829
2021-06-04 09:21:56,4272.55,20829
2021-06-04 09:21:57,4272.6,20846
2021-06-04 09:21:59,4272.6,20856
2021-06-04 09:22:00,4272.6,20898
2021-06-04 09:22:01,4272.6,20898
2021-06-04 09:22:02,4272.6,20898
2021-06-04 09:22:03,4275.4,20923
2021-06-04 09:22:03,4275.4,20923
2021-06-04 09:22:04,4275.4,20924
2021-06-04 09:22:05,4275.4,20924
2021-06-04 09:22:06,4275.4,20924
2021-06-04 09:22:07,4275.4,20924
2021-06-04 09:22:08,4277.0,21024
2021-06-04 09:22:09,4272.65,21071
2021-06-04 09:22:10,4272.65,21071
2021-06-04 09:22:11,4274.9,21086
2021-06-04 09:22:12,4274.9,21086
2021-06-04 09:22:13,4274.9,21086
2021-06-04 09:22:14,4274.9,21086
2021-06-04 09:22:15,4275.0,21302
2021-06-04 09:22:16,4275.75,21304
2021-06-04 09:22:17,4275.75,21304
2021-06-04 09:22:18,4275.75,21335
2021-06-04 09:22:19,4275.6,21382
2021-06-04 09:22:21,4275.6,21382
2021-06-04 09:22:21,4277.7,21383
2021-06-04 09:22:23,4277.7,21383
2021-06-04 09:22:23,4277.7,21383
2021-06-04 09:22:24,4277.7,21383
2021-06-04 09:22:25,4277.05,21385
2021-06-04 09:22:27,4277.0,21485
2021-06-04 09:22:28,4277.0,21490
2021-06-04 09:22:29,4277.0,21506
2021-06-04 09:22:29,4277.0,21506
2021-06-04 09:22:30,4277.05,21537
2021-06-04 09:22:31,4277.05,21537
2021-06-04 09:22:33,4275.6,21735
2021-06-04 09:22:33,4278.0,21682
2021-06-04 09:22:34,4278.0,21737
2021-06-04 09:22:37,4278.0,21808
2021-06-04 09:22:38,4277.7,21834
2021-06-04 09:22:39,4274.8,22134
2021-06-04 09:22:40,4277.05,22214
2021-06-04 09:22:41,4278.0,22250
2021-06-04 09:22:42,4277.0,22396
2021-06-04 09:22:43,4279.0,22426
2021-06-04 09:22:44,4279.0,22426
2021-06-04 09:22:45,4279.0,22531
2021-06-04 09:22:46,4277.95,22589
2021-06-04 09:22:46,4277.95,22589
2021-06-04 09:22:47,4278.0,22661
2021-06-04 09:22:48,4279.0,22671
2021-06-04 09:22:49,4280.25,23125
2021-06-04 09:22:50,4281.95,23290
2021-06-04 09:22:51,4281.9,23396
2021-06-04 09:22:52,4282.0,23512
2021-06-04 09:22:53,4280.4,23564
2021-06-04 09:22:54,4280.4,23564
2021-06-04 09:22:55,4281.0,23610
2021-06-04 09:22:56,4278.9,23691
2021-06-04 09:22:57,4278.9,23691
2021-06-04 09:22:59,4280.9,23992
2021-06-04 09:22:59,4278.05,24068
2021-06-04 09:23:00,4280.85,24093
2021-06-04 09:23:01,4280.6,24114
2021-06-04 09:23:02,4280.6,24114
2021-06-04 09:23:03,4280.6,24114
2021-06-04 09:23:04,4279.0,24164
2021-06-04 09:23:06,4280.6,24214
2021-06-04 09:23:07,4280.6,24214
2021-06-04 09:23:10,4280.05,24390
2021-06-04 09:23:11,4282.25,24420
2021-06-04 09:23:12,4282.4,24421
2021-06-04 09:23:13,4282.4,24421
2021-06-04 09:23:14,4282.4,24421
2021-06-04 09:23:15,4281.8,24589
2021-06-04 09:23:16,4283.85,24609
2021-06-04 09:23:17,4283.85,24609
2021-06-04 09:23:19,4286.0,24738
2021-06-04 09:23:21,4284.15,24989
2021-06-04 09:23:22,4284.1,25061
2021-06-04 09:23:23,4284.1,25067
2021-06-04 09:23:24,4284.1,25142
2021-06-04 09:23:25,4284.1,25142
2021-06-04 09:23:26,4284.1,25142
2021-06-04 09:23:27,4286.0,25272
2021-06-04 09:23:28,4286.15,25277
2021-06-04 09:23:29,4286.15,25282
2021-06-04 09:23:30,4288.4,25385
2021-06-04 09:23:31,4287.8,25439
2021-06-04 09:23:32,4287.9,25499
2021-06-04 09:23:33,4288.05,25523
2021-06-04 09:23:34,4288.0,25548
2021-06-04 09:23:35,4285.0,25634
2021-06-04 09:23:36,4284.85,25694
2021-06-04 09:23:37,4287.85,25880
2021-06-04 09:23:37,4285.25,25890
2021-06-04 09:23:38,4285.25,25890
2021-06-04 09:23:39,4289.0,26196
2021-06-04 09:23:40,4288.45,26301
2021-06-04 09:23:42,4288.5,26306
2021-06-04 09:23:43,4288.05,26414
2021-06-04 09:23:44,4288.05,26414
2021-06-04 09:23:45,4288.0,26515
2021-06-04 09:23:46,4288.05,26570
2021-06-04 09:23:47,4287.9,26623
2021-06-04 09:23:47,4288.05,26635
2021-06-04 09:23:50,4289.0,26694
2021-06-04 09:23:51,4289.0,26764
2021-06-04 09:23:52,4289.0,26764
2021-06-04 09:23:53,4289.0,26807
2021-06-04 09:23:54,4288.05,26840
2021-06-04 09:23:55,4290.0,26940
2021-06-04 09:23:56,4289.0,27046
2021-06-04 09:23:57,4289.0,27076
2021-06-04 09:23:58,4289.0,27302
2021-06-04 09:23:59,4289.0,27616
2021-06-04 09:24:00,4288.45,27663
2021-06-04 09:24:01,4289.0,27666
2021-06-04 09:24:02,4289.95,27668
2021-06-04 09:24:03,4290.0,27842
2021-06-04 09:24:04,4291.0,27863
2021-06-04 09:24:05,4291.9,27893
2021-06-04 09:24:05,4291.9,27893
2021-06-04 09:24:06,4291.9,27893
2021-06-04 09:24:08,4291.65,28820
2021-06-04 09:24:09,4293.95,29035
2021-06-04 09:24:10,4293.7,29040
2021-06-04 09:24:11,4291.3,29088
2021-06-04 09:24:12,4293.5,29128
2021-06-04 09:24:13,4291.25,29266
2021-06-04 09:24:14,4291.1,29294
2021-06-04 09:24:15,4291.1,29294
2021-06-04 09:24:16,4291.1,29358
2021-06-04 09:24:17,4291.1,29358
2021-06-04 09:24:18,4293.0,29392
2021-06-04 09:24:19,4290.8,29425
2021-06-04 09:24:20,4290.95,29426
2021-06-04 09:24:21,4290.95,29426
2021-06-04 09:24:22,4292.8,29553
2021-06-04 09:24:22,4292.8,29553
2021-06-04 09:24:23,4292.8,29553
2021-06-04 09:24:25,4292.95,29603
2021-06-04 09:24:26,4288.0,29902
2021-06-04 09:24:27,4290.5,29952
2021-06-04 09:24:28,4290.5,29952
2021-06-04 09:24:29,4290.5,29952
2021-06-04 09:24:30,4290.5,29952
2021-06-04 09:24:31,4289.75,30035
2021-06-04 09:24:32,4288.35,30050
2021-06-04 09:24:33,4287.9,30143
2021-06-04 09:24:34,4287.9,30143
2021-06-04 09:24:35,4286.2,30162
2021-06-04 09:24:36,4285.95,30267
2021-06-04 09:24:37,4285.95,30267
2021-06-04 09:24:38,4285.95,30267
2021-06-04 09:24:39,4285.25,30398
2021-06-04 09:24:40,4284.1,30546
2021-06-04 09:24:41,4286.05,30596
2021-06-04 09:24:42,4285.7,30597
2021-06-04 09:24:43,4286.4,30722
2021-06-04 09:24:44,4286.4,30722
2021-06-04 09:24:45,4286.55,30757
2021-06-04 09:24:47,4286.55,30766
2021-06-04 09:24:49,4284.75,30790
2021-06-04 09:24:50,4288.25,30802
2021-06-04 09:24:51,4288.25,30838
2021-06-04 09:24:52,4288.25,30838
2021-06-04 09:24:53,4290.0,30920
2021-06-04 09:24:54,4288.2,30950
2021-06-04 09:24:55,4288.25,30960
2021-06-04 09:24:56,4290.75,31010
2021-06-04 09:24:57,4290.75,31010
2021-06-04 09:24:58,4290.75,31010
2021-06-04 09:24:59,4286.8,31085
2021-06-04 09:25:00,4286.8,31085
2021-06-04 09:25:01,4289.0,31094
2021-06-04 09:25:02,4288.35,31252
2021-06-04 09:25:03,4288.35,31252
2021-06-04 09:25:05,4290.0,31273
2021-06-04 09:25:06,4290.0,31274
2021-06-04 09:25:07,4286.8,31336
2021-06-04 09:25:08,4286.8,31336
2021-06-04 09:25:09,4289.85,31348
2021-06-04 09:25:10,4288.2,31388
2021-06-04 09:25:11,4288.2,31388
2021-06-04 09:25:12,4288.2,31408
2021-06-04 09:25:13,4288.2,31458
2021-06-04 09:25:14,4286.55,31515
2021-06-04 09:25:15,4288.35,31536
2021-06-04 09:25:16,4288.35,31537
2021-06-04 09:25:17,4288.2,31541
2021-06-04 09:25:18,4286.5,31564
2021-06-04 09:25:19,4287.95,31577
2021-06-04 09:25:20,4287.95,31577
2021-06-04 09:25:21,4288.0,31587
2021-06-04 09:25:22,4288.0,31587
2021-06-04 09:25:23,4288.0,31587
2021-06-04 09:25:24,4288.0,31587
2021-06-04 09:25:25,4288.0,31587
2021-06-04 09:25:26,4286.45,31607
2021-06-04 09:25:27,4287.9,31608
2021-06-04 09:25:28,4287.9,31608
2021-06-04 09:25:29,4286.45,31610
2021-06-04 09:25:31,4286.4,32014
2021-06-04 09:25:32,4286.2,32048
2021-06-04 09:25:33,4287.45,32148
2021-06-04 09:25:34,4287.0,32229
2021-06-04 09:25:35,4284.65,32231
2021-06-04 09:25:36,4287.0,32256
2021-06-04 09:25:37,4286.0,32274
2021-06-04 09:25:38,4286.0,32274
2021-06-04 09:25:39,4286.0,32274
2021-06-04 09:25:40,4286.0,32274
2021-06-04 09:25:41,4284.25,32336
2021-06-04 09:25:42,4284.25,32336
2021-06-04 09:25:43,4286.0,32337
2021-06-04 09:25:44,4286.0,32385
2021-06-04 09:25:45,4286.0,32385
2021-06-04 09:25:46,4286.0,32385
2021-06-04 09:25:47,4284.85,32424
2021-06-04 09:25:48,4284.85,32424
2021-06-04 09:25:49,4286.0,32449
2021-06-04 09:25:50,4286.0,32469
2021-06-04 09:25:51,4286.0,32491
2021-06-04 09:25:52,4286.0,32491
2021-06-04 09:25:53,4286.0,32491
2021-06-04 09:25:53,4284.85,32591
2021-06-04 09:25:54,4284.85,32591
2021-06-04 09:25:55,4284.7,32648
2021-06-04 09:25:57,4284.7,32648
2021-06-04 09:25:58,4287.0,32654
2021-06-04 09:25:59,4287.0,32654
2021-06-04 09:26:00,4287.6,32891
2021-06-04 09:26:01,4285.55,32944
2021-06-04 09:26:02,4285.55,32946
2021-06-04 09:26:03,4285.55,32946
2021-06-04 09:26:04,4285.55,32968
2021-06-04 09:26:05,4286.95,32969
2021-06-04 09:26:06,4285.1,33006
2021-06-04 09:26:07,4285.1,33006
2021-06-04 09:26:08,4284.6,33026
2021-06-04 09:26:09,4284.6,33026
2021-06-04 09:26:10,4284.6,33026
2021-06-04 09:26:11,4284.6,33026
2021-06-04 09:26:12,4287.0,33047
2021-06-04 09:26:13,4287.0,33047
2021-06-04 09:26:14,4287.0,33047
2021-06-04 09:26:16,4285.55,33156
2021-06-04 09:26:15,4286.95,33123
2021-06-04 09:26:17,4285.55,33156
2021-06-04 09:26:18,4286.95,33164
2021-06-04 09:26:19,4286.95,33164
2021-06-04 09:26:20,4286.95,33172
2021-06-04 09:26:21,4286.95,33172
2021-06-04 09:26:22,4285.65,33212
2021-06-04 09:26:23,4285.65,33212
2021-06-04 09:26:25,4285.65,33212
2021-06-04 09:26:24,4285.65,33212
2021-06-04 09:26:26,4285.55,33224
2021-06-04 09:26:27,4285.55,33225
2021-06-04 09:26:28,4285.55,33225
2021-06-04 09:26:29,4285.55,33250
2021-06-04 09:26:30,4285.55,33251
2021-06-04 09:26:31,4285.55,33251
2021-06-04 09:26:32,4285.0,33333
2021-06-04 09:26:33,4282.25,33364
2021-06-04 09:26:34,4285.0,33444
2021-06-04 09:26:35,4285.7,33514
2021-06-04 09:26:36,4283.45,33541
2021-06-04 09:26:37,4283.1,33543
2021-06-04 09:26:38,4285.75,33545
2021-06-04 09:26:39,4283.15,33547
2021-06-04 09:26:40,4285.0,33548
2021-06-04 09:26:41,4283.15,33554
2021-06-04 09:26:42,4283.05,33559
2021-06-04 09:26:43,4284.95,33560
2021-06-04 09:26:44,4283.0,33561
2021-06-04 09:26:45,4282.55,33583
2021-06-04 09:26:46,4282.55,33784
2021-06-04 09:26:47,4282.0,33785
2021-06-04 09:26:48,4281.0,33820
2021-06-04 09:26:49,4281.0,33821
2021-06-04 09:26:50,4280.5,33824
2021-06-04 09:26:51,4280.5,33824
2021-06-04 09:26:52,4282.0,33873
2021-06-04 09:26:53,4281.2,33874
2021-06-04 09:26:54,4281.2,33874
2021-06-04 09:26:55,4282.55,33904
2021-06-04 09:26:56,4282.55,33904
2021-06-04 09:26:57,4282.55,33904
2021-06-04 09:26:58,4282.55,33904
2021-06-04 09:26:59,4280.7,33914
2021-06-04 09:27:00,4280.7,33914
2021-06-04 09:27:01,4280.7,33914
2021-06-04 09:27:02,4280.7,33914
2021-06-04 09:27:03,4281.0,33940
2021-06-04 09:27:04,4280.0,34546
2021-06-04 09:27:05,4280.7,34556
2021-06-04 09:27:06,4280.7,34556
2021-06-04 09:27:07,4280.7,34600
2021-06-04 09:27:08,4280.7,34612
2021-06-04 09:27:09,4280.05,34613
2021-06-04 09:27:10,4280.7,34618
2021-06-04 09:27:11,4280.7,34619
2021-06-04 09:27:12,4280.7,34619
2021-06-04 09:27:13,4280.7,34619
2021-06-04 09:27:14,4280.7,34630
2021-06-04 09:27:15,4280.75,34653
2021-06-04 09:27:16,4280.75,34653
2021-06-04 09:27:17,4280.75,34703
2021-06-04 09:27:18,4280.75,34703
2021-06-04 09:27:19,4280.75,34703
2021-06-04 09:27:20,4280.75,34703
2021-06-04 09:27:21,4280.0,34819
2021-06-04 09:27:22,4280.05,34834
2021-06-04 09:27:23,4280.05,34834
2021-06-04 09:27:24,4280.05,34834
2021-06-04 09:27:25,4277.4,34966
2021-06-04 09:27:26,4277.4,34966
2021-06-04 09:27:27,4279.95,34986
2021-06-04 09:27:28,4279.95,34986
2021-06-04 09:27:29,4278.0,35016
2021-06-04 09:27:30,4278.0,35016
2021-06-04 09:27:31,4279.95,35020
2021-06-04 09:27:32,4279.95,35020
2021-06-04 09:27:33,4279.95,35065
2021-06-04 09:27:34,4279.95,35065
2021-06-04 09:27:35,4279.95,35065
2021-06-04 09:27:36,4279.95,35080
2021-06-04 09:27:37,4279.95,35080
2021-06-04 09:27:38,4278.1,35082
2021-06-04 09:27:39,4278.1,35082
2021-06-04 09:27:40,4278.1,35082
2021-06-04 09:27:41,4278.1,35113
2021-06-04 09:27:42,4279.95,35121
2021-06-04 09:27:43,4278.25,35464
2021-06-04 09:27:44,4278.25,35464
2021-06-04 09:27:45,4280.9,35465
2021-06-04 09:27:46,4278.1,35533
2021-06-04 09:27:47,4280.3,35548
2021-06-04 09:27:48,4279.0,35568
2021-06-04 09:27:49,4280.3,35570
2021-06-04 09:27:50,4280.3,35570
2021-06-04 09:27:52,4280.0,35705
2021-06-04 09:27:53,4278.0,35800
2021-06-04 09:27:54,4278.0,35800
2021-06-04 09:27:55,4278.0,35800
2021-06-04 09:27:56,4279.8,35810
2021-06-04 09:27:57,4279.8,35810
2021-06-04 09:27:58,4279.8,35810
2021-06-04 09:27:59,4279.8,35810
2021-06-04 09:28:00,4278.2,35842
2021-06-04 09:28:01,4279.8,35852
2021-06-04 09:28:02,4279.8,35852
2021-06-04 09:28:03,4279.8,35872
2021-06-04 09:28:04,4279.8,35872
2021-06-04 09:28:05,4280.3,35899
2021-06-04 09:28:06,4280.3,35899
2021-06-04 09:28:07,4280.3,35899
2021-06-04 09:28:08,4280.85,35924
2021-06-04 09:28:09,4280.85,35924
2021-06-04 09:28:10,4278.45,35974
2021-06-04 09:28:11,4280.85,36074
2021-06-04 09:28:12,4280.85,36074
2021-06-04 09:28:13,4280.85,36074
2021-06-04 09:28:14,4279.8,36075
2021-06-04 09:28:15,4279.8,36075
2021-06-04 09:28:16,4280.85,36083
2021-06-04 09:28:17,4280.85,36090
2021-06-04 09:28:18,4281.9,36189
2021-06-04 09:28:19,4278.8,36212
2021-06-04 09:28:20,4280.9,36253
2021-06-04 09:28:21,4280.95,36255
2021-06-04 09:28:22,4280.95,36257
2021-06-04 09:28:23,4278.55,36271
2021-06-04 09:28:24,4280.95,36273
2021-06-04 09:28:25,4278.4,36319
2021-06-04 09:28:26,4280.0,36329
2021-06-04 09:28:27,4280.0,36339
2021-06-04 09:28:28,4280.0,36355
2021-06-04 09:28:29,4280.0,36375
2021-06-04 09:28:30,4280.0,36375
2021-06-04 09:28:31,4281.0,36400
2021-06-04 09:28:32,4281.0,36400
2021-06-04 09:28:33,4281.0,36400
2021-06-04 09:28:34,4283.0,36401
2021-06-04 09:28:35,4283.0,36401
2021-06-04 09:28:36,4283.0,36479
2021-06-04 09:28:37,4283.0,36479
2021-06-04 09:28:38,4281.7,36510
2021-06-04 09:28:39,4281.7,36510
2021-06-04 09:28:40,4281.7,36510
2021-06-04 09:28:41,4281.7,36510
2021-06-04 09:28:42,4284.65,36520
2021-06-04 09:28:43,4284.65,36524
2021-06-04 09:28:44,4284.9,36526
2021-06-04 09:28:45,4282.15,36586
2021-06-04 09:28:46,4281.5,36645
2021-06-04 09:28:47,4281.5,36645
2021-06-04 09:28:48,4281.5,36645
2021-06-04 09:28:49,4281.2,36715
2021-06-04 09:28:51,4281.2,36715
2021-06-04 09:28:51,4283.8,36716
2021-06-04 09:28:53,4281.25,36717
2021-06-04 09:28:53,4281.25,36717
2021-06-04 09:28:54,4284.6,36797
2021-06-04 09:28:55,4285.0,36847
2021-06-04 09:28:56,4285.0,36847
2021-06-04 09:28:57,4282.9,36853
2021-06-04 09:28:58,4284.0,36880
2021-06-04 09:29:01,4284.95,36932
2021-06-04 09:29:02,4282.45,36995
2021-06-04 09:29:03,4282.45,36995
2021-06-04 09:29:04,4284.95,37005
2021-06-04 09:29:05,4284.95,37005
2021-06-04 09:29:06,4284.95,37005
2021-06-04 09:29:08,4285.0,37067
2021-06-04 09:29:09,4285.0,37078
2021-06-04 09:29:10,4283.25,37089
2021-06-04 09:29:11,4283.25,37089
2021-06-04 09:29:12,4283.25,37089
2021-06-04 09:29:13,4280.0,38089
2021-06-04 09:29:14,4283.45,38322
2021-06-04 09:29:15,4283.45,38322
2021-06-04 09:29:16,4281.65,38373
2021-06-04 09:29:17,4284.4,38404
2021-06-04 09:29:18,4284.4,38404
2021-06-04 09:29:19,4284.4,38404
2021-06-04 09:29:20,4284.4,38404
2021-06-04 09:29:21,4284.6,38405
2021-06-04 09:29:22,4284.6,38405
2021-06-04 09:29:23,4284.55,38406
2021-06-04 09:29:24,4284.55,38406
2021-06-04 09:29:25,4282.35,38409
2021-06-04 09:29:26,4282.35,38409
2021-06-04 09:29:27,4282.35,38414
2021-06-04 09:29:28,4282.35,38414
2021-06-04 09:29:29,4282.35,38414
2021-06-04 09:29:30,4282.35,38414
2021-06-04 09:29:31,4284.75,38420
2021-06-04 09:29:32,4284.75,38420
2021-06-04 09:29:33,4284.95,38421
2021-06-04 09:29:34,4284.95,38421
2021-06-04 09:29:35,4284.75,38502
2021-06-04 09:29:36,4284.75,38502
2021-06-04 09:29:37,4286.0,38517
2021-06-04 09:29:38,4286.0,38517
2021-06-04 09:29:39,4286.0,38517
2021-06-04 09:29:40,4286.0,38517
2021-06-04 09:29:41,4287.6,38597
2021-06-04 09:29:42,4287.6,38672
2021-06-04 09:29:43,4287.6,38672
2021-06-04 09:29:44,4287.6,38672
2021-06-04 09:29:45,4286.95,38683
2021-06-04 09:29:46,4286.95,38684
2021-06-04 09:29:47,4286.95,38684
2021-06-04 09:29:49,4286.95,38684
2021-06-04 09:29:49,4286.95,38684
2021-06-04 09:29:50,4286.95,38684
2021-06-04 09:29:51,4286.95,38684
2021-06-04 09:29:52,4287.6,38724
2021-06-04 09:29:53,4287.6,38724
2021-06-04 09:29:54,4286.95,38755
2021-06-04 09:29:55,4287.6,38757
2021-06-04 09:29:56,4287.6,38778
2021-06-04 09:29:58,4287.6,38788
2021-06-04 09:29:59,4287.6,38788
2021-06-04 09:30:00,4287.6,38799
2021-06-04 09:30:00,4287.6,38799
2021-06-04 09:30:01,4287.6,38799
2021-06-04 09:30:02,4287.25,38849
2021-06-04 09:30:03,4287.25,38849
2021-06-04 09:30:04,4288.0,38872
2021-06-04 09:30:05,4288.0,38873
2021-06-04 09:30:06,4288.1,38894
2021-06-04 09:30:07,4287.6,38897
2021-06-04 09:30:08,4284.75,38950
2021-06-04 09:30:09,4288.9,39398
2021-06-04 09:30:10,4285.55,39494
2021-06-04 09:30:11,4287.95,39501
2021-06-04 09:30:12,4287.95,39501
2021-06-04 09:30:13,4287.6,39533
2021-06-04 09:30:15,4287.6,39534
2021-06-04 09:30:16,4287.85,39536
2021-06-04 09:30:17,4287.85,39536
2021-06-04 09:30:18,4289.3,39548
2021-06-04 09:30:19,4289.35,39549
2021-06-04 09:30:19,4289.05,39552
2021-06-04 09:30:20,4289.05,39552
2021-06-04 09:30:21,4289.0,39563
2021-06-04 09:30:22,4289.0,39563
2021-06-04 09:30:23,4289.0,39617
2021-06-04 09:30:25,4287.6,39619
2021-06-04 09:30:26,4287.6,39690
2021-06-04 09:30:27,4287.6,39690
2021-06-04 09:30:28,4287.6,39690
2021-06-04 09:30:29,4287.6,39690
2021-06-04 09:30:30,4287.6,39690
2021-06-04 09:30:31,4289.0,39693
2021-06-04 09:30:32,4287.95,39719
2021-06-04 09:30:33,4285.15,39802
2021-06-04 09:30:34,4285.2,39808
2021-06-04 09:30:35,4287.7,39813
2021-06-04 09:30:36,4288.25,39820
2021-06-04 09:30:37,4287.8,39827
2021-06-04 09:30:38,4287.8,39827
2021-06-04 09:30:39,4288.0,39931
2021-06-04 09:30:40,4288.0,39931
2021-06-04 09:30:41,4285.7,39941
2021-06-04 09:30:43,4288.2,39980
2021-06-04 09:30:45,4288.2,39980
2021-06-04 09:30:46,4287.95,39990
2021-06-04 09:30:47,4287.95,39992
2021-06-04 09:30:49,4287.95,39992
2021-06-04 09:30:50,4287.95,39992
2021-06-04 09:30:51,4288.4,40042
2021-06-04 09:30:52,4286.05,40076
2021-06-04 09:30:53,4285.5,40125
2021-06-04 09:30:54,4285.5,40125
2021-06-04 09:30:55,4287.9,40129
2021-06-04 09:30:56,4287.9,40129
2021-06-04 09:30:58,4287.9,40129
2021-06-04 09:30:59,4286.0,40131
2021-06-04 09:31:00,4286.0,40131
2021-06-04 09:31:01,4286.0,40135
2021-06-04 09:31:02,4286.0,40135
2021-06-04 09:31:03,4286.0,40135
2021-06-04 09:31:04,4287.9,40141
2021-06-04 09:31:06,4287.9,40141
2021-06-04 09:31:06,4287.5,40164
2021-06-04 09:31:07,4287.5,40164
2021-06-04 09:31:09,4287.85,40266
2021-06-04 09:31:10,4287.85,40266
2021-06-04 09:31:11,4286.05,40269
2021-06-04 09:31:12,4286.05,40270
2021-06-04 09:31:14,4287.85,40367
2021-06-04 09:31:15,4287.75,40419
2021-06-04 09:31:16,4287.75,40419
2021-06-04 09:31:17,4285.5,40493
2021-06-04 09:31:18,4285.5,40493
2021-06-04 09:31:19,4285.5,40493
2021-06-04 09:31:20,4286.0,40520
2021-06-04 09:31:22,4287.85,40524
2021-06-04 09:31:24,4287.9,40544
2021-06-04 09:31:25,4287.9,40544
2021-06-04 09:31:27,4286.0,40578
2021-06-04 09:31:28,4286.0,40578
2021-06-04 09:31:29,4286.0,40578
2021-06-04 09:31:30,4284.0,41086
2021-06-04 09:31:31,4283.6,41299
2021-06-04 09:31:31,4283.6,41299
2021-06-04 09:31:32,4283.55,41309
2021-06-04 09:31:33,4283.55,41309
2021-06-04 09:31:34,4283.15,41515
2021-06-04 09:31:35,4280.25,41570
2021-06-04 09:31:36,4280.25,41570
2021-06-04 09:31:37,4282.75,41579
2021-06-04 09:31:38,4282.75,41579
2021-06-04 09:31:39,4282.75,41579
2021-06-04 09:31:40,4282.75,41604
2021-06-04 09:31:41,4282.75,41604
2021-06-04 09:31:42,4282.8,41656
2021-06-04 09:31:43,4282.8,41656
2021-06-04 09:31:44,4282.8,41656
2021-06-04 09:31:45,4282.8,41656
2021-06-04 09:31:46,4282.8,41656
2021-06-04 09:31:48,4280.7,41672
2021-06-04 09:31:49,4280.0,42011
2021-06-04 09:31:50,4280.0,42011
2021-06-04 09:31:51,4278.0,42089
2021-06-04 09:31:51,4278.0,42089
2021-06-04 09:31:53,4281.15,42090
2021-06-04 09:31:53,4281.15,42090
2021-06-04 09:31:55,4281.1,42100
2021-06-04 09:31:56,4281.1,42100
2021-06-04 09:31:57,4281.5,42110
2021-06-04 09:31:58,4281.5,42110
2021-06-04 09:31:59,4282.8,42160
2021-06-04 09:32:00,4283.1,42162
2021-06-04 09:32:01,4283.1,42162
2021-06-04 09:32:02,4283.1,42162
2021-06-04 09:32:03,4281.5,42167
2021-06-04 09:32:05,4282.95,42221
2021-06-04 09:32:06,4282.95,42221
2021-06-04 09:32:06,4282.95,42222
2021-06-04 09:32:08,4281.5,42230
2021-06-04 09:32:09,4281.5,42230
2021-06-04 09:32:10,4281.5,42230
2021-06-04 09:32:12,4281.1,42253
2021-06-04 09:32:13,4281.1,42253
2021-06-04 09:32:14,4281.1,42253
2021-06-04 09:32:15,4281.5,42255
2021-06-04 09:32:16,4281.5,42255
2021-06-04 09:32:17,4281.5,42255
2021-06-04 09:32:18,4282.8,42256
2021-06-04 09:32:19,4281.5,42264
2021-06-04 09:32:20,4281.5,42264
2021-06-04 09:32:21,4282.8,42268
2021-06-04 09:32:22,4282.8,42268
2021-06-04 09:32:23,4281.5,42288
2021-06-04 09:32:24,4281.5,42290
2021-06-04 09:32:25,4281.5,42290
2021-06-04 09:32:26,4282.8,42300
2021-06-04 09:32:27,4281.5,42310
2021-06-04 09:32:28,4281.5,42311
2021-06-04 09:32:29,4281.0,42731
2021-06-04 09:32:30,4278.1,42844
2021-06-04 09:32:31,4278.1,42844
2021-06-04 09:32:32,4281.4,42849
2021-06-04 09:32:32,4281.4,42849
2021-06-04 09:32:34,4279.0,42857
2021-06-04 09:32:35,4279.0,42857
2021-06-04 09:32:35,4279.0,42857
2021-06-04 09:32:37,4279.0,42878
2021-06-04 09:32:38,4279.0,42878
2021-06-04 09:32:39,4279.0,42878
2021-06-04 09:32:40,4279.0,42878
2021-06-04 09:32:41,4279.0,42878
2021-06-04 09:32:42,4281.0,42883
2021-06-04 09:32:43,4281.0,42884
2021-06-04 09:32:44,4281.0,42885
2021-06-04 09:32:45,4281.0,42885
2021-06-04 09:32:46,4279.05,42898
2021-06-04 09:32:47,4279.05,42917
2021-06-04 09:32:48,4279.05,42917
2021-06-04 09:32:49,4279.05,42927
2021-06-04 09:32:50,4279.05,42927
2021-06-04 09:32:51,4278.0,43082
2021-06-04 09:32:52,4277.0,43144
2021-06-04 09:32:53,4277.0,43144
2021-06-04 09:32:54,4276.0,43203
2021-06-04 09:32:55,4276.0,43203
2021-06-04 09:32:56,4276.0,43203
2021-06-04 09:32:57,4276.0,43203
2021-06-04 09:32:58,4276.0,43203
2021-06-04 09:32:59,4279.05,43205
2021-06-04 09:33:00,4279.05,43205
2021-06-04 09:33:01,4276.5,43206
2021-06-04 09:33:02,4276.5,43206
2021-06-04 09:33:03,4276.5,43206
2021-06-04 09:33:04,4276.5,43206
2021-06-04 09:33:05,4276.0,43238
2021-06-04 09:33:06,4276.0,43238
2021-06-04 09:33:07,4277.95,43243
2021-06-04 09:33:08,4277.95,43243
2021-06-04 09:33:09,4277.95,43243
2021-06-04 09:33:09,4277.95,43243
2021-06-04 09:33:10,4276.0,43266
2021-06-04 09:33:11,4276.0,43266
2021-06-04 09:33:14,4276.0,43266
2021-06-04 09:33:15,4275.6,43271
2021-06-04 09:33:15,4275.6,43271
2021-06-04 09:33:17,4275.5,43321
2021-06-04 09:33:18,4275.5,43321
2021-06-04 09:33:19,4276.0,43447
2021-06-04 09:33:20,4276.0,43447
2021-06-04 09:33:21,4276.0,43553
2021-06-04 09:33:22,4276.0,43553
2021-06-04 09:33:23,4276.0,43553
2021-06-04 09:33:24,4276.0,43568
2021-06-04 09:33:25,4276.0,43568
2021-06-04 09:33:26,4276.0,43571
2021-06-04 09:33:26,4272.05,43990
2021-06-04 09:33:27,4271.2,44444
2021-06-04 09:33:28,4275.7,45124
2021-06-04 09:33:30,4272.0,45239
2021-06-04 09:33:30,4272.0,45239
2021-06-04 09:33:31,4272.0,45239
2021-06-04 09:33:32,4274.6,45241
2021-06-04 09:33:33,4274.0,45283
2021-06-04 09:33:34,4271.55,45294
2021-06-04 09:33:35,4271.6,45314
2021-06-04 09:33:36,4271.55,45323
2021-06-04 09:33:37,4274.1,45324
2021-06-04 09:33:38,4274.1,45337
2021-06-04 09:33:39,4274.1,45347
2021-06-04 09:33:40,4274.1,45347
2021-06-04 09:33:41,4274.1,45347
2021-06-04 09:33:43,4271.55,45351
2021-06-04 09:33:44,4271.55,45366
2021-06-04 09:33:45,4271.55,45366
2021-06-04 09:33:46,4271.45,45371
2021-06-04 09:33:47,4271.2,45383
2021-06-04 09:33:47,4271.2,45383
2021-06-04 09:33:48,4272.0,45399
2021-06-04 09:33:50,4273.95,45414
2021-06-04 09:33:51,4273.95,45414
2021-06-04 09:33:52,4273.95,45414
2021-06-04 09:33:53,4273.95,45415
2021-06-04 09:33:54,4273.95,45420
2021-06-04 09:33:55,4273.95,45420
2021-06-04 09:33:56,4273.95,45420
2021-06-04 09:33:57,4273.95,45420
2021-06-04 09:33:58,4273.95,45420
2021-06-04 09:33:59,4273.95,45431
2021-06-04 09:34:00,4273.95,45431
2021-06-04 09:34:01,4273.95,45436
2021-06-04 09:34:02,4271.0,46121
2021-06-04 09:34:03,4271.0,46121
2021-06-04 09:34:04,4271.0,46121
2021-06-04 09:34:05,4272.1,46361
2021-06-04 09:34:06,4271.3,46507
2021-06-04 09:34:07,4270.0,46527
2021-06-04 09:34:08,4270.0,46527
2021-06-04 09:34:09,4272.0,46547
2021-06-04 09:34:10,4271.25,46595
2021-06-04 09:34:11,4272.05,46620
2021-06-04 09:34:12,4271.7,46673
2021-06-04 09:34:13,4271.8,46674
2021-06-04 09:34:14,4271.8,46674
2021-06-04 09:34:15,4271.8,46674
2021-06-04 09:34:16,4271.8,46675
2021-06-04 09:34:17,4271.8,46680
2021-06-04 09:34:18,4271.8,46680
2021-06-04 09:34:18,4271.8,46680
2021-06-04 09:34:20,4271.8,46681
2021-06-04 09:34:21,4271.8,46683
2021-06-04 09:34:23,4270.1,46700
2021-06-04 09:34:24,4270.05,46733
2021-06-04 09:34:25,4270.05,46733
2021-06-04 09:34:26,4270.05,46733
2021-06-04 09:34:27,4270.05,46733
2021-06-04 09:34:28,4270.0,46739
2021-06-04 09:34:29,4270.0,46778
2021-06-04 09:34:30,4270.0,46779
2021-06-04 09:34:31,4270.0,46779
2021-06-04 09:34:32,4270.0,46779
2021-06-04 09:34:33,4270.0,46779
2021-06-04 09:34:34,4270.0,46781
2021-06-04 09:34:35,4270.0,46807
2021-06-04 09:34:36,4270.0,46815
2021-06-04 09:34:37,4270.0,46815
2021-06-04 09:34:38,4270.0,46815
2021-06-04 09:34:39,4270.0,46815
2021-06-04 09:34:40,4270.0,46886
2021-06-04 09:34:40,4270.0,46871
2021-06-04 09:34:42,4270.0,46903
2021-06-04 09:34:43,4270.0,46959
2021-06-04 09:34:43,4270.0,46959
2021-06-04 09:34:45,4270.0,46959
2021-06-04 09:34:46,4270.0,46959
2021-06-04 09:34:47,4270.0,46959
2021-06-04 09:34:48,4270.0,46959
2021-06-04 09:34:49,4271.8,46964
2021-06-04 09:34:51,4271.8,46964
2021-06-04 09:34:52,4271.8,46964
2021-06-04 09:34:53,4271.8,46999
2021-06-04 09:34:54,4271.8,46999
2021-06-04 09:34:55,4271.8,46999
2021-06-04 09:34:56,4271.8,46999
2021-06-04 09:34:57,4271.8,46999
2021-06-04 09:34:58,4271.8,46999
2021-06-04 09:34:59,4272.4,47004
2021-06-04 09:35:00,4273.2,47051
2021-06-04 09:35:01,4273.2,47051
2021-06-04 09:35:02,4270.0,47511
2021-06-04 09:35:03,4270.0,47609
2021-06-04 09:35:04,4270.0,47618
2021-06-04 09:35:05,4273.4,47835
2021-06-04 09:35:06,4273.4,47835
2021-06-04 09:35:07,4271.8,47836
2021-06-04 09:35:07,4271.8,47836
2021-06-04 09:35:08,4271.8,47839
2021-06-04 09:35:10,4273.55,47843
2021-06-04 09:35:11,4273.2,47844
2021-06-04 09:35:11,4273.55,47843
2021-06-04 09:35:12,4273.2,47844
2021-06-04 09:35:13,4273.2,47844
2021-06-04 09:35:14,4273.2,47844
2021-06-04 09:35:16,4273.2,47844
2021-06-04 09:35:17,4273.2,47844
2021-06-04 09:35:18,4272.25,47880
2021-06-04 09:35:19,4272.0,47928
2021-06-04 09:35:20,4272.0,47928
2021-06-04 09:35:21,4272.0,47928
2021-06-04 09:35:22,4272.0,47928
2021-06-04 09:35:23,4272.0,47928
2021-06-04 09:35:24,4272.0,47928
2021-06-04 09:35:25,4273.55,47934
2021-06-04 09:35:26,4273.55,47934
2021-06-04 09:35:27,4273.55,47934
2021-06-04 09:35:28,4273.55,47939
2021-06-04 09:35:29,4273.55,47939
2021-06-04 09:35:30,4273.55,47939
2021-06-04 09:35:31,4273.55,47939
2021-06-04 09:35:32,4273.55,47944
2021-06-04 09:35:33,4273.55,47944
2021-06-04 09:35:34,4272.0,47971
2021-06-04 09:35:35,4271.0,47982
2021-06-04 09:35:36,4271.0,47982
2021-06-04 09:35:37,4271.0,48013
2021-06-04 09:35:38,4271.0,48013
2021-06-04 09:35:39,4271.0,48013
2021-06-04 09:35:40,4271.0,48013
2021-06-04 09:35:42,4272.0,48014
2021-06-04 09:35:41,4271.0,48013
2021-06-04 09:35:43,4273.5,48028
2021-06-04 09:35:44,4273.5,48028
2021-06-04 09:35:45,4273.5,48028
2021-06-04 09:35:46,4273.5,48028
2021-06-04 09:35:47,4273.5,48028
2021-06-04 09:35:48,4273.5,48028
2021-06-04 09:35:49,4273.5,48028
2021-06-04 09:35:50,4273.5,48028
2021-06-04 09:35:52,4273.5,48028
2021-06-04 09:35:53,4273.5,48028
2021-06-04 09:35:54,4273.5,48028
2021-06-04 09:35:55,4272.0,48086
2021-06-04 09:35:56,4271.15,48089
2021-06-04 09:35:57,4271.15,48089
2021-06-04 09:35:58,4271.15,48089
2021-06-04 09:35:58,4271.15,48089
2021-06-04 09:36:00,4273.5,48150
2021-06-04 09:36:01,4271.1,48189
2021-06-04 09:36:02,4271.05,48192
2021-06-04 09:36:03,4271.05,48192
2021-06-04 09:36:04,4271.05,48192
2021-06-04 09:36:05,4271.05,48192
2021-06-04 09:36:06,4271.05,48192
2021-06-04 09:36:08,4271.05,48192
2021-06-04 09:36:10,4271.05,48192
2021-06-04 09:36:11,4271.9,48194
2021-06-04 09:36:12,4271.9,48194
2021-06-04 09:36:12,4271.9,48194
2021-06-04 09:36:14,4271.0,48225
2021-06-04 09:36:15,4271.0,48225
2021-06-04 09:36:15,4271.0,48225
2021-06-04 09:36:17,4271.0,48236
2021-06-04 09:36:18,4271.0,48236
2021-06-04 09:36:19,4271.0,48356
2021-06-04 09:36:20,4271.0,48356
2021-06-04 09:36:21,4271.05,48376
2021-06-04 09:36:22,4271.05,48377
2021-06-04 09:36:23,4271.05,48377
2021-06-04 09:36:24,4271.05,48377
2021-06-04 09:36:25,4272.0,48477
2021-06-04 09:36:27,4270.0,48658
2021-06-04 09:36:28,4272.0,48659
2021-06-04 09:36:29,4272.0,48659
2021-06-04 09:36:30,4272.0,48659
2021-06-04 09:36:31,4272.0,48659
2021-06-04 09:36:32,4271.05,48661
2021-06-04 09:36:33,4271.05,48686
2021-06-04 09:36:34,4270.0,48718
2021-06-04 09:36:35,4270.0,48718
2021-06-04 09:36:36,4270.0,48718
2021-06-04 09:36:37,4270.0,48718
2021-06-04 09:36:38,4270.0,48718
2021-06-04 09:36:39,4270.0,48718
2021-06-04 09:36:40,4270.0,48718
2021-06-04 09:36:41,4270.0,48718
2021-06-04 09:36:42,4270.0,48718
2021-06-04 09:36:43,4270.0,48731
2021-06-04 09:36:44,4270.0,48731
2021-06-04 09:36:45,4270.0,48731
2021-06-04 09:36:46,4270.0,48741
2021-06-04 09:36:47,4270.0,48753
2021-06-04 09:36:48,4270.0,48753
2021-06-04 09:36:49,4270.0,48842
2021-06-04 09:36:50,4271.0,48844
2021-06-04 09:36:51,4271.0,48844
2021-06-04 09:36:52,4266.45,49275
2021-06-04 09:36:54,4267.8,49437
2021-06-04 09:36:53,4267.8,49437
2021-06-04 09:36:55,4270.0,49687
2021-06-04 09:36:56,4265.8,49789
2021-06-04 09:36:57,4265.8,49789
2021-06-04 09:36:59,4265.0,50139
2021-06-04 09:37:00,4265.0,50139
2021-06-04 09:37:01,4265.0,50139
2021-06-04 09:37:02,4265.0,50139
2021-06-04 09:37:03,4269.2,50489
2021-06-04 09:37:04,4269.2,50489
2021-06-04 09:37:05,4266.75,50551
2021-06-04 09:37:06,4266.75,50551
2021-06-04 09:37:07,4266.75,50551
2021-06-04 09:37:08,4266.75,50551
2021-06-04 09:37:09,4266.75,50551
2021-06-04 09:37:10,4266.7,50561
2021-06-04 09:37:11,4266.75,50593
2021-06-04 09:37:12,4266.75,50593
2021-06-04 09:37:13,4266.75,50596
2021-06-04 09:37:14,4266.75,50596
2021-06-04 09:37:15,4266.1,50686
2021-06-04 09:37:16,4266.75,50696
2021-06-04 09:37:17,4266.75,50696
2021-06-04 09:37:18,4266.75,50696
2021-06-04 09:37:19,4266.75,50696
2021-06-04 09:37:20,4265.45,50703
2021-06-04 09:37:21,4265.45,50703
2021-06-04 09:37:22,4265.55,50708
2021-06-04 09:37:23,4265.55,50708
2021-06-04 09:37:24,4266.85,50721
2021-06-04 09:37:25,4266.85,50721
2021-06-04 09:37:26,4266.85,50721
2021-06-04 09:37:27,4266.75,50741
2021-06-04 09:37:28,4266.75,50741
2021-06-04 09:37:29,4266.75,50741
2021-06-04 09:37:30,4266.75,50782
2021-06-04 09:37:31,4266.75,50823
2021-06-04 09:37:32,4266.85,50927
2021-06-04 09:37:34,4268.0,50952
2021-06-04 09:37:33,4266.85,50927
2021-06-04 09:37:35,4268.0,50952
2021-06-04 09:37:36,4268.0,50952
2021-06-04 09:37:37,4267.0,50962
2021-06-04 09:37:38,4267.0,50962
2021-06-04 09:37:39,4267.0,50972
2021-06-04 09:37:40,4267.0,50972
2021-06-04 09:37:41,4267.0,50972
2021-06-04 09:37:42,4267.0,50972
2021-06-04 09:37:43,4267.0,50972
2021-06-04 09:37:44,4267.0,50972
2021-06-04 09:37:45,4267.0,50972
2021-06-04 09:37:46,4267.0,50972
2021-06-04 09:37:47,4267.0,50972
2021-06-04 09:37:48,4267.0,50972
2021-06-04 09:37:49,4267.0,51004
2021-06-04 09:37:50,4267.0,51004
2021-06-04 09:37:51,4267.0,51004
2021-06-04 09:37:52,4267.0,51004
2021-06-04 09:37:53,4267.0,51004
2021-06-04 09:37:54,4267.0,51004
2021-06-04 09:37:55,4267.0,51004
2021-06-04 09:37:56,4267.0,51004
2021-06-04 09:37:57,4267.5,51005
2021-06-04 09:37:58,4267.5,51006
2021-06-04 09:37:59,4267.5,51006
2021-06-04 09:38:00,4267.1,51008
2021-06-04 09:38:01,4267.1,51008
2021-06-04 09:38:02,4267.5,51017
2021-06-04 09:38:03,4267.5,51052
2021-06-04 09:38:04,4268.0,51097
2021-06-04 09:38:05,4268.0,51097
2021-06-04 09:38:06,4268.0,51097
2021-06-04 09:38:07,4267.3,51228
2021-06-04 09:38:08,4267.0,51336
2021-06-04 09:38:09,4266.85,51379
2021-06-04 09:38:10,4266.85,51394
2021-06-04 09:38:11,4266.85,51394
2021-06-04 09:38:12,4266.85,51394
2021-06-04 09:38:13,4266.85,51394
2021-06-04 09:38:14,4266.75,51399
2021-06-04 09:38:15,4266.75,51399
2021-06-04 09:38:16,4266.5,51409
2021-06-04 09:38:17,4266.5,51409
2021-06-04 09:38:18,4266.5,51409
2021-06-04 09:38:19,4266.5,51409
2021-06-04 09:38:20,4266.0,51410
2021-06-04 09:38:21,4266.0,51410
2021-06-04 09:38:22,4266.0,51410
2021-06-04 09:38:23,4266.25,51415
2021-06-04 09:38:24,4266.25,51416
2021-06-04 09:38:25,4266.25,51416
2021-06-04 09:38:26,4265.75,51446
2021-06-04 09:38:27,4265.75,51473
2021-06-04 09:38:28,4265.55,51474
2021-06-04 09:38:29,4265.55,51474
2021-06-04 09:38:30,4265.55,51474
2021-06-04 09:38:31,4265.55,51474
2021-06-04 09:38:32,4265.2,51478
2021-06-04 09:38:33,4265.2,51478
2021-06-04 09:38:34,4265.2,51478
2021-06-04 09:38:35,4265.2,51478
2021-06-04 09:38:36,4265.2,51488
2021-06-04 09:38:37,4265.2,51488
2021-06-04 09:38:38,4265.35,51489
2021-06-04 09:38:39,4265.35,51489
2021-06-04 09:38:40,4266.0,51514
2021-06-04 09:38:41,4266.0,51514
2021-06-04 09:38:42,4265.0,51614
2021-06-04 09:38:43,4265.0,51656
2021-06-04 09:38:44,4266.0,51671
2021-06-04 09:38:45,4266.0,51680
2021-06-04 09:38:46,4265.0,51711
2021-06-04 09:38:47,4265.0,51711
2021-06-04 09:38:48,4265.0,51711
2021-06-04 09:38:49,4265.8,52210
2021-06-04 09:38:50,4263.0,52308
2021-06-04 09:38:51,4263.0,52308
2021-06-04 09:38:52,4263.0,52308
2021-06-04 09:38:53,4263.0,52308
2021-06-04 09:38:54,4263.0,52308
2021-06-04 09:38:56,4262.1,52342
2021-06-04 09:38:57,4262.0,52343
2021-06-04 09:38:58,4264.65,52458
2021-06-04 09:38:59,4264.65,52458
2021-06-04 09:39:00,4264.65,52458
2021-06-04 09:39:01,4264.65,52458
2021-06-04 09:39:02,4264.65,52458
2021-06-04 09:39:03,4264.65,52458
2021-06-04 09:39:04,4264.65,52458
2021-06-04 09:39:05,4263.0,52489
2021-06-04 09:39:06,4263.0,52489
2021-06-04 09:39:07,4263.0,52489
2021-06-04 09:39:09,4263.0,52489
2021-06-04 09:39:10,4264.0,52492
2021-06-04 09:39:10,4264.0,52492
2021-06-04 09:39:11,4264.0,52493
2021-06-04 09:39:12,4264.0,52493
2021-06-04 09:39:13,4263.0,52513
2021-06-04 09:39:14,4263.0,52513
2021-06-04 09:39:15,4262.85,52563
2021-06-04 09:39:16,4262.85,52563
2021-06-04 09:39:17,4262.1,52608
2021-06-04 09:39:18,4263.0,52611
2021-06-04 09:39:19,4262.1,52616
2021-06-04 09:39:20,4262.1,52616
2021-06-04 09:39:22,4262.1,52626
2021-06-04 09:39:22,4262.1,52626
2021-06-04 09:39:23,4260.0,53846
2021-06-04 09:39:24,4260.05,53983
2021-06-04 09:39:25,4260.0,54016
2021-06-04 09:39:26,4260.0,54016
2021-06-04 09:39:27,4261.3,54026
2021-06-04 09:39:28,4261.3,54027
2021-06-04 09:39:29,4261.3,54027
2021-06-04 09:39:30,4261.3,54028
2021-06-04 09:39:31,4261.3,54038
2021-06-04 09:39:32,4261.0,54063
2021-06-04 09:39:33,4260.1,54080
2021-06-04 09:39:34,4261.0,54158
2021-06-04 09:39:37,4261.0,54158
2021-06-04 09:39:38,4261.0,54163
2021-06-04 09:39:39,4260.9,54173
2021-06-04 09:39:40,4260.9,54173
2021-06-04 09:39:41,4260.3,54198
2021-06-04 09:39:41,4260.9,54200
2021-06-04 09:39:42,4260.9,54200
2021-06-04 09:39:43,4260.9,54200
2021-06-04 09:39:44,4259.7,54321
2021-06-04 09:39:45,4257.55,54399
2021-06-04 09:39:46,4257.4,54415
2021-06-04 09:39:47,4258.0,54425
2021-06-04 09:39:48,4258.0,54425
2021-06-04 09:39:50,4257.9,54435
2021-06-04 09:39:50,4257.9,54436
2021-06-04 09:39:52,4257.9,54436
2021-06-04 09:39:52,4257.0,54446
2021-06-04 09:39:53,4257.0,54486
2021-06-04 09:39:54,4258.0,54755
2021-06-04 09:39:55,4258.0,54755
2021-06-04 09:39:56,4258.0,54759
2021-06-04 09:39:57,4259.95,54860
2021-06-04 09:39:58,4259.95,54861
2021-06-04 09:40:01,4259.75,54961
2021-06-04 09:40:02,4257.9,54968
2021-06-04 09:40:03,4257.25,55050
2021-06-04 09:40:03,4257.25,55050
2021-06-04 09:40:04,4258.0,55071
2021-06-04 09:40:05,4258.0,55079
2021-06-04 09:40:06,4258.0,55089
2021-06-04 09:40:08,4259.95,55099
2021-06-04 09:40:09,4258.0,55101
2021-06-04 09:40:10,4258.0,55101
2021-06-04 09:40:12,4258.0,55101
2021-06-04 09:40:12,4258.0,55101
2021-06-04 09:40:14,4258.0,55101
2021-06-04 09:40:14,4258.0,55101
2021-06-04 09:40:15,4258.0,55101
2021-06-04 09:40:16,4258.0,55101
2021-06-04 09:40:17,4259.0,55131
2021-06-04 09:40:18,4259.0,55131
2021-06-04 09:40:19,4259.95,55132
2021-06-04 09:40:20,4259.95,55132
2021-06-04 09:40:21,4259.0,55163
2021-06-04 09:40:22,4259.0,55178
2021-06-04 09:40:23,4259.0,55178
2021-06-04 09:40:24,4259.0,55178
2021-06-04 09:40:25,4259.0,55178
2021-06-04 09:40:26,4259.0,55189
2021-06-04 09:40:27,4259.9,55190
2021-06-04 09:40:28,4259.95,55195
2021-06-04 09:40:29,4259.95,55195
2021-06-04 09:40:30,4259.95,55195
2021-06-04 09:40:31,4259.95,55216
2021-06-04 09:40:32,4259.95,55216
2021-06-04 09:40:33,4259.95,55268
2021-06-04 09:40:34,4259.0,55328
2021-06-04 09:40:35,4259.0,55328
2021-06-04 09:40:36,4259.0,55328
2021-06-04 09:40:38,4259.0,55328
2021-06-04 09:40:39,4259.95,55332
2021-06-04 09:40:40,4259.0,55343
2021-06-04 09:40:41,4258.25,55348
2021-06-04 09:40:42,4258.25,55348
2021-06-04 09:40:43,4258.0,55379
2021-06-04 09:40:44,4258.0,55379
2021-06-04 09:40:45,4258.0,55808
2021-06-04 09:40:46,4259.0,55833
2021-06-04 09:40:47,4259.9,55867
2021-06-04 09:40:48,4258.5,55896
2021-06-04 09:40:49,4258.5,55896
2021-06-04 09:40:51,4258.5,55896
2021-06-04 09:40:51,4258.5,55896
2021-06-04 09:40:52,4258.5,55896
2021-06-04 09:40:53,4258.5,55896
2021-06-04 09:40:54,4259.95,55936
2021-06-04 09:40:55,4259.95,55936
2021-06-04 09:40:58,4259.95,55936
2021-06-04 09:40:59,4259.95,55936
2021-06-04 09:41:00,4258.5,55947
2021-06-04 09:41:00,4258.5,55947
2021-06-04 09:41:01,4258.0,55973
2021-06-04 09:41:02,4258.0,55973
2021-06-04 09:41:04,4259.7,56023
2021-06-04 09:41:04,4259.7,56023
2021-06-04 09:41:05,4259.7,56033
2021-06-04 09:41:06,4259.7,56033
2021-06-04 09:41:07,4259.7,56033
2021-06-04 09:41:08,4259.7,56033
2021-06-04 09:41:09,4259.7,56033
2021-06-04 09:41:10,4259.7,56033
2021-06-04 09:41:11,4259.7,56034
2021-06-04 09:41:12,4259.9,56066
2021-06-04 09:41:14,4259.9,56066
2021-06-04 09:41:15,4259.7,56067
2021-06-04 09:41:16,4259.0,56089
2021-06-04 09:41:17,4259.0,56089
2021-06-04 09:41:18,4259.0,56121
2021-06-04 09:41:19,4259.0,56168
2021-06-04 09:41:20,4259.0,56178
2021-06-04 09:41:22,4259.0,56180
2021-06-04 09:41:23,4259.7,56217
2021-06-04 09:41:24,4259.7,56217
2021-06-04 09:41:25,4259.7,56222
2021-06-04 09:41:26,4259.7,56222
2021-06-04 09:41:26,4258.8,56227
2021-06-04 09:41:28,4258.55,56229
2021-06-04 09:41:28,4258.55,56233
2021-06-04 09:41:29,4258.55,56233
2021-06-04 09:41:30,4258.55,56233
2021-06-04 09:41:32,4258.5,56283
2021-06-04 09:41:32,4258.5,56283
2021-06-04 09:41:33,4259.7,56344
2021-06-04 09:41:35,4259.7,56345
2021-06-04 09:41:37,4259.7,56345
2021-06-04 09:41:38,4258.5,56381
2021-06-04 09:41:39,4258.5,56391
2021-06-04 09:41:40,4258.5,56391
2021-06-04 09:41:41,4259.7,56461
2021-06-04 09:41:42,4259.7,56461
2021-06-04 09:41:43,4259.7,56461
2021-06-04 09:41:45,4259.7,56473
2021-06-04 09:41:45,4259.7,56473
2021-06-04 09:41:47,4259.7,56473
2021-06-04 09:41:48,4259.7,56473
2021-06-04 09:41:49,4260.1,57088
2021-06-04 09:41:50,4260.15,57133
2021-06-04 09:41:51,4260.05,57218
2021-06-04 09:41:52,4261.65,57248
2021-06-04 09:41:53,4261.65,57248
2021-06-04 09:41:54,4261.2,57258
2021-06-04 09:41:56,4259.6,57295
2021-06-04 09:41:57,4259.6,57295
2021-06-04 09:41:58,4259.6,57295
2021-06-04 09:41:59,4259.6,57295
2021-06-04 09:42:00,4259.6,57295
2021-06-04 09:42:02,4259.6,57295
2021-06-04 09:42:03,4259.6,57295
2021-06-04 09:42:04,4261.0,57345
2021-06-04 09:42:05,4261.0,57345
2021-06-04 09:42:06,4261.0,57345
2021-06-04 09:42:07,4261.0,57395
2021-06-04 09:42:08,4261.0,57395
2021-06-04 09:42:09,4261.0,57395
2021-06-04 09:42:09,4261.0,57395
2021-06-04 09:42:10,4260.0,57400
2021-06-04 09:42:11,4261.0,57447
2021-06-04 09:42:12,4261.0,57447
2021-06-04 09:42:14,4266.0,57801
2021-06-04 09:42:15,4266.0,57801
2021-06-04 09:42:16,4262.15,57832
2021-06-04 09:42:17,4262.15,57832
2021-06-04 09:42:18,4262.15,57832
2021-06-04 09:42:18,4265.5,57837
2021-06-04 09:42:20,4265.5,57837
2021-06-04 09:42:20,4265.5,57837
2021-06-04 09:42:22,4265.45,57847
2021-06-04 09:42:23,4265.45,57847
2021-06-04 09:42:24,4265.45,57847
2021-06-04 09:42:24,4265.45,57847
2021-06-04 09:42:25,4265.1,57848
2021-06-04 09:42:28,4265.0,57850
2021-06-04 09:42:29,4265.0,57850
2021-06-04 09:42:30,4265.0,57855
2021-06-04 09:42:31,4265.0,57856
2021-06-04 09:42:32,4264.85,57858
2021-06-04 09:42:33,4262.55,57860
2021-06-04 09:42:34,4262.55,57860
2021-06-04 09:42:35,4262.55,57883
2021-06-04 09:42:36,4262.55,57961
2021-06-04 09:42:37,4262.55,57961
2021-06-04 09:42:38,4262.4,57971
2021-06-04 09:42:39,4262.4,57971
2021-06-04 09:42:40,4262.4,57971
2021-06-04 09:42:41,4262.4,57972
2021-06-04 09:42:41,4262.4,57992
2021-06-04 09:42:44,4262.4,58000
2021-06-04 09:42:45,4261.0,58001
2021-06-04 09:42:46,4261.0,58001
2021-06-04 09:42:47,4262.4,58002
2021-06-04 09:42:48,4262.4,58002
2021-06-04 09:42:49,4262.45,58027
2021-06-04 09:42:50,4262.45,58038
2021-06-04 09:42:50,4262.45,58038
2021-06-04 09:42:51,4263.4,58088
2021-06-04 09:42:52,4263.4,58088
2021-06-04 09:42:53,4262.4,58097
2021-06-04 09:42:54,4262.4,58097
2021-06-04 09:42:55,4261.0,58120
2021-06-04 09:42:56,4262.45,58122
2021-06-04 09:42:57,4261.0,58142
2021-06-04 09:42:58,4261.0,58142
2021-06-04 09:42:59,4261.0,58142
2021-06-04 09:43:01,4261.0,58144
2021-06-04 09:43:02,4261.0,58144
2021-06-04 09:43:04,4261.0,58144
2021-06-04 09:43:05,4261.0,58144
2021-06-04 09:43:06,4261.0,58144
2021-06-04 09:43:07,4262.4,58154
2021-06-04 09:43:09,4262.4,58158
2021-06-04 09:43:10,4262.4,58255
2021-06-04 09:43:10,4262.4,58255
2021-06-04 09:43:12,4262.4,58261
2021-06-04 09:43:12,4261.0,58262
2021-06-04 09:43:14,4261.0,58361
2021-06-04 09:43:15,4261.0,58387
2021-06-04 09:43:16,4261.0,58387
2021-06-04 09:43:17,4261.0,58387
2021-06-04 09:43:18,4261.0,58387
2021-06-04 09:43:19,4261.0,58387
2021-06-04 09:43:20,4261.0,58387
2021-06-04 09:43:21,4261.0,58387
2021-06-04 09:43:22,4262.4,58389
2021-06-04 09:43:23,4262.4,58389
2021-06-04 09:43:24,4262.4,58398
2021-06-04 09:43:25,4262.4,58399
2021-06-04 09:43:26,4262.45,58431
2021-06-04 09:43:27,4262.45,58439
2021-06-04 09:43:28,4262.4,58449
2021-06-04 09:43:29,4262.4,58456
2021-06-04 09:43:31,4261.05,58518
2021-06-04 09:43:32,4262.4,58533
2021-06-04 09:43:33,4261.7,58548
2021-06-04 09:43:34,4261.7,58548
2021-06-04 09:43:35,4262.0,58601
2021-06-04 09:43:36,4262.0,58601
2021-06-04 09:43:37,4262.0,58604
2021-06-04 09:43:38,4262.0,58604
2021-06-04 09:43:39,4262.0,58604
2021-06-04 09:43:40,4262.0,58624
2021-06-04 09:43:41,4262.0,58624
2021-06-04 09:43:42,4262.0,58624
2021-06-04 09:43:44,4262.0,58624
2021-06-04 09:43:45,4262.0,58624
2021-06-04 09:43:46,4262.0,58624
2021-06-04 09:43:47,4262.0,58624
2021-06-04 09:43:48,4262.0,58624
2021-06-04 09:43:49,4262.0,58624
2021-06-04 09:43:50,4262.0,58624
2021-06-04 09:43:51,4261.05,58634
2021-06-04 09:43:52,4261.05,58634
2021-06-04 09:43:53,4261.0,58655
2021-06-04 09:43:54,4261.0,58655
2021-06-04 09:43:55,4261.0,58655
2021-06-04 09:43:56,4261.0,58655
2021-06-04 09:43:57,4261.0,58655
2021-06-04 09:43:57,4261.0,58655
2021-06-04 09:43:59,4261.0,58655
2021-06-04 09:44:00,4261.0,58657
2021-06-04 09:44:01,4261.0,58657
2021-06-04 09:44:02,4261.0,58657
2021-06-04 09:44:03,4261.0,58672
2021-06-04 09:44:04,4261.0,58672
2021-06-04 09:44:05,4261.0,58684
2021-06-04 09:44:06,4261.0,58684
2021-06-04 09:44:07,4261.0,58684
2021-06-04 09:44:08,4261.0,58684
2021-06-04 09:44:09,4260.9,58709
2021-06-04 09:44:10,4261.0,58859
2021-06-04 09:44:11,4261.0,58880
2021-06-04 09:44:12,4261.0,58880
2021-06-04 09:44:13,4261.0,58880
2021-06-04 09:44:14,4261.0,58880
2021-06-04 09:44:15,4261.0,58898
2021-06-04 09:44:16,4261.0,58898
2021-06-04 09:44:17,4261.0,58899
2021-06-04 09:44:18,4261.0,58899
2021-06-04 09:44:19,4258.95,59181
2021-06-04 09:44:20,4258.95,59181
2021-06-04 09:44:21,4258.95,59181
2021-06-04 09:44:22,4258.95,59181
2021-06-04 09:44:23,4258.95,59181
2021-06-04 09:44:24,4258.95,59181
2021-06-04 09:44:25,4260.3,59191
2021-06-04 09:44:26,4260.3,59191
2021-06-04 09:44:27,4260.3,59202
2021-06-04 09:44:28,4260.3,59202
2021-06-04 09:44:29,4260.9,59333
2021-06-04 09:44:30,4260.9,59333
2021-06-04 09:44:31,4260.9,59333
2021-06-04 09:44:32,4258.0,59619
2021-06-04 09:44:33,4259.85,59634
2021-06-04 09:44:34,4259.85,59634
2021-06-04 09:44:35,4259.85,59634
2021-06-04 09:44:36,4259.85,59634
2021-06-04 09:44:37,4259.85,59634
2021-06-04 09:44:38,4259.85,59634
2021-06-04 09:44:38,4259.85,59634
2021-06-04 09:44:39,4259.85,59634
2021-06-04 09:44:40,4258.5,59635
2021-06-04 09:44:41,4258.0,59645
2021-06-04 09:44:42,4258.0,59670
2021-06-04 09:44:46,4258.1,59671
2021-06-04 09:44:47,4258.0,59703
2021-06-04 09:44:48,4258.0,59728
2021-06-04 09:44:49,4258.0,59728
2021-06-04 09:44:51,4258.05,59730
2021-06-04 09:44:52,4258.0,59760
2021-06-04 09:44:53,4257.5,60200
2021-06-04 09:44:54,4257.5,60200
2021-06-04 09:44:55,4257.95,60247
2021-06-04 09:44:56,4257.55,60248
2021-06-04 09:44:57,4257.55,60248
2021-06-04 09:44:57,4257.55,60248
2021-06-04 09:44:58,4257.3,60348
2021-06-04 09:45:02,4258.05,60427
2021-06-04 09:45:05,4258.05,60427
2021-06-04 09:45:06,4258.5,60430
2021-06-04 09:45:07,4258.5,60461
2021-06-04 09:45:08,4259.85,60481
2021-06-04 09:45:09,4259.85,60481
2021-06-04 09:45:10,4259.85,60481
2021-06-04 09:45:11,4259.85,60481
2021-06-04 09:45:12,4259.85,60481
2021-06-04 09:45:13,4258.55,60515
2021-06-04 09:45:14,4258.55,60515
2021-06-04 09:45:15,4259.85,60536
2021-06-04 09:45:15,4259.85,60536
2021-06-04 09:45:17,4259.85,60536
2021-06-04 09:45:18,4259.85,60536
2021-06-04 09:45:20,4259.85,60536
2021-06-04 09:45:21,4259.85,60536
2021-06-04 09:45:22,4259.85,60536
2021-06-04 09:45:23,4259.85,60536
2021-06-04 09:45:24,4259.85,60536
2021-06-04 09:45:25,4259.85,60536
2021-06-04 09:45:26,4258.55,60578
2021-06-04 09:45:27,4258.5,60644
2021-06-04 09:45:28,4258.5,61541
2021-06-04 09:45:29,4257.4,61587
2021-06-04 09:45:30,4257.4,61587
2021-06-04 09:45:31,4257.4,61587
2021-06-04 09:45:31,4257.4,61587
2021-06-04 09:45:32,4257.4,61587
2021-06-04 09:45:33,4257.4,61587
2021-06-04 09:45:34,4257.4,61587
2021-06-04 09:45:35,4258.55,61597
2021-06-04 09:45:37,4258.55,61597
2021-06-04 09:45:38,4258.55,61597
2021-06-04 09:45:39,4258.55,61597
2021-06-04 09:45:40,4258.55,61597
2021-06-04 09:45:41,4258.35,61598
2021-06-04 09:45:42,4258.35,61598
2021-06-04 09:45:43,4258.35,61598
2021-06-04 09:45:44,4258.15,61629
2021-06-04 09:45:45,4258.0,61665
2021-06-04 09:45:45,4258.0,61665
2021-06-04 09:45:46,4258.2,61712
2021-06-04 09:45:48,4258.2,61717
2021-06-04 09:45:49,4258.2,61717
2021-06-04 09:45:51,4258.55,61784
2021-06-04 09:45:52,4258.55,61784
2021-06-04 09:45:53,4258.1,61786
2021-06-04 09:45:54,4258.1,61786
2021-06-04 09:45:55,4258.1,61786
2021-06-04 09:45:56,4258.1,61786
2021-06-04 09:45:57,4258.1,61786
2021-06-04 09:45:58,4258.05,61822
2021-06-04 09:45:59,4260.0,61939
2021-06-04 09:46:00,4260.0,61939
2021-06-04 09:46:01,4260.0,61939
2021-06-04 09:46:06,4259.3,61975
2021-06-04 09:46:07,4259.3,61976
2021-06-04 09:46:08,4259.3,61976
2021-06-04 09:46:08,4259.3,61976
2021-06-04 09:46:10,4260.7,61996
2021-06-04 09:46:11,4259.3,61997
2021-06-04 09:46:12,4259.3,62012
2021-06-04 09:46:13,4260.7,62042
2021-06-04 09:46:14,4261.0,62092
2021-06-04 09:46:15,4261.0,62092
2021-06-04 09:46:16,4261.0,62092
2021-06-04 09:46:17,4261.0,62093
2021-06-04 09:46:18,4261.0,62095
2021-06-04 09:46:18,4261.0,62098
2021-06-04 09:46:20,4261.0,62098
2021-06-04 09:46:21,4259.3,62113
2021-06-04 09:46:21,4259.3,62113
2021-06-04 09:46:23,4259.0,62143
2021-06-04 09:46:24,4259.0,62143
2021-06-04 09:46:25,4259.0,62143
2021-06-04 09:46:26,4258.6,62150
2021-06-04 09:46:27,4258.6,62150
2021-06-04 09:46:28,4258.8,62160
2021-06-04 09:46:31,4259.0,62191
2021-06-04 09:46:32,4259.0,62191
2021-06-04 09:46:33,4259.0,62191
2021-06-04 09:46:37,4259.0,62215
2021-06-04 09:46:37,4259.0,62215
2021-06-04 09:46:38,4259.0,62215
2021-06-04 09:46:39,4260.0,62216
2021-06-04 09:46:41,4260.0,62226
2021-06-04 09:46:42,4260.0,62226
2021-06-04 09:46:43,4260.0,62227
2021-06-04 09:46:44,4259.0,62250
2021-06-04 09:46:48,4259.0,62264
2021-06-04 09:46:52,4259.0,62264
2021-06-04 09:46:59,4259.0,62383
2021-06-04 09:47:02,4259.05,62415
2021-06-04 09:47:06,4259.05,62415
2021-06-04 09:47:10,4259.05,62572
2021-06-04 09:47:13,4259.05,62572
2021-06-04 09:47:17,4258.5,62613
2021-06-04 09:47:24,4258.2,62680
2021-06-04 09:47:28,4258.15,62694
2021-06-04 09:47:32,4258.2,62794
2021-06-04 09:47:36,4258.1,62841
2021-06-04 09:47:40,4258.1,62873
2021-06-04 09:47:43,4257.9,63061
2021-06-04 09:47:51,4258.15,63136
2021-06-04 09:47:54,4258.15,63174
2021-06-04 09:47:58,4257.0,63205
2021-06-04 09:48:02,4258.0,63255
2021-06-04 09:48:06,4258.0,63255
2021-06-04 09:48:09,4258.15,63309
2021-06-04 09:48:12,4258.15,63356
2021-06-04 09:48:16,4258.15,63356
2021-06-04 09:48:20,4258.15,63392
2021-06-04 09:48:24,4258.15,63405
2021-06-04 09:48:27,4257.0,63610
2021-06-04 09:48:31,4257.0,63661
2021-06-04 09:48:35,4256.9,64301
2021-06-04 09:48:39,4256.75,64352
2021-06-04 09:48:43,4256.8,64371
2021-06-04 09:48:47,4255.2,64421
2021-06-04 09:48:51,4255.05,64467
2021-06-04 09:48:54,4252.4,65635
2021-06-04 09:48:58,4254.0,65845
2021-06-04 09:49:02,4252.0,65855
2021-06-04 09:49:05,4252.0,65878
2021-06-04 09:49:09,4251.0,66208
2021-06-04 09:49:13,4252.45,66435
2021-06-04 09:49:16,4252.0,66519
2021-06-04 09:49:20,4252.4,67142
2021-06-04 09:49:24,4251.05,67166
2021-06-04 09:49:27,4253.0,67242
2021-06-04 09:49:31,4253.0,67242
2021-06-04 09:49:35,4253.85,67348
2021-06-04 09:49:39,4254.0,67517
2021-06-04 09:49:46,4254.55,67565
2021-06-04 09:49:50,4252.7,67606
2021-06-04 09:49:53,4252.7,67606
2021-06-04 09:49:57,4251.65,67648
2021-06-04 09:50:00,4252.0,67673
2021-06-04 09:50:04,4252.0,67675
2021-06-04 09:50:08,4252.0,67812
2021-06-04 09:50:12,4251.0,68120
2021-06-04 09:50:16,4253.65,68321
2021-06-04 09:50:19,4249.0,69223
2021-06-04 09:50:23,4249.7,69367
2021-06-04 09:50:26,4248.0,69460
2021-06-04 09:50:30,4249.45,69530
2021-06-04 09:50:34,4249.8,69629
2021-06-04 09:50:37,4250.0,69778
2021-06-04 09:50:41,4249.2,70039
2021-06-04 09:50:44,4249.85,70153
2021-06-04 09:50:48,4250.1,70279
2021-06-04 09:50:51,4250.0,70316
2021-06-04 09:50:55,4250.0,70379
2021-06-04 09:51:02,4250.0,70424
2021-06-04 09:51:05,4251.3,70449
2021-06-04 09:51:09,4252.3,72198
2021-06-04 09:51:15,4251.65,72230
2021-06-04 09:51:18,4251.65,72230
2021-06-04 09:51:21,4252.9,72231
2021-06-04 09:51:25,4251.55,72398
2021-06-04 09:51:29,4251.6,72405
2021-06-04 09:51:32,4252.0,72445
2021-06-04 09:51:39,4250.3,72491
2021-06-04 09:51:43,4250.3,72496
2021-06-04 09:51:45,4250.3,72496
2021-06-04 09:51:46,4250.2,72506
2021-06-04 09:51:47,4250.0,72528
2021-06-04 09:51:48,4250.3,72566
2021-06-04 09:51:49,4250.3,72566
2021-06-04 09:51:50,4250.0,72577
2021-06-04 09:51:51,4250.0,72577
2021-06-04 09:51:52,4250.0,72637
2021-06-04 09:51:52,4250.25,72642
2021-06-04 09:51:54,4250.25,72650
2021-06-04 09:51:54,4250.25,72651
2021-06-04 09:51:55,4250.25,72653
2021-06-04 09:51:58,4250.25,72653
2021-06-04 09:51:59,4250.25,72653
2021-06-04 09:52:00,4250.2,72668
2021-06-04 09:52:01,4250.2,72669
2021-06-04 09:52:02,4250.25,72670
2021-06-04 09:52:04,4250.25,72670
2021-06-04 09:52:05,4250.2,72701
2021-06-04 09:52:05,4250.2,72701
2021-06-04 09:52:07,4250.25,72749
2021-06-04 09:52:08,4250.05,72756
2021-06-04 09:52:09,4250.25,72804
2021-06-04 09:52:10,4250.0,72805
2021-06-04 09:52:12,4250.3,72810
2021-06-04 09:52:13,4250.3,72811
2021-06-04 09:52:13,4250.3,72811
2021-06-04 09:52:15,4250.3,72811
2021-06-04 09:52:15,4250.3,72811
2021-06-04 09:52:16,4250.3,72811
2021-06-04 09:52:17,4250.3,72821
2021-06-04 09:52:18,4250.3,72821
2021-06-04 09:52:19,4250.3,72821
2021-06-04 09:52:20,4250.3,72823
2021-06-04 09:52:22,4250.0,72889
2021-06-04 09:52:23,4250.0,72889
2021-06-04 09:52:24,4250.0,72920
2021-06-04 09:52:25,4250.0,72920
2021-06-04 09:52:26,4250.0,72920
2021-06-04 09:52:26,4250.0,72920
2021-06-04 09:52:28,4250.0,72920
2021-06-04 09:52:29,4250.0,72920
2021-06-04 09:52:30,4250.0,72920
2021-06-04 09:52:31,4250.0,72920
2021-06-04 09:52:33,4250.0,72920
2021-06-04 09:52:34,4250.0,72920
2021-06-04 09:52:35,4250.0,72974
2021-06-04 09:52:36,4250.0,72974
2021-06-04 09:52:37,4250.0,72974
2021-06-04 09:52:38,4250.0,73074
2021-06-04 09:52:38,4250.0,73074
2021-06-04 09:52:40,4250.0,73074
2021-06-04 09:52:41,4250.0,73074
2021-06-04 09:52:42,4250.3,73075
2021-06-04 09:52:43,4250.05,73107
2021-06-04 09:52:44,4250.05,73107
2021-06-04 09:52:44,4250.05,73107
2021-06-04 09:52:45,4250.3,73122
2021-06-04 09:52:46,4250.3,73122
2021-06-04 09:52:47,4250.3,73122
2021-06-04 09:52:49,4250.3,73122
2021-06-04 09:52:49,4250.3,73123
2021-06-04 09:52:50,4250.3,73123
2021-06-04 09:52:52,4250.3,73123
2021-06-04 09:52:53,4250.3,73123
2021-06-04 09:52:54,4250.25,73136
2021-06-04 09:52:55,4250.0,73187
2021-06-04 09:52:56,4250.0,73187
2021-06-04 09:52:57,4250.0,73187
2021-06-04 09:52:58,4250.0,73187
2021-06-04 09:52:59,4250.25,73197
2021-06-04 09:52:59,4250.25,73197
2021-06-04 09:53:00,4250.0,73218
2021-06-04 09:53:01,4250.0,73249
2021-06-04 09:53:02,4250.3,73325
2021-06-04 09:53:03,4250.3,73325
2021-06-04 09:53:04,4250.3,73325
2021-06-04 09:53:05,4250.3,73326
2021-06-04 09:53:06,4250.0,73351
2021-06-04 09:53:07,4250.3,73371
2021-06-04 09:53:08,4250.3,73371
2021-06-04 09:53:09,4250.3,73410
2021-06-04 09:53:10,4250.3,73410
2021-06-04 09:53:11,4250.3,73410
2021-06-04 09:53:12,4250.3,73410
2021-06-04 09:53:13,4250.3,73410
2021-06-04 09:53:14,4250.3,73420
2021-06-04 09:53:15,4250.3,73428
2021-06-04 09:53:16,4250.3,73434
2021-06-04 09:53:17,4250.3,73434
2021-06-04 09:53:18,4250.0,73565
2021-06-04 09:53:19,4250.0,73565
2021-06-04 09:53:20,4250.0,73657
2021-06-04 09:53:21,4250.0,73672
2021-06-04 09:53:22,4250.0,73672
2021-06-04 09:53:23,4250.0,73672
2021-06-04 09:53:25,4250.0,73672
2021-06-04 09:53:26,4250.3,73674
2021-06-04 09:53:27,4250.3,73674
2021-06-04 09:53:28,4250.0,73779
2021-06-04 09:53:28,4250.0,73842
2021-06-04 09:53:29,4250.0,73842
2021-06-04 09:53:30,4250.0,73842
2021-06-04 09:53:31,4250.0,73842
2021-06-04 09:53:33,4251.95,74192
2021-06-04 09:53:34,4251.95,74192
2021-06-04 09:53:35,4251.95,74192
2021-06-04 09:53:37,4252.0,74204
2021-06-04 09:53:37,4252.0,74204
2021-06-04 09:53:38,4252.0,74204
2021-06-04 09:53:40,4250.05,74258
2021-06-04 09:53:40,4250.05,74269
2021-06-04 09:53:41,4250.5,74300
2021-06-04 09:53:43,4250.5,74304
2021-06-04 09:53:44,4250.5,74304
2021-06-04 09:53:45,4250.5,74304
2021-06-04 09:53:46,4250.5,74304
2021-06-04 09:53:47,4250.5,74304
2021-06-04 09:53:48,4250.5,74304
2021-06-04 09:53:49,4250.5,74304
2021-06-04 09:53:50,4251.8,74305
2021-06-04 09:53:51,4251.8,74305
2021-06-04 09:53:52,4250.55,74306
2021-06-04 09:53:53,4250.55,74306
2021-06-04 09:53:54,4250.55,74306
2021-06-04 09:53:54,4250.55,74306
2021-06-04 09:53:56,4251.8,74317
2021-06-04 09:53:57,4250.55,74318
2021-06-04 09:53:58,4250.55,74318
2021-06-04 09:53:59,4251.8,74405
2021-06-04 09:54:00,4251.8,74405
2021-06-04 09:54:01,4251.8,74407
2021-06-04 09:54:02,4251.8,74407
2021-06-04 09:54:03,4251.8,74431
2021-06-04 09:54:04,4251.8,74431
2021-06-04 09:54:05,4250.6,74481
2021-06-04 09:54:06,4250.6,74481
2021-06-04 09:54:07,4251.8,74484
2021-06-04 09:54:08,4250.7,74512
2021-06-04 09:54:09,4250.65,74517
2021-06-04 09:54:11,4251.0,74569
2021-06-04 09:54:12,4251.0,74569
2021-06-04 09:54:13,4251.0,74569
2021-06-04 09:54:14,4251.0,74620
2021-06-04 09:54:15,4251.0,74620
2021-06-04 09:54:16,4251.0,74620
2021-06-04 09:54:17,4251.0,74620
2021-06-04 09:54:18,4250.65,74622
2021-06-04 09:54:19,4250.65,74645
2021-06-04 09:54:20,4250.6,74664
2021-06-04 09:54:21,4251.0,74764
2021-06-04 09:54:22,4250.5,74784
2021-06-04 09:54:23,4250.5,74784
2021-06-04 09:54:24,4250.5,74784
2021-06-04 09:54:25,4250.45,74795
2021-06-04 09:54:26,4250.05,74849
2021-06-04 09:54:26,4250.05,74849
2021-06-04 09:54:27,4250.05,74849
2021-06-04 09:54:28,4250.05,74849
2021-06-04 09:54:29,4250.85,74850
2021-06-04 09:54:30,4250.85,74850
2021-06-04 09:54:32,4250.85,74850
2021-06-04 09:54:33,4250.85,74850
2021-06-04 09:54:34,4250.85,74850
2021-06-04 09:54:35,4250.85,74850
2021-06-04 09:54:36,4250.0,74851
2021-06-04 09:54:37,4250.0,74883
2021-06-04 09:54:38,4250.0,74883
2021-06-04 09:54:38,4250.0,74941
2021-06-04 09:54:39,4250.0,74941
2021-06-04 09:54:41,4250.0,75017
2021-06-04 09:54:41,4250.0,75335
2021-06-04 09:54:42,4250.0,75335
2021-06-04 09:54:44,4250.0,75335
2021-06-04 09:54:45,4250.0,75335
2021-06-04 09:54:47,4250.25,75585
2021-06-04 09:54:47,4250.0,75619
2021-06-04 09:54:48,4250.0,75619
2021-06-04 09:54:50,4250.0,75620
2021-06-04 09:54:51,4250.0,75620
2021-06-04 09:54:52,4250.0,75620
2021-06-04 09:54:53,4250.0,75620
2021-06-04 09:54:54,4250.0,75620
2021-06-04 09:54:55,4250.0,75630
2021-06-04 09:54:56,4250.0,75671
2021-06-04 09:54:57,4250.0,75687
2021-06-04 09:54:58,4250.0,75687
2021-06-04 09:54:59,4250.0,75687
2021-06-04 09:54:59,4250.0,75687
2021-06-04 09:55:00,4250.0,75687
2021-06-04 09:55:01,4249.85,75720
2021-06-04 09:55:02,4249.85,75720
2021-06-04 09:55:05,4249.85,75720
2021-06-04 09:55:06,4248.3,76039
2021-06-04 09:55:08,4248.3,76039
2021-06-04 09:55:09,4248.3,76039
2021-06-04 09:55:09,4249.45,76040
2021-06-04 09:55:10,4249.45,76050
2021-06-04 09:55:11,4248.0,76066
2021-06-04 09:55:12,4249.5,76070
2021-06-04 09:55:13,4249.5,76090
2021-06-04 09:55:14,4248.0,76219
2021-06-04 09:55:18,4249.45,76277
2021-06-04 09:55:19,4249.45,76277
2021-06-04 09:55:19,4249.45,76277
2021-06-04 09:55:20,4249.45,76277
2021-06-04 09:55:22,4249.45,76277
2021-06-04 09:55:23,4248.15,76307
2021-06-04 09:55:24,4248.15,76307
2021-06-04 09:55:26,4248.15,76307
2021-06-04 09:55:27,4248.1,76412
2021-06-04 09:55:28,4248.1,76412
2021-06-04 09:55:29,4249.45,76442
2021-06-04 09:55:31,4248.15,76444
2021-06-04 09:55:31,4248.15,76444
2021-06-04 09:55:33,4249.45,76445
2021-06-04 09:55:34,4248.1,76474
2021-06-04 09:55:35,4248.1,76491
2021-06-04 09:55:36,4248.1,76491
2021-06-04 09:55:37,4248.1,76491
2021-06-04 09:55:38,4248.1,76491
2021-06-04 09:55:39,4248.1,76491
2021-06-04 09:55:40,4248.9,76590
2021-06-04 09:55:41,4248.5,76796
2021-06-04 09:55:42,4250.7,76918
2021-06-04 09:55:43,4249.5,76919
2021-06-04 09:55:44,4249.5,76920
2021-06-04 09:55:44,4252.0,77020
2021-06-04 09:55:45,4249.55,77141
2021-06-04 09:55:46,4249.55,77141
2021-06-04 09:55:47,4249.55,77141
2021-06-04 09:55:48,4249.55,77141
2021-06-04 09:55:50,4249.55,77141
2021-06-04 09:55:52,4253.05,77254
2021-06-04 09:55:53,4251.0,77264
2021-06-04 09:55:54,4251.0,77264
2021-06-04 09:55:55,4251.0,77264
2021-06-04 09:55:56,4250.0,77299
2021-06-04 09:55:57,4250.0,77299
2021-06-04 09:55:58,4250.6,77302
2021-06-04 09:55:59,4250.6,77307
2021-06-04 09:56:00,4250.6,77307
2021-06-04 09:56:01,4250.6,77307
2021-06-04 09:56:02,4250.6,77307
2021-06-04 09:56:03,4250.6,77307
2021-06-04 09:56:04,4250.6,77307
2021-06-04 09:56:05,4250.6,77307
2021-06-04 09:56:06,4250.6,77307
2021-06-04 09:56:07,4250.6,77307
2021-06-04 09:56:08,4252.0,77335
2021-06-04 09:56:09,4252.0,77335
2021-06-04 09:56:10,4252.0,77335
2021-06-04 09:56:11,4252.0,77335
2021-06-04 09:56:12,4252.3,77377
2021-06-04 09:56:14,4252.3,77377
2021-06-04 09:56:15,4252.3,77377
2021-06-04 09:56:16,4252.3,77377
2021-06-04 09:56:17,4252.3,77377
2021-06-04 09:56:18,4252.3,77377
2021-06-04 09:56:18,4252.3,77377
2021-06-04 09:56:20,4252.3,77377
2021-06-04 09:56:21,4251.4,77378
2021-06-04 09:56:22,4251.4,77378
2021-06-04 09:56:23,4251.4,77378
2021-06-04 09:56:24,4253.05,77878
2021-06-04 09:56:25,4253.05,77878
2021-06-04 09:56:26,4253.05,77878
2021-06-04 09:56:27,4253.05,77878
2021-06-04 09:56:28,4251.4,77880
2021-06-04 09:56:29,4251.4,77880
2021-06-04 09:56:30,4250.0,77923
2021-06-04 09:56:31,4250.0,77938
2021-06-04 09:56:32,4249.45,78102
2021-06-04 09:56:33,4250.0,78103
2021-06-04 09:56:34,4250.0,78103
2021-06-04 09:56:35,4250.0,78103
2021-06-04 09:56:36,4250.0,78104
2021-06-04 09:56:37,4250.0,78104
2021-06-04 09:56:38,4250.0,78170
2021-06-04 09:56:39,4250.0,78170
2021-06-04 09:56:40,4250.0,78170
2021-06-04 09:56:41,4250.0,78170
2021-06-04 09:56:42,4250.0,78170
2021-06-04 09:56:43,4250.0,78170
2021-06-04 09:56:45,4250.0,78170
2021-06-04 09:56:48,4250.0,78170
2021-06-04 09:56:51,4250.0,78213
2021-06-04 09:56:55,4250.0,78213
2021-06-04 09:56:59,4250.0,78232
2021-06-04 09:57:02,4250.0,78232
2021-06-04 09:57:05,4250.0,78286
2021-06-04 09:57:09,4250.8,78387
2021-06-04 09:57:12,4250.0,78437
2021-06-04 09:57:15,4250.8,78447
2021-06-04 09:57:19,4250.1,78452
2021-06-04 09:57:22,4250.05,78582
2021-06-04 09:57:26,4250.8,78653
2021-06-04 09:57:29,4250.8,78725
2021-06-04 09:57:32,4250.8,78729
2021-06-04 09:57:36,4250.8,78744
2021-06-04 09:57:39,4250.8,78754
2021-06-04 09:57:42,4250.8,78827
2021-06-04 09:57:45,4250.8,78877
2021-06-04 09:57:52,4250.05,78908
2021-06-04 09:57:55,4250.15,78920
2021-06-04 09:57:59,4250.15,78921
2021-06-04 09:58:02,4250.15,78921
2021-06-04 09:58:06,4250.05,78955
2021-06-04 09:58:09,4250.15,78965
2021-06-04 09:58:12,4251.6,79118
2021-06-04 09:58:15,4250.15,79123
2021-06-04 09:58:18,4250.15,79133
2021-06-04 09:58:21,4250.15,79138
2021-06-04 09:58:25,4250.05,79145
2021-06-04 09:58:28,4250.0,79270
2021-06-04 09:58:34,4250.05,79277
2021-06-04 09:58:38,4250.05,79297
2021-06-04 09:58:41,4249.25,79518
2021-06-04 09:58:47,4249.0,79550
2021-06-04 09:58:51,4250.15,79551
2021-06-04 09:58:54,4249.0,79554
2021-06-04 09:58:58,4250.15,79604
2021-06-04 09:59:01,4250.15,79604
2021-06-04 09:59:05,4249.65,79639
2021-06-04 09:59:08,4250.0,79724
2021-06-04 09:59:12,4250.0,79724
2021-06-04 09:59:19,4250.0,79726
2021-06-04 09:59:22,4249.0,79753
2021-06-04 09:59:25,4249.0,79762
2021-06-04 09:59:28,4250.0,79767
2021-06-04 09:59:31,4249.0,79784
2021-06-04 09:59:35,4249.0,79784
2021-06-04 09:59:39,4249.0,79878
2021-06-04 09:59:42,4248.9,79935
2021-06-04 09:59:45,4248.9,79935
2021-06-04 09:59:52,4248.2,80284
2021-06-04 09:59:55,4248.2,80284
2021-06-04 09:59:58,4251.25,80534
2021-06-04 10:00:05,4249.0,80641
2021-06-04 10:00:11,4251.2,80714
2021-06-04 10:00:14,4251.2,80720
2021-06-04 10:00:18,4249.0,80732
2021-06-04 10:00:21,4251.6,80852
2021-06-04 10:00:27,4249.15,80905
2021-06-04 10:00:30,4249.0,80957
2021-06-04 10:00:38,4250.05,81049
2021-06-04 10:00:41,4252.0,81069
2021-06-04 10:00:45,4252.0,81189
2021-06-04 10:00:49,4252.0,81197
2021-06-04 10:00:52,4251.35,81199
2021-06-04 10:00:55,4253.05,81222
2021-06-04 10:00:59,4251.4,81254
2021-06-04 10:01:03,4253.05,81317
2021-06-04 10:01:06,4254.25,81417
2021-06-04 10:01:14,4250.8,81497
2021-06-04 10:01:20,4250.05,81520
2021-06-04 10:01:24,4250.0,81528
2021-06-04 10:01:27,4250.05,81588
2021-06-04 10:01:31,4250.05,81625
2021-06-04 10:01:34,4250.0,81676
2021-06-04 10:01:38,4249.05,81798
2021-06-04 10:01:41,4249.05,81872
2021-06-04 10:01:45,4252.75,81961
2021-06-04 10:01:48,4251.1,82011
2021-06-04 10:01:52,4251.1,82011
2021-06-04 10:02:04,4253.2,82152
2021-06-04 10:02:08,4253.35,82252
2021-06-04 10:02:11,4254.0,82362
2021-06-04 10:02:14,4253.05,82424
2021-06-04 10:02:17,4257.0,82619
2021-06-04 10:02:21,4256.7,82644
2021-06-04 10:02:24,4254.15,82648
2021-06-04 10:02:27,4256.75,82657
2021-06-04 10:02:30,4256.7,82697
2021-06-04 10:02:33,4256.0,82745
2021-06-04 10:02:36,4254.05,82798
2021-06-04 10:02:39,4254.55,82808
2021-06-04 10:02:42,4256.85,82823
2021-06-04 10:02:45,4256.85,82827
2021-06-04 10:02:48,4256.85,82827
2021-06-04 10:02:51,4257.2,83035
2021-06-04 10:02:55,4255.65,83123
2021-06-04 10:02:59,4257.15,83187
2021-06-04 10:03:03,4261.0,84173
2021-06-04 10:03:06,4258.0,84350
2021-06-04 10:03:10,4259.7,84388
2021-06-04 10:03:13,4261.6,84399
2021-06-04 10:03:17,4265.0,84794
2021-06-04 10:03:20,4265.0,84937
2021-06-04 10:03:23,4262.4,84938
2021-06-04 10:03:26,4265.0,84988
2021-06-04 10:03:32,4262.5,85117
2021-06-04 10:03:35,4265.0,85160
2021-06-04 10:03:42,4264.8,85237
2021-06-04 10:03:45,4262.4,85344
2021-06-04 10:03:48,4262.5,85377
2021-06-04 10:03:51,4265.0,85907
2021-06-04 10:03:54,4262.1,86030
2021-06-04 10:03:57,4262.85,86078
2021-06-04 10:04:00,4265.0,86100
2021-06-04 10:04:04,4265.0,86134
2021-06-04 10:04:07,4264.05,86281
2021-06-04 10:04:10,4263.95,86427
2021-06-04 10:04:14,4263.9,86497
2021-06-04 10:04:16,4265.0,86659
2021-06-04 10:04:19,4264.5,86829
2021-06-04 10:04:22,4266.45,86908
2021-06-04 10:04:25,4264.25,86940
2021-06-04 10:04:28,4264.25,86940
2021-06-04 10:04:31,4264.25,86987
2021-06-04 10:04:34,4264.25,87000
2021-06-04 10:04:37,4264.0,87010
2021-06-04 10:04:40,4265.25,87023
2021-06-04 10:04:43,4268.05,87523
2021-06-04 10:04:46,4264.3,87554
2021-06-04 10:04:49,4264.3,87554
2021-06-04 10:04:52,4265.15,87574
2021-06-04 10:04:55,4264.9,87587
2021-06-04 10:04:58,4264.9,87587
2021-06-04 10:05:02,4264.9,87592
2021-06-04 10:05:06,4265.0,87791
2021-06-04 10:05:09,4265.0,87791
2021-06-04 10:05:12,4265.15,87820
2021-06-04 10:05:16,4265.15,87820
2021-06-04 10:05:19,4265.2,87915
2021-06-04 10:05:22,4265.5,88015
2021-06-04 10:05:29,4265.35,88540
2021-06-04 10:05:32,4265.35,88567
2021-06-04 10:05:36,4265.25,88672
2021-06-04 10:05:38,4265.45,88699
2021-06-04 10:05:41,4266.65,89419
2021-06-04 10:05:45,4266.65,89521
2021-06-04 10:05:48,4266.65,89521
2021-06-04 10:05:52,4268.0,89547
2021-06-04 10:05:56,4268.5,89557
2021-06-04 10:05:59,4269.7,89647
2021-06-04 10:06:02,4269.9,90033
2021-06-04 10:06:06,4269.9,90033
2021-06-04 10:06:09,4269.9,90033
2021-06-04 10:06:12,4269.7,90056
2021-06-04 10:06:16,4269.7,90066
2021-06-04 10:06:19,4268.7,90177
2021-06-04 10:06:22,4266.4,90363
2021-06-04 10:06:25,4268.7,90366
2021-06-04 10:06:28,4269.5,90391
2021-06-04 10:06:31,4268.0,90395
2021-06-04 10:06:34,4269.8,90521
2021-06-04 10:06:37,4267.1,90525
2021-06-04 10:06:40,4267.1,90619
2021-06-04 10:06:44,4267.1,90619
2021-06-04 10:06:44,4269.2,90627
2021-06-04 10:06:46,4269.2,90627
2021-06-04 10:06:47,4269.2,90627
2021-06-04 10:06:48,4269.2,90627
2021-06-04 10:06:49,4269.2,90627
2021-06-04 10:06:50,4269.2,90627
2021-06-04 10:06:50,4269.2,90627
2021-06-04 10:06:52,4270.1,91418
2021-06-04 10:06:53,4270.1,91418
2021-06-04 10:06:54,4270.1,91418
2021-06-04 10:06:55,4268.0,91424
2021-06-04 10:06:56,4268.0,91424
2021-06-04 10:06:57,4268.0,91424
2021-06-04 10:06:58,4269.6,92032
2021-06-04 10:07:00,4271.1,92051
2021-06-04 10:07:01,4271.1,92051
2021-06-04 10:07:02,4271.1,92051
2021-06-04 10:07:03,4271.1,92051
2021-06-04 10:07:04,4271.1,92051
2021-06-04 10:07:05,4271.1,92051
2021-06-04 10:07:06,4271.1,92051
2021-06-04 10:07:07,4271.1,92051
2021-06-04 10:07:08,4271.1,92051
2021-06-04 10:07:09,4271.1,92051
2021-06-04 10:07:10,4271.1,92051
2021-06-04 10:07:11,4271.1,92051
2021-06-04 10:07:12,4271.1,92051
2021-06-04 10:07:13,4271.1,92051
2021-06-04 10:07:13,4271.1,92051
2021-06-04 10:07:15,4271.1,92051
2021-06-04 10:07:16,4271.1,92051
2021-06-04 10:07:17,4268.2,92193
2021-06-04 10:07:18,4268.2,92193
2021-06-04 10:07:18,4268.2,92193
2021-06-04 10:07:19,4268.2,92193
2021-06-04 10:07:21,4268.2,92193
2021-06-04 10:07:22,4268.2,92193
2021-06-04 10:07:23,4270.0,92213
2021-06-04 10:07:24,4270.0,92213
2021-06-04 10:07:25,4270.0,92213
2021-06-04 10:07:26,4270.0,92213
2021-06-04 10:07:26,4270.0,92213
2021-06-04 10:07:27,4270.0,92213
2021-06-04 10:07:29,4270.0,92238
2021-06-04 10:07:30,4269.85,92253
2021-06-04 10:07:31,4268.75,92719
2021-06-04 10:07:32,4268.8,92761
2021-06-04 10:07:33,4272.45,92864
2021-06-04 10:07:33,4272.45,92864
2021-06-04 10:07:35,4272.45,92864
2021-06-04 10:07:36,4269.85,92885
2021-06-04 10:07:37,4269.85,92885
2021-06-04 10:07:38,4268.8,92896
2021-06-04 10:07:39,4268.8,92896
2021-06-04 10:07:40,4269.85,92900
2021-06-04 10:07:40,4269.85,92900
2021-06-04 10:07:42,4269.85,92902
2021-06-04 10:07:43,4269.85,92902
2021-06-04 10:07:44,4269.45,92933
2021-06-04 10:07:45,4269.45,92933
2021-06-04 10:07:45,4269.45,92933
2021-06-04 10:07:46,4269.45,92933
2021-06-04 10:07:48,4269.45,92933
2021-06-04 10:07:49,4269.45,92933
2021-06-04 10:07:50,4269.0,93189
2021-06-04 10:07:51,4268.75,93209
2021-06-04 10:07:51,4268.75,93209
2021-06-04 10:07:52,4268.75,93209
2021-06-04 10:07:54,4268.9,93239
2021-06-04 10:07:55,4266.1,94698
2021-06-04 10:07:56,4266.45,94717
2021-06-04 10:07:57,4265.0,94755
2021-06-04 10:07:57,4265.0,94759
2021-06-04 10:07:59,4265.0,94759
2021-06-04 10:08:01,4265.2,94800
2021-06-04 10:08:02,4265.2,94800
2021-06-04 10:08:03,4265.2,94800
2021-06-04 10:08:03,4265.2,94800
2021-06-04 10:08:05,4265.2,94800
2021-06-04 10:08:06,4265.2,94800
2021-06-04 10:08:07,4265.2,94800
2021-06-04 10:08:08,4265.95,94810
2021-06-04 10:08:09,4264.9,94811
2021-06-04 10:08:10,4264.9,94811
2021-06-04 10:08:11,4264.9,94811
2021-06-04 10:08:12,4264.9,94811
2021-06-04 10:08:12,4264.9,94811
2021-06-04 10:08:14,4264.9,94842
2021-06-04 10:08:15,4265.65,94862
2021-06-04 10:08:16,4265.65,94862
2021-06-04 10:08:17,4265.65,94862
2021-06-04 10:08:18,4265.65,94862
2021-06-04 10:08:18,4265.65,94862
2021-06-04 10:08:19,4265.65,94862
2021-06-04 10:08:20,4265.65,94862
2021-06-04 10:08:22,4265.65,94862
2021-06-04 10:08:23,4265.65,94862
2021-06-04 10:08:24,4265.65,94862
2021-06-04 10:08:25,4265.65,94862
2021-06-04 10:08:26,4265.65,94862
2021-06-04 10:08:27,4265.0,94892
2021-06-04 10:08:28,4265.0,94892
2021-06-04 10:08:28,4265.0,94892
2021-06-04 10:08:30,4265.0,94892
2021-06-04 10:08:31,4265.0,94892
2021-06-04 10:08:32,4263.0,95024
2021-06-04 10:08:34,4262.55,95124
2021-06-04 10:08:33,4262.55,95124
2021-06-04 10:08:35,4262.1,95224
2021-06-04 10:08:36,4262.45,95239
2021-06-04 10:08:37,4262.1,95244
2021-06-04 10:08:38,4262.1,95244
2021-06-04 10:08:39,4262.1,95244
2021-06-04 10:08:40,4262.1,95244
2021-06-04 10:08:42,4262.45,95245
2021-06-04 10:08:43,4262.45,95245
2021-06-04 10:08:44,4262.45,95245
2021-06-04 10:08:45,4262.45,95245
2021-06-04 10:08:46,4265.0,95745
2021-06-04 10:08:47,4265.0,95745
2021-06-04 10:08:48,4265.0,95745
2021-06-04 10:08:49,4265.0,95745
2021-06-04 10:08:50,4262.45,95746
2021-06-04 10:08:51,4262.2,95774
2021-06-04 10:08:52,4262.1,95782
2021-06-04 10:08:53,4262.1,95782
2021-06-04 10:08:54,4262.1,95782
2021-06-04 10:08:55,4262.1,95782
2021-06-04 10:08:56,4262.1,95782
2021-06-04 10:08:57,4262.45,95812
2021-06-04 10:08:58,4262.45,95812
2021-06-04 10:08:59,4262.45,95812
2021-06-04 10:09:00,4262.45,95812
2021-06-04 10:09:01,4262.45,95817
2021-06-04 10:09:02,4262.45,95817
2021-06-04 10:09:03,4262.7,95840
2021-06-04 10:09:04,4262.7,95840
2021-06-04 10:09:05,4263.6,95856
2021-06-04 10:09:06,4264.05,95857
2021-06-04 10:09:07,4264.05,95857
2021-06-04 10:09:08,4264.05,95857
2021-06-04 10:09:09,4264.05,95857
2021-06-04 10:09:10,4264.05,95857
2021-06-04 10:09:11,4262.2,95891
2021-06-04 10:09:12,4262.2,95891
2021-06-04 10:09:13,4263.95,95906
2021-06-04 10:09:14,4263.95,95906
2021-06-04 10:09:15,4262.7,95908
2021-06-04 10:09:16,4262.7,95910
2021-06-04 10:09:17,4262.7,95910
2021-06-04 10:09:18,4262.7,95910
2021-06-04 10:09:19,4262.7,95910
2021-06-04 10:09:20,4262.7,95910
2021-06-04 10:09:21,4262.7,95910
2021-06-04 10:09:22,4262.7,95910
2021-06-04 10:09:23,4262.7,95910
2021-06-04 10:09:24,4262.7,95910
2021-06-04 10:09:25,4262.7,95910
2021-06-04 10:09:26,4262.7,95910
2021-06-04 10:09:27,4262.7,95910
2021-06-04 10:09:28,4262.7,95917
2021-06-04 10:09:29,4262.7,95917
2021-06-04 10:09:30,4262.2,95958
2021-06-04 10:09:31,4262.2,95958
2021-06-04 10:09:32,4262.2,95958
2021-06-04 10:09:33,4262.2,95958
2021-06-04 10:09:34,4262.2,95958
2021-06-04 10:09:35,4262.2,95958
2021-06-04 10:09:36,4262.2,95958
2021-06-04 10:09:37,4262.2,95958
2021-06-04 10:09:38,4263.65,95959
2021-06-04 10:09:39,4263.65,95959
2021-06-04 10:09:40,4263.65,95959
2021-06-04 10:09:41,4263.65,95959
2021-06-04 10:09:42,4263.65,95959
2021-06-04 10:09:43,4263.65,95959
2021-06-04 10:09:44,4263.65,95991
2021-06-04 10:09:45,4263.65,95991
2021-06-04 10:09:46,4263.65,95991
2021-06-04 10:09:47,4263.65,95991
2021-06-04 10:09:48,4262.55,96009
2021-06-04 10:09:49,4262.35,96023
2021-06-04 10:09:50,4262.45,96044
2021-06-04 10:09:51,4262.45,96045
2021-06-04 10:09:52,4262.45,96071
2021-06-04 10:09:53,4262.45,96071
2021-06-04 10:09:54,4262.45,96071
2021-06-04 10:09:56,4262.2,96081
2021-06-04 10:09:57,4262.45,96087
2021-06-04 10:09:58,4261.5,96145
2021-06-04 10:09:59,4261.5,96145
2021-06-04 10:10:00,4261.5,96145
2021-06-04 10:10:01,4261.65,96146
2021-06-04 10:10:02,4262.55,96164
2021-06-04 10:10:03,4262.55,96164
2021-06-04 10:10:04,4262.55,96164
2021-06-04 10:10:05,4262.55,96164
2021-06-04 10:10:06,4262.55,96164
2021-06-04 10:10:07,4261.65,96168
2021-06-04 10:10:08,4260.0,96216
2021-06-04 10:10:09,4260.2,96244
2021-06-04 10:10:10,4260.2,96244
2021-06-04 10:10:11,4260.2,96244
2021-06-04 10:10:12,4260.2,96244
2021-06-04 10:10:13,4260.0,96266
2021-06-04 10:10:14,4260.0,96266
2021-06-04 10:10:15,4260.0,96266
2021-06-04 10:10:16,4260.0,96266
2021-06-04 10:10:17,4260.0,96266
2021-06-04 10:10:18,4260.0,96266
2021-06-04 10:10:19,4260.0,96276
2021-06-04 10:10:20,4260.0,96296
2021-06-04 10:10:21,4260.0,96296
2021-06-04 10:10:22,4260.0,96296
2021-06-04 10:10:23,4260.0,96304
2021-06-04 10:10:24,4261.9,96314
2021-06-04 10:10:25,4261.9,96314
2021-06-04 10:10:26,4261.9,96314
2021-06-04 10:10:28,4260.0,96335
2021-06-04 10:10:29,4259.0,96345
2021-06-04 10:10:30,4260.0,96356
2021-06-04 10:10:31,4260.0,96366
2021-06-04 10:10:32,4260.0,96366
2021-06-04 10:10:33,4260.0,96366
2021-06-04 10:10:34,4260.0,96366
2021-06-04 10:10:35,4260.0,96366
2021-06-04 10:10:36,4260.0,96366
2021-06-04 10:10:38,4260.0,96366
2021-06-04 10:10:40,4260.0,96366
2021-06-04 10:10:40,4260.0,96366
2021-06-04 10:10:41,4259.0,96368
2021-06-04 10:10:42,4259.0,96368
2021-06-04 10:10:43,4259.0,96368
2021-06-04 10:10:45,4259.0,96378
2021-06-04 10:10:45,4259.0,96378
2021-06-04 10:10:46,4259.0,96394
2021-06-04 10:10:47,4258.05,96408
2021-06-04 10:10:48,4258.05,96408
2021-06-04 10:10:50,4258.0,96441
2021-06-04 10:10:51,4258.05,96524
2021-06-04 10:10:51,4258.0,96441
2021-06-04 10:10:52,4258.05,96524
2021-06-04 10:10:53,4260.0,96659
2021-06-04 10:10:55,4260.0,96684
2021-06-04 10:10:57,4260.0,96828
2021-06-04 10:10:57,4260.0,96836
2021-06-04 10:10:58,4260.0,96836
2021-06-04 10:10:59,4260.0,96836
2021-06-04 10:11:02,4260.0,96855
2021-06-04 10:11:04,4259.95,96886
2021-06-04 10:11:05,4258.0,96917
2021-06-04 10:11:05,4258.0,96917
2021-06-04 10:11:06,4258.0,96917
2021-06-04 10:11:07,4258.0,96917
2021-06-04 10:11:08,4258.0,96923
2021-06-04 10:11:09,4259.7,96933
2021-06-04 10:11:11,4259.7,96933
2021-06-04 10:11:11,4259.7,96933
2021-06-04 10:11:12,4259.7,96933
2021-06-04 10:11:13,4259.7,96934
2021-06-04 10:11:14,4259.7,96934
2021-06-04 10:11:16,4259.7,96934
2021-06-04 10:11:16,4259.7,96934
2021-06-04 10:11:17,4259.7,96934
2021-06-04 10:11:18,4259.7,96934
2021-06-04 10:11:19,4259.7,96934
2021-06-04 10:11:20,4259.7,96934
2021-06-04 10:11:21,4259.25,96935
2021-06-04 10:11:22,4259.25,96935
2021-06-04 10:11:23,4258.0,96967
2021-06-04 10:11:24,4258.0,96967
2021-06-04 10:11:25,4259.45,97067
2021-06-04 10:11:26,4259.45,97078
2021-06-04 10:11:28,4259.45,97078
2021-06-04 10:11:28,4259.45,97078
2021-06-04 10:11:29,4259.45,97078
2021-06-04 10:11:30,4259.45,97078
2021-06-04 10:11:31,4259.45,97078
2021-06-04 10:11:32,4259.45,97078
2021-06-04 10:11:34,4259.45,97078
2021-06-04 10:11:34,4259.45,97078
2021-06-04 10:11:35,4259.45,97078
2021-06-04 10:11:36,4259.45,97078
2021-06-04 10:11:37,4259.45,97078
2021-06-04 10:11:38,4259.45,97078
2021-06-04 10:11:41,4259.45,97078
2021-06-04 10:11:41,4259.45,97078
2021-06-04 10:11:42,4259.45,97078
2021-06-04 10:11:43,4258.0,97109
2021-06-04 10:11:44,4258.0,97124
2021-06-04 10:11:45,4258.0,97124
2021-06-04 10:11:46,4258.0,97124
2021-06-04 10:11:47,4258.0,97124
2021-06-04 10:11:49,4258.0,97126
2021-06-04 10:11:50,4258.0,97126
2021-06-04 10:11:51,4258.0,97126
2021-06-04 10:11:52,4259.0,97127
2021-06-04 10:11:53,4259.0,97127
2021-06-04 10:11:54,4258.15,97132
2021-06-04 10:11:55,4258.15,97132
2021-06-04 10:11:56,4258.15,97132
2021-06-04 10:11:57,4258.15,97132
2021-06-04 10:11:58,4256.0,97432
2021-06-04 10:11:59,4258.95,97447
2021-06-04 10:12:00,4258.95,97447
2021-06-04 10:12:01,4256.9,97479
2021-06-04 10:12:02,4256.9,97479
2021-06-04 10:12:03,4256.9,97479
2021-06-04 10:12:04,4257.6,97483
2021-06-04 10:12:05,4257.6,97489
2021-06-04 10:12:06,4256.05,97491
2021-06-04 10:12:07,4256.05,97491
2021-06-04 10:12:08,4256.05,97493
2021-06-04 10:12:09,4256.05,97494
2021-06-04 10:12:10,4256.05,97494
2021-06-04 10:12:12,4256.05,97494
2021-06-04 10:12:12,4256.05,97494
2021-06-04 10:12:13,4256.05,97494
2021-06-04 10:12:14,4256.05,97494
2021-06-04 10:12:15,4256.05,97494
2021-06-04 10:12:16,4256.05,97494
2021-06-04 10:12:17,4256.05,97494
2021-06-04 10:12:18,4256.05,97496
2021-06-04 10:12:19,4256.05,97536
2021-06-04 10:12:20,4256.05,97567
2021-06-04 10:12:21,4256.05,97569
2021-06-04 10:12:22,4256.05,97569
2021-06-04 10:12:23,4256.05,97569
2021-06-04 10:12:24,4256.0,97574
2021-06-04 10:12:25,4256.0,97574
2021-06-04 10:12:26,4256.0,97574
2021-06-04 10:12:27,4256.0,97730
2021-06-04 10:12:28,4256.0,97730
2021-06-04 10:12:29,4256.0,97730
2021-06-04 10:12:30,4256.0,97730
2021-06-04 10:12:31,4255.5,97732
2021-06-04 10:12:32,4256.0,97887
2021-06-04 10:12:33,4256.0,97897
2021-06-04 10:12:34,4256.0,97897
2021-06-04 10:12:36,4255.3,97902
2021-06-04 10:12:36,4255.3,97902
2021-06-04 10:12:38,4255.3,97902
2021-06-04 10:12:39,4255.3,97925
2021-06-04 10:12:40,4255.1,97934
2021-06-04 10:12:42,4255.1,98034
2021-06-04 10:12:43,4255.1,98034
2021-06-04 10:12:44,4255.1,98034
2021-06-04 10:12:45,4255.1,98034
2021-06-04 10:12:46,4255.1,98034
2021-06-04 10:12:47,4255.1,98034
2021-06-04 10:12:48,4255.1,98034
2021-06-04 10:12:49,4255.1,98034
2021-06-04 10:12:50,4255.1,98034
2021-06-04 10:12:51,4255.1,98092
2021-06-04 10:12:52,4256.0,98107
2021-06-04 10:12:53,4256.0,98107
2021-06-04 10:12:54,4256.0,98107
2021-06-04 10:12:55,4256.0,98107
2021-06-04 10:12:56,4255.0,98127
2021-06-04 10:12:57,4255.0,98127
2021-06-04 10:12:59,4255.0,98158
2021-06-04 10:13:00,4255.0,98158
2021-06-04 10:13:01,4255.9,98178
2021-06-04 10:13:02,4255.9,98178
2021-06-04 10:13:03,4255.9,98197
2021-06-04 10:13:04,4255.9,98197
2021-06-04 10:13:05,4255.9,98197
2021-06-04 10:13:06,4255.9,98197
2021-06-04 10:13:07,4255.9,98202
2021-06-04 10:13:07,4255.9,98202
2021-06-04 10:13:08,4255.9,98202
2021-06-04 10:13:09,4257.2,98641
2021-06-04 10:13:10,4257.2,98641
2021-06-04 10:13:11,4257.2,98641
2021-06-04 10:13:12,4257.2,98641
2021-06-04 10:13:13,4257.2,98641
2021-06-04 10:13:14,4257.2,98641
2021-06-04 10:13:16,4257.2,98641
2021-06-04 10:13:16,4257.2,98641
2021-06-04 10:13:17,4256.45,98672
2021-06-04 10:13:19,4258.55,98782
2021-06-04 10:13:20,4258.85,98792
2021-06-04 10:13:21,4258.85,98792
2021-06-04 10:13:22,4258.85,98792
2021-06-04 10:13:23,4258.85,98792
2021-06-04 10:13:24,4258.85,98792
2021-06-04 10:13:25,4258.85,98792
2021-06-04 10:13:26,4258.85,98792
2021-06-04 10:13:27,4258.85,98792
2021-06-04 10:13:28,4258.85,98792
2021-06-04 10:13:29,4259.7,98794
2021-06-04 10:13:31,4259.7,98794
2021-06-04 10:13:32,4260.0,98894
2021-06-04 10:13:33,4259.65,98895
2021-06-04 10:13:34,4259.65,98895
2021-06-04 10:13:35,4259.65,98895
2021-06-04 10:13:37,4257.4,98927
2021-06-04 10:13:38,4257.4,98927
2021-06-04 10:13:39,4257.4,98927
2021-06-04 10:13:40,4257.4,98927
2021-06-04 10:13:41,4257.4,98927
2021-06-04 10:13:43,4257.4,98927
2021-06-04 10:13:44,4257.4,98927
2021-06-04 10:13:46,4257.4,98927
2021-06-04 10:13:46,4257.4,98927
2021-06-04 10:13:47,4257.4,98927
2021-06-04 10:13:48,4257.4,98927
2021-06-04 10:13:49,4259.0,98949
2021-06-04 10:13:50,4259.0,98949
2021-06-04 10:13:51,4259.0,98949
2021-06-04 10:13:52,4259.0,98949
2021-06-04 10:13:53,4259.0,98949
2021-06-04 10:13:55,4259.0,98949
2021-06-04 10:13:55,4257.05,98980
2021-06-04 10:13:57,4257.05,98980
2021-06-04 10:13:57,4257.05,98980
2021-06-04 10:13:59,4257.05,98980
2021-06-04 10:13:59,4257.05,98980
2021-06-04 10:14:00,4257.05,98980
2021-06-04 10:14:01,4257.05,98980
2021-06-04 10:14:02,4259.1,99004
2021-06-04 10:14:03,4259.1,99004
2021-06-04 10:14:04,4259.1,99004
2021-06-04 10:14:05,4259.1,99004
2021-06-04 10:14:07,4258.15,99035
2021-06-04 10:14:07,4258.15,99035
2021-06-04 10:14:08,4258.15,99035
2021-06-04 10:14:10,4259.15,99085
2021-06-04 10:14:10,4259.15,99085
2021-06-04 10:14:12,4259.15,99085
2021-06-04 10:14:13,4259.15,99085
2021-06-04 10:14:14,4258.15,99090
2021-06-04 10:14:14,4259.15,99085
2021-06-04 10:14:15,4258.15,99090
2021-06-04 10:14:16,4258.15,99091
2021-06-04 10:14:17,4257.1,99117
2021-06-04 10:14:18,4257.1,99117
2021-06-04 10:14:19,4257.2,99127
2021-06-04 10:14:20,4257.2,99127
2021-06-04 10:14:21,4257.2,99127
2021-06-04 10:14:23,4257.2,99127
2021-06-04 10:14:23,4257.2,99127
2021-06-04 10:14:24,4257.2,99127
2021-06-04 10:14:25,4257.2,99127
2021-06-04 10:14:26,4259.15,99128
2021-06-04 10:14:27,4259.15,99128
2021-06-04 10:14:28,4259.15,99128
2021-06-04 10:14:29,4259.15,99128
2021-06-04 10:14:30,4259.15,99128
2021-06-04 10:14:31,4259.15,99128
2021-06-04 10:14:32,4259.15,99128
2021-06-04 10:14:33,4257.2,99158
2021-06-04 10:14:34,4256.8,99159
2021-06-04 10:14:35,4256.8,99159
2021-06-04 10:14:37,4256.8,99159
2021-06-04 10:14:38,4256.8,99159
2021-06-04 10:14:38,4256.8,99159
2021-06-04 10:14:40,4256.8,99159
2021-06-04 10:14:41,4256.8,99159
2021-06-04 10:14:42,4256.8,99159
2021-06-04 10:14:43,4256.8,99159
2021-06-04 10:14:46,4256.8,99159
2021-06-04 10:14:47,4256.8,99159
2021-06-04 10:14:48,4256.8,99159
2021-06-04 10:14:48,4258.7,99169
2021-06-04 10:14:49,4258.7,99169
2021-06-04 10:14:50,4258.7,99169
2021-06-04 10:14:51,4258.7,99169
2021-06-04 10:14:52,4256.8,99195
2021-06-04 10:14:53,4256.8,99195
2021-06-04 10:14:55,4256.8,99195
2021-06-04 10:14:55,4256.8,99195
2021-06-04 10:14:56,4256.1,99201
2021-06-04 10:14:57,4256.1,99201
2021-06-04 10:14:59,4256.75,99202
2021-06-04 10:14:59,4256.75,99202
2021-06-04 10:15:01,4256.75,99202
2021-06-04 10:15:02,4256.75,99202
2021-06-04 10:15:03,4256.75,99221
2021-06-04 10:15:03,4256.75,99221
2021-06-04 10:15:05,4256.75,99221
2021-06-04 10:15:06,4256.75,99221
2021-06-04 10:15:07,4256.75,99221
2021-06-04 10:15:08,4256.75,99221
2021-06-04 10:15:09,4256.45,99226
2021-06-04 10:15:10,4256.45,99226
2021-06-04 10:15:10,4256.45,99226
2021-06-04 10:15:12,4256.25,99312
2021-06-04 10:15:13,4256.25,99312
2021-06-04 10:15:14,4256.25,99312
2021-06-04 10:15:15,4256.75,99316
2021-06-04 10:15:15,4256.75,99316
2021-06-04 10:15:16,4256.75,99316
2021-06-04 10:15:17,4256.75,99316
2021-06-04 10:15:18,4256.75,99316
2021-06-04 10:15:19,4256.75,99316
2021-06-04 10:15:20,4256.75,99316
2021-06-04 10:15:21,4258.3,99317
2021-06-04 10:15:22,4258.3,99317
2021-06-04 10:15:23,4258.3,99317
2021-06-04 10:15:25,4255.95,99373
2021-06-04 10:15:26,4255.95,99373
2021-06-04 10:15:27,4255.95,99373
2021-06-04 10:15:28,4257.8,99374
2021-06-04 10:15:29,4257.8,99374
2021-06-04 10:15:31,4256.25,99401
2021-06-04 10:15:32,4255.05,99406
2021-06-04 10:15:33,4256.3,99407
2021-06-04 10:15:34,4255.05,99414
2021-06-04 10:15:35,4255.05,99414
2021-06-04 10:15:36,4255.05,99414
2021-06-04 10:15:36,4255.05,99414
2021-06-04 10:15:37,4256.3,99417
2021-06-04 10:15:38,4256.3,99417
2021-06-04 10:15:40,4256.3,99417
2021-06-04 10:15:40,4256.3,99417
2021-06-04 10:15:42,4256.3,99417
2021-06-04 10:15:43,4256.3,99417
2021-06-04 10:15:43,4256.3,99417
2021-06-04 10:15:45,4256.3,99417
2021-06-04 10:15:45,4256.3,99417
2021-06-04 10:15:46,4255.1,99432
2021-06-04 10:15:47,4255.3,99433
2021-06-04 10:15:49,4255.3,99433
2021-06-04 10:15:50,4255.3,99564
2021-06-04 10:15:51,4255.3,99564
2021-06-04 10:15:52,4255.3,99564
2021-06-04 10:15:53,4255.3,99564
2021-06-04 10:15:53,4255.3,99564
2021-06-04 10:15:54,4255.0,99655
2021-06-04 10:15:56,4254.3,99686
2021-06-04 10:15:57,4254.3,99686
2021-06-04 10:15:58,4254.3,99686
2021-06-04 10:15:59,4254.3,99686
2021-06-04 10:15:59,4254.3,99686
2021-06-04 10:16:00,4254.3,99686
2021-06-04 10:16:02,4255.0,99687
2021-06-04 10:16:03,4255.0,99706
2021-06-04 10:16:04,4254.0,99756
2021-06-04 10:16:05,4254.0,99756
2021-06-04 10:16:05,4254.0,99756
2021-06-04 10:16:07,4254.0,99756
2021-06-04 10:16:07,4254.0,99756
2021-06-04 10:16:08,4254.3,99767
2021-06-04 10:16:10,4254.3,99767
2021-06-04 10:16:11,4254.0,99775
2021-06-04 10:16:12,4254.0,99775
2021-06-04 10:16:13,4254.0,99775
2021-06-04 10:16:14,4253.65,99839
2021-06-04 10:16:15,4253.65,99839
2021-06-04 10:16:16,4253.65,99839
2021-06-04 10:16:17,4254.0,99963
2021-06-04 10:16:17,4254.0,99963
2021-06-04 10:16:18,4254.0,99975
2021-06-04 10:16:19,4254.0,99975
2021-06-04 10:16:20,4254.0,100005
2021-06-04 10:16:21,4254.0,100005
2021-06-04 10:16:22,4253.0,100158
2021-06-04 10:16:23,4253.0,100158
2021-06-04 10:16:25,4253.0,100158
2021-06-04 10:16:26,4254.9,100160
2021-06-04 10:16:27,4254.9,100160
2021-06-04 10:16:28,4253.0,100191
2021-06-04 10:16:30,4253.0,100191
2021-06-04 10:16:31,4253.0,100191
2021-06-04 10:16:32,4254.9,100196
2021-06-04 10:16:33,4253.05,100197
2021-06-04 10:16:34,4253.05,100212
2021-06-04 10:16:35,4253.05,100212
2021-06-04 10:16:35,4253.05,100212
2021-06-04 10:16:36,4253.05,100212
2021-06-04 10:16:39,4253.05,100212
2021-06-04 10:16:40,4254.5,100242
2021-06-04 10:16:41,4254.5,100242
2021-06-04 10:16:42,4254.5,100242
2021-06-04 10:16:43,4254.5,100242
2021-06-04 10:16:45,4254.2,100246
2021-06-04 10:16:46,4253.15,100308
2021-06-04 10:16:47,4253.15,100339
2021-06-04 10:16:48,4253.15,100339
2021-06-04 10:16:49,4253.15,100339
2021-06-04 10:16:50,4254.2,100349
2021-06-04 10:16:51,4254.2,100349
2021-06-04 10:16:52,4254.2,100349
2021-06-04 10:16:53,4254.2,100349
2021-06-04 10:16:54,4254.2,100349
2021-06-04 10:16:55,4254.2,100349
2021-06-04 10:16:55,4254.2,100349
2021-06-04 10:16:58,4254.2,100349
2021-06-04 10:16:59,4254.2,100349
2021-06-04 10:17:00,4254.2,100349
2021-06-04 10:17:01,4254.2,100349
2021-06-04 10:17:02,4254.2,100349
2021-06-04 10:17:03,4253.25,100376
2021-06-04 10:17:04,4253.25,100376
2021-06-04 10:17:06,4253.25,100408
2021-06-04 10:17:05,4253.25,100376
2021-06-04 10:17:07,4253.15,100438
2021-06-04 10:17:08,4253.25,100539
2021-06-04 10:17:09,4253.25,100539
2021-06-04 10:17:10,4253.25,100539
2021-06-04 10:17:11,4255.6,100803
2021-06-04 10:17:12,4255.6,100803
2021-06-04 10:17:13,4254.55,100805
2021-06-04 10:17:14,4254.55,100805
2021-06-04 10:17:15,4257.05,101155
2021-06-04 10:17:16,4257.05,101155
2021-06-04 10:17:17,4257.05,101155
2021-06-04 10:17:18,4257.05,101155
2021-06-04 10:17:19,4257.05,101155
2021-06-04 10:17:20,4257.4,101255
2021-06-04 10:17:21,4257.4,101255
2021-06-04 10:17:22,4257.4,101255
2021-06-04 10:17:24,4257.4,101255
2021-06-04 10:17:25,4255.2,101286
2021-06-04 10:17:26,4255.2,101292
2021-06-04 10:17:27,4255.2,101292
2021-06-04 10:17:28,4255.2,101292
2021-06-04 10:17:29,4255.2,101292
2021-06-04 10:17:30,4255.2,101292
2021-06-04 10:17:31,4255.2,101292
2021-06-04 10:17:32,4255.2,101292
2021-06-04 10:17:33,4255.2,101292
2021-06-04 10:17:34,4255.2,101292
2021-06-04 10:17:35,4255.2,101292
2021-06-04 10:17:36,4255.2,101292
2021-06-04 10:17:37,4255.2,101292
2021-06-04 10:17:38,4257.3,101294
2021-06-04 10:17:39,4257.3,101294
2021-06-04 10:17:40,4257.3,101294
2021-06-04 10:17:41,4257.3,101294
2021-06-04 10:17:42,4257.3,101294
2021-06-04 10:17:43,4255.0,101474
2021-06-04 10:17:44,4255.0,101497
2021-06-04 10:17:45,4255.0,101497
2021-06-04 10:17:46,4255.0,101497
2021-06-04 10:17:47,4254.0,101506
2021-06-04 10:17:48,4254.0,101506
2021-06-04 10:17:49,4254.0,101506
2021-06-04 10:17:50,4254.0,101506
2021-06-04 10:17:51,4254.0,101506
2021-06-04 10:17:52,4254.0,101506
2021-06-04 10:17:53,4254.0,101506
2021-06-04 10:17:54,4253.35,101536
2021-06-04 10:17:55,4253.35,101536
2021-06-04 10:17:56,4253.35,101536
2021-06-04 10:17:57,4253.35,101536
2021-06-04 10:17:58,4253.35,101536
2021-06-04 10:17:59,4253.35,101536
2021-06-04 10:18:00,4253.35,101536
2021-06-04 10:18:01,4254.85,101537
2021-06-04 10:18:02,4254.0,101560
2021-06-04 10:18:02,4254.0,101560
2021-06-04 10:18:05,4253.05,101594
2021-06-04 10:18:06,4253.05,101594
2021-06-04 10:18:07,4253.05,101594
2021-06-04 10:18:08,4253.3,101651
2021-06-04 10:18:09,4253.3,101651
2021-06-04 10:18:09,4253.3,101651
2021-06-04 10:18:10,4253.3,101651
2021-06-04 10:18:11,4253.3,101651
2021-06-04 10:18:12,4253.3,101701
2021-06-04 10:18:13,4253.3,101701
2021-06-04 10:18:15,4253.3,101701
2021-06-04 10:18:16,4253.3,101701
2021-06-04 10:18:17,4253.3,101701
2021-06-04 10:18:18,4253.25,101815
2021-06-04 10:18:19,4253.25,101823
2021-06-04 10:18:20,4253.25,101823
2021-06-04 10:18:21,4253.25,101823
2021-06-04 10:18:22,4253.25,101855
2021-06-04 10:18:23,4253.25,101855
2021-06-04 10:18:24,4253.25,101855
2021-06-04 10:18:25,4253.25,101855
2021-06-04 10:18:26,4253.25,101855
2021-06-04 10:18:27,4253.25,101855
2021-06-04 10:18:28,4254.8,101885
2021-06-04 10:18:29,4254.8,101885
2021-06-04 10:18:30,4254.8,101885
2021-06-04 10:18:31,4254.8,101885
2021-06-04 10:18:32,4254.8,101886
2021-06-04 10:18:33,4254.8,101886
2021-06-04 10:18:34,4254.8,101886
2021-06-04 10:18:35,4254.8,101886
2021-06-04 10:18:36,4254.8,101886
2021-06-04 10:18:37,4254.8,101886
2021-06-04 10:18:37,4254.8,101886
2021-06-04 10:18:38,4253.25,101933
2021-06-04 10:18:39,4253.25,101933
2021-06-04 10:18:41,4254.8,101965
