timestamp,ltp,volume
2021-06-04 09:15:51,5917.85,34484
2021-06-04 09:15:52,5915.0,35565
2021-06-04 09:15:53,5915.35,35788
2021-06-04 09:15:54,5918.8,36124
2021-06-04 09:15:55,5918.85,36385
2021-06-04 09:15:56,5916.0,37363
2021-06-04 09:15:57,5916.5,37675
2021-06-04 09:15:58,5916.35,37959
2021-06-04 09:15:59,5918.45,38347
2021-06-04 09:16:00,5916.35,39607
2021-06-04 09:16:01,5919.3,40043
2021-06-04 09:16:02,5916.3,40507
2021-06-04 09:16:03,5919.05,41661
2021-06-04 09:16:04,5918.8,42330
2021-06-04 09:16:05,5919.6,43987
2021-06-04 09:16:06,5919.35,44425
2021-06-04 09:16:07,5919.6,44858
2021-06-04 09:16:08,5918.85,45209
2021-06-04 09:16:09,5919.05,45981
2021-06-04 09:16:10,5921.15,46570
2021-06-04 09:16:11,5922.45,46922
2021-06-04 09:16:12,5920.9,47241
2021-06-04 09:16:13,5923.95,47499
2021-06-04 09:16:14,5919.95,47805
2021-06-04 09:16:15,5920.75,47915
2021-06-04 09:16:16,5920.1,48193
2021-06-04 09:16:17,5920.1,48527
2021-06-04 09:16:18,5922.0,48915
2021-06-04 09:16:19,5923.0,49226
2021-06-04 09:16:20,5920.3,49382
2021-06-04 09:16:21,5921.35,49402
2021-06-04 09:16:22,5923.9,49604
2021-06-04 09:16:23,5922.45,49638
2021-06-04 09:16:24,5923.95,49739
2021-06-04 09:16:25,5921.95,50143
2021-06-04 09:16:26,5921.95,50229
2021-06-04 09:16:27,5923.35,50729
2021-06-04 09:16:28,5922.45,50751
2021-06-04 09:16:29,5922.0,50777
2021-06-04 09:16:30,5920.3,50897
2021-06-04 09:16:31,5923.0,51251
2021-06-04 09:16:32,5923.0,51768
2021-06-04 09:16:33,5920.85,52046
2021-06-04 09:16:34,5923.0,52301
2021-06-04 09:16:35,5923.0,52417
2021-06-04 09:16:36,5920.85,52993
2021-06-04 09:16:37,5923.9,53019
2021-06-04 09:16:38,5923.45,53289
2021-06-04 09:16:39,5922.35,53882
2021-06-04 09:16:40,5922.45,54851
2021-06-04 09:16:41,5924.15,54861
2021-06-04 09:16:42,5922.35,55261
2021-06-04 09:16:43,5922.35,56164
2021-06-04 09:16:44,5922.35,56491
2021-06-04 09:16:45,5924.7,56908
2021-06-04 09:16:46,5923.0,58547
2021-06-04 09:16:47,5925.0,58575
2021-06-04 09:16:48,5922.85,58670
2021-06-04 09:16:49,5925.0,58950
2021-06-04 09:16:50,5925.0,59081
2021-06-04 09:16:51,5923.05,59208
2021-06-04 09:16:52,5923.05,59546
2021-06-04 09:16:53,5925.0,59656
2021-06-04 09:16:54,5924.8,60002
2021-06-04 09:16:55,5923.25,60003
2021-06-04 09:16:56,5925.6,60808
2021-06-04 09:16:57,5923.8,61143
2021-06-04 09:16:58,5923.35,61240
2021-06-04 09:16:59,5923.35,61241
2021-06-04 09:17:00,5923.25,61606
2021-06-04 09:17:01,5923.2,62553
2021-06-04 09:17:02,5925.6,62853
2021-06-04 09:17:03,5925.0,62880
2021-06-04 09:17:04,5925.0,63081
2021-06-04 09:17:05,5925.6,63183
2021-06-04 09:17:06,5923.6,63218
2021-06-04 09:17:07,5923.75,63570
2021-06-04 09:17:08,5923.45,63822
2021-06-04 09:17:09,5925.0,63926
2021-06-04 09:17:10,5924.0,64158
2021-06-04 09:17:11,5923.5,65240
2021-06-04 09:17:12,5926.35,66250
2021-06-04 09:17:13,5925.4,66656
2021-06-04 09:17:14,5923.9,66863
2021-06-04 09:17:15,5925.0,66923
2021-06-04 09:17:16,5925.6,67119
2021-06-04 09:17:17,5925.0,67697
2021-06-04 09:17:18,5925.0,67697
2021-06-04 09:17:19,5925.15,67938
2021-06-04 09:17:20,5926.8,68256
2021-06-04 09:17:21,5927.4,68613
2021-06-04 09:17:22,5925.25,69867
2021-06-04 09:17:23,5925.75,70661
2021-06-04 09:17:24,5924.9,72637
2021-06-04 09:17:25,5923.1,80989
2021-06-04 09:17:26,5921.5,81720
2021-06-04 09:17:27,5921.7,81779
2021-06-04 09:17:28,5923.0,81940
2021-06-04 09:17:29,5925.25,82138
2021-06-04 09:17:30,5923.5,82384
2021-06-04 09:17:31,5923.5,82444
2021-06-04 09:17:33,5925.35,82601
2021-06-04 09:17:32,5924.85,82551
2021-06-04 09:17:34,5924.7,82716
2021-06-04 09:17:35,5923.3,82783
2021-06-04 09:17:36,5925.25,83053
2021-06-04 09:17:37,5925.25,83053
2021-06-04 09:17:38,5923.5,83190
2021-06-04 09:17:39,5926.55,83517
2021-06-04 09:17:40,5925.2,83992
2021-06-04 09:17:41,5925.0,84196
2021-06-04 09:17:42,5923.8,84834
2021-06-04 09:17:43,5923.15,87090
2021-06-04 09:17:44,5920.0,87636
2021-06-04 09:17:45,5918.85,94626
2021-06-04 09:17:46,5919.9,95868
2021-06-04 09:17:47,5920.4,96028
2021-06-04 09:17:48,5920.2,96058
2021-06-04 09:17:49,5920.0,96117
2021-06-04 09:17:50,5922.9,96217
2021-06-04 09:17:51,5922.9,96237
2021-06-04 09:17:52,5923.15,96387
2021-06-04 09:17:53,5920.25,96552
2021-06-04 09:17:54,5922.4,96590
2021-06-04 09:17:55,5920.0,96643
2021-06-04 09:17:56,5920.0,96657
2021-06-04 09:17:57,5921.0,96675
2021-06-04 09:17:58,5921.0,96798
2021-06-04 09:18:00,5920.0,97136
2021-06-04 09:18:00,5920.0,97136
2021-06-04 09:18:01,5919.9,97823
2021-06-04 09:18:02,5919.95,97833
2021-06-04 09:18:03,5920.0,97836
2021-06-04 09:18:04,5919.9,98112
2021-06-04 09:18:05,5920.0,98382
2021-06-04 09:18:06,5916.0,99181
2021-06-04 09:18:07,5914.55,100295
2021-06-04 09:18:08,5918.55,100504
2021-06-04 09:18:09,5915.5,100779
2021-06-04 09:18:10,5911.05,101340
2021-06-04 09:18:11,5915.15,101662
2021-06-04 09:18:12,5915.15,101669
2021-06-04 09:18:13,5912.85,101679
2021-06-04 09:18:14,5912.55,101785
2021-06-04 09:18:15,5912.45,101848
2021-06-04 09:18:16,5911.45,101869
2021-06-04 09:18:17,5911.0,101955
2021-06-04 09:18:18,5913.25,102017
2021-06-04 09:18:19,5914.85,102185
2021-06-04 09:18:20,5911.45,102230
2021-06-04 09:18:21,5914.45,102795
2021-06-04 09:18:22,5912.85,102946
2021-06-04 09:18:23,5915.0,103057
2021-06-04 09:18:24,5911.7,103135
2021-06-04 09:18:25,5911.55,103218
2021-06-04 09:18:26,5913.25,103300
2021-06-04 09:18:27,5914.45,103355
2021-06-04 09:18:28,5911.1,103562
2021-06-04 09:18:30,5914.45,103670
2021-06-04 09:18:31,5914.0,103726
2021-06-04 09:18:31,5914.0,103726
2021-06-04 09:18:32,5912.35,103976
2021-06-04 09:18:33,5912.85,104202
2021-06-04 09:18:34,5912.35,104260
2021-06-04 09:18:35,5912.75,105002
2021-06-04 09:18:36,5912.35,105219
2021-06-04 09:18:37,5912.35,105469
2021-06-04 09:18:38,5912.35,106078
2021-06-04 09:18:39,5911.7,106373
2021-06-04 09:18:40,5912.75,106510
2021-06-04 09:18:41,5911.1,106708
2021-06-04 09:18:42,5911.1,106845
2021-06-04 09:18:43,5911.35,107018
2021-06-04 09:18:45,5910.7,108114
2021-06-04 09:18:45,5909.0,108113
2021-06-04 09:18:46,5910.0,108119
2021-06-04 09:18:47,5909.0,108160
2021-06-04 09:18:48,5910.7,108245
2021-06-04 09:18:49,5909.0,108491
2021-06-04 09:18:50,5909.35,108543
2021-06-04 09:18:51,5908.7,108965
2021-06-04 09:18:53,5906.4,109355
2021-06-04 09:18:53,5906.4,109355
2021-06-04 09:18:54,5906.1,109365
2021-06-04 09:18:55,5905.0,109934
2021-06-04 09:18:56,5906.7,110193
2021-06-04 09:18:57,5905.0,110295
2021-06-04 09:18:58,5905.5,110429
2021-06-04 09:18:59,5906.9,110557
2021-06-04 09:19:00,5902.8,110584
2021-06-04 09:19:01,5905.0,110679
2021-06-04 09:19:02,5904.95,110744
2021-06-04 09:19:03,5902.0,110947
2021-06-04 09:19:04,5902.05,111286
2021-06-04 09:19:05,5902.2,111296
2021-06-04 09:19:06,5900.4,111655
2021-06-04 09:19:07,5903.2,112002
2021-06-04 09:19:08,5903.8,112313
2021-06-04 09:19:09,5906.0,113310
2021-06-04 09:19:10,5908.5,113419
2021-06-04 09:19:11,5906.45,113440
2021-06-04 09:19:12,5908.45,113617
2021-06-04 09:19:13,5904.55,113765
2021-06-04 09:19:14,5904.55,113793
2021-06-04 09:19:15,5907.15,113852
2021-06-04 09:19:16,5907.45,113912
2021-06-04 09:19:17,5911.0,114974
2021-06-04 09:19:18,5909.5,115456
2021-06-04 09:19:20,5908.9,115529
2021-06-04 09:19:20,5908.75,115519
2021-06-04 09:19:21,5907.45,115533
2021-06-04 09:19:22,5907.5,115564
2021-06-04 09:19:23,5908.0,115591
2021-06-04 09:19:24,5907.7,115698
2021-06-04 09:19:25,5908.9,115728
2021-06-04 09:19:26,5908.0,115742
2021-06-04 09:19:28,5907.8,115948
2021-06-04 09:19:28,5907.8,115948
2021-06-04 09:19:29,5906.7,116223
2021-06-04 09:19:30,5905.9,116253
2021-06-04 09:19:31,5906.7,116294
2021-06-04 09:19:32,5905.9,116491
2021-06-04 09:19:33,5906.9,116512
2021-06-04 09:19:34,5906.7,116580
2021-06-04 09:19:35,5907.45,116650
2021-06-04 09:19:36,5905.9,116702
2021-06-04 09:19:37,5905.9,116702
2021-06-04 09:19:38,5905.9,116788
2021-06-04 09:19:39,5907.85,116961
2021-06-04 09:19:40,5906.05,117117
2021-06-04 09:19:41,5909.2,117254
2021-06-04 09:19:42,5908.4,117265
2021-06-04 09:19:43,5909.5,117287
2021-06-04 09:19:44,5909.5,117292
2021-06-04 09:19:45,5909.6,117312
2021-06-04 09:19:46,5910.8,117815
2021-06-04 09:19:47,5911.1,118012
2021-06-04 09:19:48,5909.95,118063
2021-06-04 09:19:49,5909.95,118117
2021-06-04 09:19:50,5910.0,118222
2021-06-04 09:19:52,5911.0,118417
2021-06-04 09:19:53,5909.95,118502
2021-06-04 09:19:54,5912.0,118532
2021-06-04 09:19:55,5911.9,118943
2021-06-04 09:19:56,5911.05,118944
2021-06-04 09:19:57,5912.0,119099
2021-06-04 09:19:58,5910.95,119128
2021-06-04 09:19:59,5910.95,119162
2021-06-04 09:20:00,5912.6,119412
2021-06-04 09:20:01,5910.95,119488
2021-06-04 09:20:02,5912.0,119626
2021-06-04 09:20:04,5912.3,119936
2021-06-04 09:20:05,5911.9,120030
2021-06-04 09:20:06,5909.5,124052
2021-06-04 09:20:07,5911.9,124287
2021-06-04 09:20:07,5911.9,124287
2021-06-04 09:20:08,5913.0,124528
2021-06-04 09:20:09,5913.0,124563
2021-06-04 09:20:10,5913.6,125765
2021-06-04 09:20:11,5915.0,125774
2021-06-04 09:20:12,5918.0,125840
2021-06-04 09:20:13,5915.7,125853
2021-06-04 09:20:14,5916.05,125936
2021-06-04 09:20:15,5915.95,125989
2021-06-04 09:20:16,5918.4,125996
2021-06-04 09:20:17,5915.8,126075
2021-06-04 09:20:18,5918.35,126090
2021-06-04 09:20:19,5918.5,126181
2021-06-04 09:20:20,5919.0,126451
2021-06-04 09:20:21,5918.0,126519
2021-06-04 09:20:22,5918.0,126609
2021-06-04 09:20:23,5919.0,126651
2021-06-04 09:20:25,5919.9,126830
2021-06-04 09:20:25,5920.05,127187
2021-06-04 09:20:26,5920.9,127249
2021-06-04 09:20:27,5922.0,127320
2021-06-04 09:20:28,5922.35,127520
2021-06-04 09:20:29,5922.5,127532
2021-06-04 09:20:30,5922.5,127578
2021-06-04 09:20:31,5923.5,128208
2021-06-04 09:20:32,5924.7,128326
2021-06-04 09:20:33,5922.55,128332
2021-06-04 09:20:34,5922.2,128419
2021-06-04 09:20:35,5924.55,128484
2021-06-04 09:20:36,5923.45,128494
2021-06-04 09:20:37,5923.85,128777
2021-06-04 09:20:38,5921.25,129010
2021-06-04 09:20:39,5921.25,129269
2021-06-04 09:20:40,5921.5,129675
2021-06-04 09:20:41,5921.25,129838
2021-06-04 09:20:42,5922.2,129892
2021-06-04 09:20:43,5920.6,130179
2021-06-04 09:20:44,5922.0,130200
2021-06-04 09:20:45,5923.6,130366
2021-06-04 09:20:46,5923.9,130541
2021-06-04 09:20:47,5921.15,130602
2021-06-04 09:20:48,5923.2,130763
2021-06-04 09:20:49,5920.6,130944
2021-06-04 09:20:50,5918.0,131165
2021-06-04 09:20:51,5919.1,131366
2021-06-04 09:20:52,5917.1,131374
2021-06-04 09:20:54,5919.0,131404
2021-06-04 09:20:55,5917.45,131588
2021-06-04 09:20:55,5917.45,131588
2021-06-04 09:20:56,5916.9,131684
2021-06-04 09:20:57,5916.4,131935
2021-06-04 09:20:58,5919.65,132035
2021-06-04 09:20:59,5919.0,132046
2021-06-04 09:21:00,5919.0,132054
2021-06-04 09:21:01,5917.4,132314
2021-06-04 09:21:02,5918.95,132413
2021-06-04 09:21:03,5919.0,132474
2021-06-04 09:21:05,5919.0,132477
2021-06-04 09:21:06,5919.15,132957
2021-06-04 09:21:07,5920.75,133124
2021-06-04 09:21:07,5919.4,133267
2021-06-04 09:21:08,5918.25,133563
2021-06-04 09:21:09,5920.95,133567
2021-06-04 09:21:11,5918.6,133651
2021-06-04 09:21:12,5919.0,133701
2021-06-04 09:21:12,5919.0,133701
2021-06-04 09:21:14,5919.3,133922
2021-06-04 09:21:15,5919.25,134064
2021-06-04 09:21:16,5920.0,134499
2021-06-04 09:21:17,5919.25,134525
2021-06-04 09:21:18,5920.95,134548
2021-06-04 09:21:19,5920.95,134684
2021-06-04 09:21:21,5920.95,134740
2021-06-04 09:21:22,5920.95,134781
2021-06-04 09:21:23,5920.95,134781
2021-06-04 09:21:24,5922.25,135329
2021-06-04 09:21:25,5920.85,135394
2021-06-04 09:21:25,5920.85,135394
2021-06-04 09:21:26,5923.4,135701
2021-06-04 09:21:27,5923.65,135731
2021-06-04 09:21:28,5921.05,135786
2021-06-04 09:21:29,5924.0,135957
2021-06-04 09:21:30,5924.35,136219
2021-06-04 09:21:31,5921.1,136308
2021-06-04 09:21:32,5921.1,136308
2021-06-04 09:21:33,5921.0,136319
2021-06-04 09:21:34,5924.4,136505
2021-06-04 09:21:35,5924.35,136636
2021-06-04 09:21:36,5923.0,136744
2021-06-04 09:21:37,5923.0,136806
2021-06-04 09:21:38,5922.0,137088
2021-06-04 09:21:39,5921.0,137356
2021-06-04 09:21:40,5922.0,137446
2021-06-04 09:21:41,5921.0,137447
2021-06-04 09:21:42,5921.7,137889
2021-06-04 09:21:43,5921.75,138183
2021-06-04 09:21:44,5921.0,138225
2021-06-04 09:21:45,5921.0,138292
2021-06-04 09:21:46,5922.0,138337
2021-06-04 09:21:47,5922.0,139258
2021-06-04 09:21:48,5921.0,139273
2021-06-04 09:21:49,5921.05,139545
2021-06-04 09:21:50,5923.0,139840
2021-06-04 09:21:51,5921.05,139918
2021-06-04 09:21:52,5922.7,140274
2021-06-04 09:21:53,5921.75,140275
2021-06-04 09:21:54,5922.95,140285
2021-06-04 09:21:55,5921.7,140386
2021-06-04 09:21:57,5922.95,140518
2021-06-04 09:21:58,5922.6,140576
2021-06-04 09:21:58,5921.0,140561
2021-06-04 09:21:59,5922.95,140799
2021-06-04 09:22:00,5922.6,140929
2021-06-04 09:22:01,5921.95,140958
2021-06-04 09:22:02,5922.6,141074
2021-06-04 09:22:04,5922.7,141156
2021-06-04 09:22:05,5923.0,141186
2021-06-04 09:22:06,5923.0,141352
2021-06-04 09:22:07,5921.7,141363
2021-06-04 09:22:08,5921.7,141363
2021-06-04 09:22:09,5923.0,141489
2021-06-04 09:22:10,5923.0,141556
2021-06-04 09:22:11,5922.6,141557
2021-06-04 09:22:12,5923.0,141607
2021-06-04 09:22:13,5922.0,141656
2021-06-04 09:22:14,5922.0,141666
2021-06-04 09:22:15,5923.0,141843
2021-06-04 09:22:16,5922.0,141999
2021-06-04 09:22:17,5922.3,142013
2021-06-04 09:22:18,5924.0,142124
2021-06-04 09:22:19,5921.0,142332
2021-06-04 09:22:20,5924.5,142632
2021-06-04 09:22:21,5922.0,142647
2021-06-04 09:22:22,5922.35,142683
2021-06-04 09:22:23,5924.9,143050
2021-06-04 09:22:24,5923.1,143214
2021-06-04 09:22:25,5924.0,143355
2021-06-04 09:22:26,5922.9,143423
2021-06-04 09:22:27,5922.9,143487
2021-06-04 09:22:27,5923.0,143481
2021-06-04 09:22:28,5925.0,143563
2021-06-04 09:22:30,5922.9,143669
2021-06-04 09:22:31,5923.0,143671
2021-06-04 09:22:32,5924.9,143692
2021-06-04 09:22:33,5922.9,143757
2021-06-04 09:22:34,5924.9,143995
2021-06-04 09:22:35,5923.0,144108
2021-06-04 09:22:36,5925.0,144176
2021-06-04 09:22:36,5923.0,144175
2021-06-04 09:22:37,5922.0,148208
2021-06-04 09:22:38,5922.5,148276
2021-06-04 09:22:39,5922.5,148276
2021-06-04 09:22:40,5922.5,148276
2021-06-04 09:22:41,5923.9,148429
2021-06-04 09:22:42,5923.95,148450
2021-06-04 09:22:43,5923.85,148499
2021-06-04 09:22:44,5923.85,148616
2021-06-04 09:22:45,5921.2,148628
2021-06-04 09:22:47,5923.85,148751
2021-06-04 09:22:48,5922.0,148806
2021-06-04 09:22:49,5922.0,148806
2021-06-04 09:22:50,5923.0,148823
2021-06-04 09:22:51,5924.0,148873
2021-06-04 09:22:52,5921.1,148893
2021-06-04 09:22:53,5923.85,148918
2021-06-04 09:22:54,5921.25,149233
2021-06-04 09:22:56,5922.0,149407
2021-06-04 09:22:57,5923.0,149409
2021-06-04 09:22:58,5921.95,149574
2021-06-04 09:22:59,5921.8,149730
2021-06-04 09:23:00,5920.05,149830
2021-06-04 09:23:01,5922.0,149841
2021-06-04 09:23:02,5922.0,149889
2021-06-04 09:23:03,5922.0,149894
2021-06-04 09:23:04,5920.3,149914
2021-06-04 09:23:05,5920.35,149924
2021-06-04 09:23:06,5921.6,150246
2021-06-04 09:23:07,5921.6,150246
2021-06-04 09:23:07,5921.6,150246
2021-06-04 09:23:08,5921.6,150246
2021-06-04 09:23:09,5921.25,150267
2021-06-04 09:23:10,5921.9,150282
2021-06-04 09:23:11,5921.75,150283
2021-06-04 09:23:12,5921.25,150348
2021-06-04 09:23:13,5921.0,150359
2021-06-04 09:23:14,5922.0,150464
2021-06-04 09:23:15,5921.3,150880
2021-06-04 09:23:16,5920.1,150901
2021-06-04 09:23:17,5920.1,150906
2021-06-04 09:23:18,5921.75,150907
2021-06-04 09:23:20,5921.75,150907
2021-06-04 09:23:21,5921.75,150907
2021-06-04 09:23:22,5921.75,150932
2021-06-04 09:23:23,5920.0,150977
2021-06-04 09:23:24,5921.9,151130
2021-06-04 09:23:25,5921.75,151155
2021-06-04 09:23:26,5922.0,151242
2021-06-04 09:23:27,5922.0,151254
2021-06-04 09:23:28,5922.25,151483
2021-06-04 09:23:29,5920.0,151489
2021-06-04 09:23:30,5920.0,151514
2021-06-04 09:23:30,5920.0,151514
2021-06-04 09:23:31,5922.0,151524
2021-06-04 09:23:32,5922.0,151526
2021-06-04 09:23:33,5922.0,151578
2021-06-04 09:23:34,5922.0,151757
2021-06-04 09:23:35,5921.75,152337
2021-06-04 09:23:36,5923.0,152353
2021-06-04 09:23:38,5923.0,152353
2021-06-04 09:23:39,5923.0,152353
2021-06-04 09:23:40,5922.0,152381
2021-06-04 09:23:41,5921.9,152457
2021-06-04 09:23:42,5923.4,155517
2021-06-04 09:23:42,5923.4,155517
2021-06-04 09:23:43,5924.0,155548
2021-06-04 09:23:44,5927.55,168334
2021-06-04 09:23:45,5928.7,168475
2021-06-04 09:23:46,5928.15,168584
2021-06-04 09:23:48,5926.05,168901
2021-06-04 09:23:49,5928.9,169157
2021-06-04 09:23:50,5928.95,169298
2021-06-04 09:23:51,5928.7,169492
2021-06-04 09:23:52,5927.0,169512
2021-06-04 09:23:53,5929.05,170019
2021-06-04 09:23:54,5929.25,170059
2021-06-04 09:23:54,5929.25,170059
2021-06-04 09:23:55,5928.25,170182
2021-06-04 09:23:56,5926.4,170763
2021-06-04 09:23:57,5925.85,171030
2021-06-04 09:23:58,5928.15,171056
2021-06-04 09:23:59,5926.9,171156
2021-06-04 09:24:00,5928.75,171326
2021-06-04 09:24:01,5927.55,171402
2021-06-04 09:24:02,5929.0,171564
2021-06-04 09:24:03,5928.1,171854
2021-06-04 09:24:04,5928.0,172085
2021-06-04 09:24:06,5930.4,175876
2021-06-04 09:24:07,5930.5,175990
2021-06-04 09:24:08,5931.1,176137
2021-06-04 09:24:09,5933.5,176378
2021-06-04 09:24:10,5934.0,176705
2021-06-04 09:24:11,5934.0,176906
2021-06-04 09:24:12,5933.0,177371
2021-06-04 09:24:13,5933.45,177402
2021-06-04 09:24:14,5933.9,177538
2021-06-04 09:24:15,5931.2,177963
2021-06-04 09:24:16,5934.0,178153
2021-06-04 09:24:17,5932.15,178529
2021-06-04 09:24:18,5934.0,178706
2021-06-04 09:24:19,5933.4,179001
2021-06-04 09:24:20,5933.4,179026
2021-06-04 09:24:20,5933.4,179026
2021-06-04 09:24:22,5932.15,179193
2021-06-04 09:24:23,5933.4,179349
2021-06-04 09:24:24,5934.0,179430
2021-06-04 09:24:25,5934.0,179618
2021-06-04 09:24:26,5934.4,179816
2021-06-04 09:24:27,5933.4,179887
2021-06-04 09:24:28,5933.4,179918
2021-06-04 09:24:29,5933.3,180335
2021-06-04 09:24:30,5933.4,180456
2021-06-04 09:24:31,5933.4,180532
2021-06-04 09:24:32,5933.3,180554
2021-06-04 09:24:33,5934.0,180683
2021-06-04 09:24:34,5934.0,180709
2021-06-04 09:24:35,5934.65,180781
2021-06-04 09:24:36,5934.65,180978
2021-06-04 09:24:37,5934.65,181061
2021-06-04 09:24:38,5934.7,181301
2021-06-04 09:24:39,5934.25,181997
2021-06-04 09:24:40,5935.0,182185
2021-06-04 09:24:41,5935.0,182325
2021-06-04 09:24:42,5934.0,182543
2021-06-04 09:24:43,5934.0,182633
2021-06-04 09:24:44,5933.3,182812
2021-06-04 09:24:45,5934.5,182896
2021-06-04 09:24:46,5934.3,183825
2021-06-04 09:24:47,5935.0,183833
2021-06-04 09:24:48,5934.9,183903
2021-06-04 09:24:49,5934.15,184438
2021-06-04 09:24:49,5934.5,184439
2021-06-04 09:24:50,5935.1,186474
2021-06-04 09:24:51,5937.75,186563
2021-06-04 09:24:52,5935.05,186751
2021-06-04 09:24:53,5936.95,186801
2021-06-04 09:24:54,5934.0,187014
2021-06-04 09:24:55,5937.4,187305
2021-06-04 09:24:57,5938.0,187673
2021-06-04 09:24:58,5936.0,187846
2021-06-04 09:24:59,5938.0,187930
2021-06-04 09:25:01,5938.0,188146
2021-06-04 09:25:02,5937.35,188253
2021-06-04 09:25:03,5938.0,188575
2021-06-04 09:25:04,5939.0,188703
2021-06-04 09:25:05,5939.0,188840
2021-06-04 09:25:06,5938.0,190182
2021-06-04 09:25:06,5937.75,190196
2021-06-04 09:25:07,5938.0,190243
2021-06-04 09:25:08,5939.0,190389
2021-06-04 09:25:09,5938.65,190750
2021-06-04 09:25:10,5939.0,190995
2021-06-04 09:25:11,5937.9,192167
2021-06-04 09:25:12,5939.8,192260
2021-06-04 09:25:13,5939.8,192292
2021-06-04 09:25:15,5938.0,192409
2021-06-04 09:25:16,5939.5,192478
2021-06-04 09:25:17,5940.0,192904
2021-06-04 09:25:18,5940.0,193141
2021-06-04 09:25:19,5939.0,193695
2021-06-04 09:25:20,5940.0,193744
2021-06-04 09:25:21,5938.9,194422
2021-06-04 09:25:22,5939.8,194591
2021-06-04 09:25:23,5938.95,194870
2021-06-04 09:25:24,5940.0,195025
2021-06-04 09:25:25,5940.0,195067
2021-06-04 09:25:26,5940.0,195233
2021-06-04 09:25:27,5940.0,195475
2021-06-04 09:25:28,5940.0,195840
2021-06-04 09:25:29,5941.35,196774
2021-06-04 09:25:30,5940.7,196992
2021-06-04 09:25:31,5940.4,197153
2021-06-04 09:25:32,5943.4,197373
2021-06-04 09:25:33,5943.5,197413
2021-06-04 09:25:34,5942.05,198156
2021-06-04 09:25:35,5943.5,198528
2021-06-04 09:25:36,5944.1,198793
2021-06-04 09:25:37,5945.0,200103
2021-06-04 09:25:38,5945.0,200201
2021-06-04 09:25:39,5945.0,200547
2021-06-04 09:25:40,5946.0,201117
2021-06-04 09:25:41,5944.65,201357
2021-06-04 09:25:42,5942.85,201570
2021-06-04 09:25:43,5945.0,201778
2021-06-04 09:25:44,5943.0,201795
2021-06-04 09:25:45,5942.7,202132
2021-06-04 09:25:46,5946.0,202493
2021-06-04 09:25:46,5945.0,202293
2021-06-04 09:25:47,5945.0,202705
2021-06-04 09:25:48,5946.65,203060
2021-06-04 09:25:49,5945.0,203245
2021-06-04 09:25:50,5946.9,203458
2021-06-04 09:25:51,5945.3,203713
2021-06-04 09:25:53,5945.0,203780
2021-06-04 09:25:54,5947.8,204157
2021-06-04 09:25:55,5947.8,204207
2021-06-04 09:25:56,5947.0,204855
2021-06-04 09:25:57,5947.5,206265
2021-06-04 09:25:58,5948.0,206987
2021-06-04 09:25:59,5949.65,208326
2021-06-04 09:26:00,5949.65,208440
2021-06-04 09:26:01,5949.65,208532
2021-06-04 09:26:02,5949.65,208698
2021-06-04 09:26:03,5947.95,209457
2021-06-04 09:26:04,5948.0,209565
2021-06-04 09:26:05,5949.9,209967
2021-06-04 09:26:06,5949.65,210617
2021-06-04 09:26:07,5947.95,210917
2021-06-04 09:26:08,5949.0,212513
2021-06-04 09:26:09,5948.0,212782
2021-06-04 09:26:10,5948.3,212993
2021-06-04 09:26:11,5948.0,213045
2021-06-04 09:26:12,5949.7,213330
2021-06-04 09:26:13,5949.9,213415
2021-06-04 09:26:14,5950.0,214956
2021-06-04 09:26:15,5950.0,216370
2021-06-04 09:26:16,5950.0,216613
2021-06-04 09:26:17,5952.15,220361
2021-06-04 09:26:18,5952.25,220477
2021-06-04 09:26:19,5950.05,222941
2021-06-04 09:26:20,5950.0,223244
2021-06-04 09:26:22,5950.0,223512
2021-06-04 09:26:23,5950.05,223936
2021-06-04 09:26:24,5950.0,223958
2021-06-04 09:26:25,5952.5,224467
2021-06-04 09:26:26,5950.0,224711
2021-06-04 09:26:27,5951.95,224804
2021-06-04 09:26:28,5949.95,225162
2021-06-04 09:26:29,5949.0,225304
2021-06-04 09:26:30,5948.65,225461
2021-06-04 09:26:31,5950.1,225650
2021-06-04 09:26:32,5950.0,226547
2021-06-04 09:26:33,5950.0,226893
2021-06-04 09:26:34,5948.0,227468
2021-06-04 09:26:35,5950.0,227630
2021-06-04 09:26:36,5952.0,228662
2021-06-04 09:26:37,5949.15,228794
2021-06-04 09:26:38,5952.0,228875
2021-06-04 09:26:39,5949.95,228880
2021-06-04 09:26:40,5951.0,228982
2021-06-04 09:26:41,5949.4,229098
2021-06-04 09:26:42,5951.75,229152
2021-06-04 09:26:43,5951.0,229505
2021-06-04 09:26:44,5949.05,229761
2021-06-04 09:26:45,5951.0,229910
2021-06-04 09:26:46,5949.3,229999
2021-06-04 09:26:47,5949.9,230084
2021-06-04 09:26:48,5952.0,230292
2021-06-04 09:26:49,5949.35,230552
2021-06-04 09:26:50,5949.9,231933
2021-06-04 09:26:51,5951.85,232053
2021-06-04 09:26:52,5951.0,232275
2021-06-04 09:26:53,5950.0,232391
2021-06-04 09:26:54,5949.05,234697
2021-06-04 09:26:56,5949.4,235040
2021-06-04 09:26:57,5950.7,236117
2021-06-04 09:26:58,5949.0,236561
2021-06-04 09:26:59,5950.0,236703
2021-06-04 09:27:00,5950.0,236938
2021-06-04 09:27:01,5951.75,237060
2021-06-04 09:27:02,5949.95,237182
2021-06-04 09:27:03,5951.9,237590
2021-06-04 09:27:04,5949.1,237715
2021-06-04 09:27:05,5949.9,237807
2021-06-04 09:27:06,5949.45,238032
2021-06-04 09:27:07,5950.0,238196
2021-06-04 09:27:08,5951.0,238362
2021-06-04 09:27:09,5951.0,238556
2021-06-04 09:27:10,5949.2,238818
2021-06-04 09:27:11,5950.0,238948
2021-06-04 09:27:12,5949.0,240070
2021-06-04 09:27:13,5943.05,244161
2021-06-04 09:27:14,5948.0,244758
2021-06-04 09:27:15,5951.05,246746
2021-06-04 09:27:16,5949.2,246857
2021-06-04 09:27:17,5949.1,246935
2021-06-04 09:27:18,5950.0,246936
2021-06-04 09:27:19,5949.95,247001
2021-06-04 09:27:20,5947.85,247133
2021-06-04 09:27:21,5947.6,247150
2021-06-04 09:27:22,5949.0,247408
2021-06-04 09:27:23,5947.75,247477
2021-06-04 09:27:24,5946.35,247902
2021-06-04 09:27:25,5946.95,248269
2021-06-04 09:27:26,5949.0,248338
2021-06-04 09:27:27,5946.85,248464
2021-06-04 09:27:28,5947.15,248518
2021-06-04 09:27:29,5947.75,248579
2021-06-04 09:27:30,5948.75,249196
2021-06-04 09:27:31,5949.0,249437
2021-06-04 09:27:32,5947.5,249439
2021-06-04 09:27:33,5947.5,249479
2021-06-04 09:27:34,5948.65,249661
2021-06-04 09:27:35,5948.9,249778
2021-06-04 09:27:36,5949.0,250274
2021-06-04 09:27:37,5948.0,250420
2021-06-04 09:27:38,5948.1,250575
2021-06-04 09:27:39,5948.0,251155
2021-06-04 09:27:40,5948.0,251463
2021-06-04 09:27:41,5948.65,251778
2021-06-04 09:27:42,5949.3,252147
2021-06-04 09:27:43,5948.0,252158
2021-06-04 09:27:44,5946.8,253185
2021-06-04 09:27:45,5946.95,253668
2021-06-04 09:27:46,5947.0,253723
2021-06-04 09:27:47,5946.95,253937
2021-06-04 09:27:48,5946.9,254026
2021-06-04 09:27:49,5945.15,254033
2021-06-04 09:27:50,5945.15,254033
2021-06-04 09:27:51,5944.0,254306
2021-06-04 09:27:54,5946.75,254810
2021-06-04 09:27:55,5946.85,254864
2021-06-04 09:27:56,5947.0,254980
2021-06-04 09:27:57,5945.5,255081
2021-06-04 09:27:58,5943.2,255120
2021-06-04 09:27:59,5943.2,255171
2021-06-04 09:28:00,5943.0,255222
2021-06-04 09:28:02,5943.0,255593
2021-06-04 09:28:01,5945.55,255468
2021-06-04 09:28:03,5943.0,255783
2021-06-04 09:28:04,5943.2,255834
2021-06-04 09:28:05,5943.0,255898
2021-06-04 09:28:06,5943.2,255928
2021-06-04 09:28:07,5943.0,256014
2021-06-04 09:28:08,5943.0,256371
2021-06-04 09:28:09,5940.1,259166
2021-06-04 09:28:10,5943.25,260564
2021-06-04 09:28:11,5943.65,260585
2021-06-04 09:28:12,5947.4,261876
2021-06-04 09:28:13,5946.0,262072
2021-06-04 09:28:14,5945.85,262288
2021-06-04 09:28:15,5945.05,262482
2021-06-04 09:28:16,5945.0,262508
2021-06-04 09:28:17,5946.3,262617
2021-06-04 09:28:18,5944.75,262669
2021-06-04 09:28:19,5945.0,262849
2021-06-04 09:28:20,5945.0,262886
2021-06-04 09:28:21,5946.3,262906
2021-06-04 09:28:22,5943.5,263133
2021-06-04 09:28:23,5945.8,263250
2021-06-04 09:28:25,5945.45,263322
2021-06-04 09:28:26,5943.0,263514
2021-06-04 09:28:27,5945.35,263624
2021-06-04 09:28:28,5945.2,263756
2021-06-04 09:28:29,5943.5,263862
2021-06-04 09:28:30,5946.0,263915
2021-06-04 09:28:31,5946.0,263992
2021-06-04 09:28:32,5946.0,264095
2021-06-04 09:28:33,5945.45,264127
2021-06-04 09:28:34,5947.5,264730
2021-06-04 09:28:35,5946.2,264819
2021-06-04 09:28:36,5945.5,265005
2021-06-04 09:28:38,5946.0,265117
2021-06-04 09:28:38,5946.0,265117
2021-06-04 09:28:39,5946.6,265249
2021-06-04 09:28:40,5947.0,265411
2021-06-04 09:28:41,5946.0,265525
2021-06-04 09:28:42,5946.05,265579
2021-06-04 09:28:43,5947.0,265621
2021-06-04 09:28:44,5947.55,265938
2021-06-04 09:28:45,5946.45,265954
2021-06-04 09:28:47,5946.45,266175
2021-06-04 09:28:47,5946.45,266175
2021-06-04 09:28:48,5946.45,266368
2021-06-04 09:28:49,5947.0,266377
2021-06-04 09:28:50,5947.0,266503
2021-06-04 09:28:51,5947.65,266523
2021-06-04 09:28:53,5947.2,266749
2021-06-04 09:28:53,5947.2,266749
2021-06-04 09:28:54,5946.45,266776
2021-06-04 09:28:55,5946.0,266900
2021-06-04 09:28:56,5946.45,267056
2021-06-04 09:28:57,5946.75,267116
2021-06-04 09:28:58,5947.0,267157
2021-06-04 09:28:59,5946.0,267257
2021-06-04 09:29:00,5945.95,267302
2021-06-04 09:29:01,5946.45,267310
2021-06-04 09:29:02,5948.15,268161
2021-06-04 09:29:03,5946.45,268200
2021-06-04 09:29:04,5946.6,268355
2021-06-04 09:29:05,5946.7,268587
2021-06-04 09:29:06,5947.4,268588
2021-06-04 09:29:08,5947.0,270290
2021-06-04 09:29:10,5946.65,270432
2021-06-04 09:29:10,5946.55,270492
2021-06-04 09:29:11,5946.4,270682
2021-06-04 09:29:12,5946.4,270682
2021-06-04 09:29:13,5946.3,270689
2021-06-04 09:29:14,5946.55,270714
2021-06-04 09:29:15,5948.0,270764
2021-06-04 09:29:16,5946.35,270804
2021-06-04 09:29:17,5948.8,270854
2021-06-04 09:29:18,5948.35,270893
2021-06-04 09:29:19,5948.45,270933
2021-06-04 09:29:20,5946.7,271064
2021-06-04 09:29:21,5948.75,271094
2021-06-04 09:29:22,5948.85,271135
2021-06-04 09:29:23,5949.0,271179
2021-06-04 09:29:24,5947.0,271185
2021-06-04 09:29:25,5947.0,271578
2021-06-04 09:29:26,5948.95,271639
2021-06-04 09:29:27,5948.85,271667
2021-06-04 09:29:29,5948.0,271739
2021-06-04 09:29:29,5948.0,271734
2021-06-04 09:29:30,5947.0,272110
2021-06-04 09:29:31,5947.0,272124
2021-06-04 09:29:32,5947.5,272201
2021-06-04 09:29:33,5947.0,272356
2021-06-04 09:29:34,5948.9,272391
2021-06-04 09:29:35,5947.0,272689
2021-06-04 09:29:36,5948.0,272716
2021-06-04 09:29:37,5949.0,272826
2021-06-04 09:29:38,5947.0,272881
2021-06-04 09:29:39,5949.0,273096
2021-06-04 09:29:40,5949.0,273101
2021-06-04 09:29:41,5949.0,273140
2021-06-04 09:29:42,5947.5,273174
2021-06-04 09:29:43,5947.5,273343
2021-06-04 09:29:44,5947.5,273371
2021-06-04 09:29:45,5947.5,273448
2021-06-04 09:29:46,5947.5,273601
2021-06-04 09:29:47,5947.4,273644
2021-06-04 09:29:48,5948.0,273733
2021-06-04 09:29:49,5949.0,273801
2021-06-04 09:29:50,5949.0,273856
2021-06-04 09:29:52,5947.5,273979
2021-06-04 09:29:52,5947.4,274353
2021-06-04 09:29:53,5949.0,274379
2021-06-04 09:29:54,5948.95,274408
2021-06-04 09:29:55,5947.4,274545
2021-06-04 09:29:57,5947.9,274745
2021-06-04 09:29:57,5947.9,274745
2021-06-04 09:29:58,5948.95,274777
2021-06-04 09:29:59,5948.95,274781
2021-06-04 09:30:00,5949.0,274786
2021-06-04 09:30:01,5947.9,274933
2021-06-04 09:30:02,5948.45,275138
2021-06-04 09:30:03,5948.45,275146
2021-06-04 09:30:04,5947.9,275181
2021-06-04 09:30:05,5949.0,275185
2021-06-04 09:30:06,5948.35,275189
2021-06-04 09:30:08,5949.0,275265
2021-06-04 09:30:09,5949.75,278493
2021-06-04 09:30:10,5950.6,280084
2021-06-04 09:30:11,5950.6,283208
2021-06-04 09:30:12,5952.85,283261
2021-06-04 09:30:13,5951.9,283297
2021-06-04 09:30:14,5955.8,285057
2021-06-04 09:30:15,5956.0,286299
2021-06-04 09:30:16,5956.45,286488
2021-06-04 09:30:17,5958.0,286726
2021-06-04 09:30:18,5957.5,287027
2021-06-04 09:30:19,5958.0,287543
2021-06-04 09:30:20,5958.0,287980
2021-06-04 09:30:21,5956.8,288463
2021-06-04 09:30:22,5958.45,288698
2021-06-04 09:30:23,5958.45,288930
2021-06-04 09:30:25,5958.45,289063
2021-06-04 09:30:25,5955.85,289257
2021-06-04 09:30:27,5956.4,289842
2021-06-04 09:30:29,5954.9,290063
2021-06-04 09:30:30,5957.1,290552
2021-06-04 09:30:31,5955.85,290659
2021-06-04 09:30:32,5956.45,290805
2021-06-04 09:30:33,5957.0,292287
2021-06-04 09:30:34,5958.0,292372
2021-06-04 09:30:35,5958.0,292465
2021-06-04 09:30:36,5958.0,292565
2021-06-04 09:30:37,5957.65,292572
2021-06-04 09:30:39,5957.9,295202
2021-06-04 09:30:40,5956.3,295435
2021-06-04 09:30:41,5956.95,295664
2021-06-04 09:30:42,5956.8,296137
2021-06-04 09:30:43,5957.6,296469
2021-06-04 09:30:44,5957.15,296563
2021-06-04 09:30:45,5955.0,296665
2021-06-04 09:30:46,5956.0,296774
2021-06-04 09:30:47,5956.35,297083
2021-06-04 09:30:48,5956.35,297095
2021-06-04 09:30:49,5956.35,297285
2021-06-04 09:30:50,5955.0,297541
2021-06-04 09:30:51,5953.75,298113
2021-06-04 09:30:52,5954.2,298172
2021-06-04 09:30:53,5955.6,298289
2021-06-04 09:30:54,5955.55,298678
2021-06-04 09:30:55,5955.65,298834
2021-06-04 09:30:56,5953.0,299010
2021-06-04 09:30:57,5954.0,299793
2021-06-04 09:30:57,5956.75,299794
2021-06-04 09:30:58,5956.7,299998
2021-06-04 09:30:59,5955.0,300075
2021-06-04 09:31:01,5955.05,315433
2021-06-04 09:31:02,5955.05,315483
2021-06-04 09:31:03,5955.0,316394
2021-06-04 09:31:04,5954.1,316853
2021-06-04 09:31:05,5954.65,317016
2021-06-04 09:31:05,5954.65,317016
2021-06-04 09:31:06,5954.0,317023
2021-06-04 09:31:07,5954.0,317181
2021-06-04 09:31:08,5953.0,317816
2021-06-04 09:31:09,5952.65,317852
2021-06-04 09:31:11,5950.0,318771
2021-06-04 09:31:12,5950.0,318859
2021-06-04 09:31:13,5949.95,318890
2021-06-04 09:31:14,5950.0,318896
2021-06-04 09:31:15,5948.5,319048
2021-06-04 09:31:16,5949.95,319052
2021-06-04 09:31:17,5949.5,319094
2021-06-04 09:31:18,5948.0,319155
2021-06-04 09:31:19,5949.5,319269
2021-06-04 09:31:20,5948.0,319817
2021-06-04 09:31:21,5949.65,319938
2021-06-04 09:31:23,5949.75,320348
2021-06-04 09:31:22,5949.9,319980
2021-06-04 09:31:24,5949.65,320587
2021-06-04 09:31:26,5949.65,321936
2021-06-04 09:31:27,5949.7,322095
2021-06-04 09:31:28,5949.7,322217
2021-06-04 09:31:29,5949.7,322247
2021-06-04 09:31:30,5949.65,322552
2021-06-04 09:31:32,5950.9,322850
2021-06-04 09:31:34,5953.45,322860
2021-06-04 09:31:35,5953.0,322867
2021-06-04 09:31:36,5954.0,323248
2021-06-04 09:31:38,5951.95,323315
2021-06-04 09:31:39,5953.0,323350
2021-06-04 09:31:40,5953.0,323370
2021-06-04 09:31:41,5953.35,323420
2021-06-04 09:31:44,5953.35,323501
2021-06-04 09:31:44,5954.0,323525
2021-06-04 09:31:45,5953.9,323702
2021-06-04 09:31:46,5953.9,323773
2021-06-04 09:31:47,5953.9,323773
2021-06-04 09:31:48,5953.9,323821
2021-06-04 09:31:49,5953.25,323881
2021-06-04 09:31:50,5955.0,325546
2021-06-04 09:31:51,5956.0,326585
2021-06-04 09:31:52,5954.85,326671
2021-06-04 09:31:53,5954.7,326733
2021-06-04 09:31:54,5954.85,326865
2021-06-04 09:31:55,5957.0,326942
2021-06-04 09:31:56,5956.75,326962
2021-06-04 09:31:57,5955.0,326968
2021-06-04 09:31:58,5956.0,326995
2021-06-04 09:31:59,5957.0,327128
2021-06-04 09:32:01,5955.9,327384
2021-06-04 09:32:02,5955.9,327711
2021-06-04 09:32:03,5956.95,327893
2021-06-04 09:32:04,5956.95,328004
2021-06-04 09:32:05,5957.05,328382
2021-06-04 09:32:06,5955.0,328507
2021-06-04 09:32:08,5955.05,328543
2021-06-04 09:32:09,5955.0,328668
2021-06-04 09:32:10,5957.25,328921
2021-06-04 09:32:12,5956.0,329025
2021-06-04 09:32:13,5955.0,329137
2021-06-04 09:32:14,5954.85,329238
2021-06-04 09:32:14,5955.0,329524
2021-06-04 09:32:15,5956.0,329648
2021-06-04 09:32:16,5954.0,329697
2021-06-04 09:32:17,5956.0,329726
2021-06-04 09:32:18,5955.0,329746
2021-06-04 09:32:19,5955.0,329784
2021-06-04 09:32:20,5955.0,329837
2021-06-04 09:32:21,5955.05,330006
2021-06-04 09:32:22,5952.1,330472
2021-06-04 09:32:23,5954.0,330653
2021-06-04 09:32:24,5951.55,330654
2021-06-04 09:32:25,5954.0,330667
2021-06-04 09:32:26,5951.45,330854
2021-06-04 09:32:27,5953.9,331285
2021-06-04 09:32:28,5953.9,331287
2021-06-04 09:32:29,5953.75,331357
2021-06-04 09:32:30,5953.5,331584
2021-06-04 09:32:31,5951.45,331660
2021-06-04 09:32:32,5951.55,331772
2021-06-04 09:32:33,5953.3,331818
2021-06-04 09:32:34,5953.2,331827
2021-06-04 09:32:35,5951.45,332328
2021-06-04 09:32:36,5951.45,332556
2021-06-04 09:32:37,5952.0,332559
2021-06-04 09:32:38,5951.45,332589
2021-06-04 09:32:39,5948.85,335991
2021-06-04 09:32:40,5948.85,336171
2021-06-04 09:32:42,5948.0,336349
2021-06-04 09:32:43,5949.0,336363
2021-06-04 09:32:44,5949.0,336363
2021-06-04 09:32:45,5948.85,336718
2021-06-04 09:32:46,5948.0,336734
2021-06-04 09:32:47,5950.35,336980
2021-06-04 09:32:48,5950.05,337795
2021-06-04 09:32:49,5950.05,337795
2021-06-04 09:32:50,5950.0,337921
2021-06-04 09:32:51,5949.1,337992
2021-06-04 09:32:52,5948.6,338015
2021-06-04 09:32:53,5949.1,338040
2021-06-04 09:32:54,5950.0,338141
2021-06-04 09:32:55,5950.0,338416
2021-06-04 09:32:56,5950.05,338711
2021-06-04 09:32:57,5951.0,338804
2021-06-04 09:32:57,5950.0,338811
2021-06-04 09:32:59,5950.1,338829
2021-06-04 09:33:00,5950.6,339237
2021-06-04 09:33:01,5948.0,339350
2021-06-04 09:33:02,5949.1,339394
2021-06-04 09:33:03,5948.0,339607
2021-06-04 09:33:04,5950.35,339722
2021-06-04 09:33:05,5950.35,339774
2021-06-04 09:33:06,5947.5,340058
2021-06-04 09:33:07,5948.0,340432
2021-06-04 09:33:08,5947.4,340535
2021-06-04 09:33:09,5947.4,340582
2021-06-04 09:33:10,5947.05,340672
2021-06-04 09:33:11,5947.0,341068
2021-06-04 09:33:12,5948.6,341081
2021-06-04 09:33:13,5947.0,341084
2021-06-04 09:33:14,5946.0,341438
2021-06-04 09:33:15,5948.6,343179
2021-06-04 09:33:16,5945.1,343485
2021-06-04 09:33:17,5946.0,343494
2021-06-04 09:33:18,5945.0,344074
2021-06-04 09:33:19,5945.0,344449
2021-06-04 09:33:20,5945.1,345263
2021-06-04 09:33:21,5945.1,345606
2021-06-04 09:33:22,5944.0,345776
2021-06-04 09:33:23,5945.0,345924
2021-06-04 09:33:24,5943.0,346455
2021-06-04 09:33:25,5944.95,346762
2021-06-04 09:33:26,5943.1,346798
2021-06-04 09:33:27,5944.0,346824
2021-06-04 09:33:28,5944.0,346824
2021-06-04 09:33:29,5943.0,346894
2021-06-04 09:33:29,5943.0,346894
2021-06-04 09:33:30,5943.1,347174
2021-06-04 09:33:31,5943.1,347174
2021-06-04 09:33:32,5943.1,347257
2021-06-04 09:33:33,5941.2,348468
2021-06-04 09:33:34,5940.0,348906
2021-06-04 09:33:35,5941.05,349025
2021-06-04 09:33:36,5941.05,349248
2021-06-04 09:33:37,5940.0,349279
2021-06-04 09:33:38,5940.55,349339
2021-06-04 09:33:39,5940.0,349619
2021-06-04 09:33:40,5940.55,349799
2021-06-04 09:33:41,5940.55,349998
2021-06-04 09:33:42,5940.55,350152
2021-06-04 09:33:43,5940.5,350642
2021-06-04 09:33:44,5940.0,350832
2021-06-04 09:33:45,5940.0,351159
2021-06-04 09:33:46,5940.0,351292
2021-06-04 09:33:47,5940.0,351305
2021-06-04 09:33:49,5940.4,351526
2021-06-04 09:33:50,5941.0,351582
2021-06-04 09:33:51,5941.0,351952
2021-06-04 09:33:52,5940.55,352016
2021-06-04 09:33:53,5940.65,352026
2021-06-04 09:33:54,5940.55,352066
2021-06-04 09:33:55,5940.55,352132
2021-06-04 09:33:57,5942.0,352347
2021-06-04 09:33:58,5942.1,352422
2021-06-04 09:33:59,5941.9,352633
2021-06-04 09:34:00,5940.65,352837
2021-06-04 09:34:01,5940.9,352941
2021-06-04 09:34:02,5940.9,354337
2021-06-04 09:34:03,5940.9,354935
2021-06-04 09:34:04,5941.15,354969
2021-06-04 09:34:05,5941.25,354988
2021-06-04 09:34:06,5941.9,355078
2021-06-04 09:34:07,5940.9,355108
2021-06-04 09:34:08,5940.9,355178
2021-06-04 09:34:09,5940.7,355329
2021-06-04 09:34:10,5940.2,355482
2021-06-04 09:34:11,5939.5,355883
2021-06-04 09:34:12,5935.0,357725
2021-06-04 09:34:13,5936.95,357755
2021-06-04 09:34:13,5936.95,357756
2021-06-04 09:34:14,5937.1,357809
2021-06-04 09:34:15,5937.1,358196
2021-06-04 09:34:16,5935.05,358387
2021-06-04 09:34:17,5937.05,358672
2021-06-04 09:34:18,5937.1,358681
2021-06-04 09:34:19,5937.7,359148
2021-06-04 09:34:20,5937.6,359478
2021-06-04 09:34:21,5937.6,359478
2021-06-04 09:34:23,5937.65,359585
2021-06-04 09:34:24,5938.0,359607
2021-06-04 09:34:25,5937.5,359654
2021-06-04 09:34:26,5937.1,359695
2021-06-04 09:34:28,5937.55,359711
2021-06-04 09:34:29,5940.0,360655
2021-06-04 09:34:30,5938.8,360726
2021-06-04 09:34:31,5938.75,360947
2021-06-04 09:34:32,5938.0,361076
2021-06-04 09:34:33,5937.65,361119
2021-06-04 09:34:34,5939.75,361226
2021-06-04 09:34:35,5939.75,361226
2021-06-04 09:34:36,5938.1,361230
2021-06-04 09:34:37,5939.6,361257
2021-06-04 09:34:38,5938.0,361347
2021-06-04 09:34:39,5937.6,361572
2021-06-04 09:34:40,5939.6,361916
2021-06-04 09:34:40,5939.6,361916
2021-06-04 09:34:41,5938.75,362080
2021-06-04 09:34:42,5938.75,362095
2021-06-04 09:34:44,5938.1,362110
2021-06-04 09:34:45,5938.75,362172
2021-06-04 09:34:46,5938.75,362172
2021-06-04 09:34:47,5938.1,362252
2021-06-04 09:34:48,5938.35,362678
2021-06-04 09:34:49,5940.0,362690
2021-06-04 09:34:50,5940.0,362852
2021-06-04 09:34:51,5938.5,362982
2021-06-04 09:34:52,5938.85,363198
2021-06-04 09:34:53,5942.55,363260
2021-06-04 09:34:54,5940.05,363298
2021-06-04 09:34:55,5938.75,363305
2021-06-04 09:34:56,5938.3,363318
2021-06-04 09:34:57,5938.25,363319
2021-06-04 09:34:58,5940.0,363370
2021-06-04 09:34:59,5938.2,363386
2021-06-04 09:35:00,5940.0,363408
2021-06-04 09:35:01,5938.0,363704
2021-06-04 09:35:02,5940.0,363762
2021-06-04 09:35:03,5938.85,363783
2021-06-04 09:35:04,5938.05,363810
2021-06-04 09:35:05,5939.95,363920
2021-06-04 09:35:06,5940.0,363982
2021-06-04 09:35:07,5938.05,364045
2021-06-04 09:35:08,5938.0,365560
2021-06-04 09:35:09,5939.4,365636
2021-06-04 09:35:10,5937.95,365936
2021-06-04 09:35:11,5940.0,366067
2021-06-04 09:35:11,5938.3,366071
2021-06-04 09:35:13,5938.3,366072
2021-06-04 09:35:14,5939.45,366147
2021-06-04 09:35:15,5938.2,366253
2021-06-04 09:35:16,5938.05,366255
2021-06-04 09:35:17,5938.2,366266
2021-06-04 09:35:18,5938.4,366305
2021-06-04 09:35:19,5938.4,366308
2021-06-04 09:35:20,5939.9,366358
2021-06-04 09:35:21,5939.9,366466
2021-06-04 09:35:22,5938.3,366644
2021-06-04 09:35:23,5938.3,366654
2021-06-04 09:35:24,5938.3,366658
2021-06-04 09:35:25,5938.3,366779
2021-06-04 09:35:26,5938.3,366779
2021-06-04 09:35:27,5938.3,366809
2021-06-04 09:35:27,5938.3,366809
2021-06-04 09:35:28,5938.2,366910
2021-06-04 09:35:30,5939.0,367074
2021-06-04 09:35:31,5938.3,367078
2021-06-04 09:35:32,5938.3,367166
2021-06-04 09:35:33,5938.3,367168
2021-06-04 09:35:34,5939.8,367178
2021-06-04 09:35:35,5939.8,367178
2021-06-04 09:35:36,5939.7,367215
2021-06-04 09:35:37,5939.9,367654
2021-06-04 09:35:38,5940.0,367665
2021-06-04 09:35:39,5941.0,367765
2021-06-04 09:35:40,5942.0,368839
2021-06-04 09:35:40,5942.0,368844
2021-06-04 09:35:41,5942.0,368917
2021-06-04 09:35:42,5942.0,368929
2021-06-04 09:35:43,5940.45,368932
2021-06-04 09:35:44,5940.45,368948
2021-06-04 09:35:45,5942.0,369049
2021-06-04 09:35:46,5942.65,369071
2021-06-04 09:35:47,5942.75,369196
2021-06-04 09:35:48,5942.0,369197
2021-06-04 09:35:49,5942.0,369207
2021-06-04 09:35:51,5942.0,369259
2021-06-04 09:35:52,5942.0,369259
2021-06-04 09:35:53,5942.85,369517
2021-06-04 09:35:54,5942.85,369517
2021-06-04 09:35:55,5942.85,369543
2021-06-04 09:35:56,5942.85,369619
2021-06-04 09:35:57,5940.5,369635
2021-06-04 09:35:58,5942.0,369647
2021-06-04 09:35:59,5942.0,369663
2021-06-04 09:36:01,5942.8,369695
2021-06-04 09:36:02,5940.6,369769
2021-06-04 09:36:03,5942.0,369823
2021-06-04 09:36:04,5942.0,369994
2021-06-04 09:36:05,5942.0,369994
2021-06-04 09:36:06,5942.75,369998
2021-06-04 09:36:08,5942.65,370049
2021-06-04 09:36:10,5945.0,372223
2021-06-04 09:36:11,5945.0,372246
2021-06-04 09:36:11,5945.0,372246
2021-06-04 09:36:13,5945.0,372246
2021-06-04 09:36:14,5943.35,372247
2021-06-04 09:36:15,5945.0,372347
2021-06-04 09:36:16,5945.8,372564
2021-06-04 09:36:17,5945.8,372598
2021-06-04 09:36:18,5945.65,372615
2021-06-04 09:36:19,5945.75,372641
2021-06-04 09:36:19,5945.75,372641
2021-06-04 09:36:20,5944.0,372654
2021-06-04 09:36:21,5943.35,372690
2021-06-04 09:36:22,5945.0,372745
2021-06-04 09:36:23,5945.0,372760
2021-06-04 09:36:24,5945.0,372774
2021-06-04 09:36:26,5945.8,372824
2021-06-04 09:36:27,5943.65,372854
2021-06-04 09:36:28,5945.0,372855
2021-06-04 09:36:29,5944.0,372865
2021-06-04 09:36:30,5944.2,372890
2021-06-04 09:36:31,5945.0,372891
2021-06-04 09:36:32,5945.0,372891
2021-06-04 09:36:33,5944.1,373303
2021-06-04 09:36:34,5944.1,373303
2021-06-04 09:36:35,5945.0,373316
2021-06-04 09:36:36,5945.0,373326
2021-06-04 09:36:37,5944.6,373388
2021-06-04 09:36:38,5944.5,373604
2021-06-04 09:36:39,5944.6,373640
2021-06-04 09:36:40,5944.6,373640
2021-06-04 09:36:40,5945.0,373680
2021-06-04 09:36:41,5945.75,374192
2021-06-04 09:36:42,5944.55,374242
2021-06-04 09:36:44,5944.5,374307
2021-06-04 09:36:45,5945.0,374336
2021-06-04 09:36:46,5945.8,374337
2021-06-04 09:36:47,5945.8,374337
2021-06-04 09:36:48,5945.8,374337
2021-06-04 09:36:49,5945.8,374341
2021-06-04 09:36:50,5945.8,374377
2021-06-04 09:36:51,5945.8,374381
2021-06-04 09:36:52,5945.0,374384
2021-06-04 09:36:53,5945.0,374384
2021-06-04 09:36:54,5945.0,374384
2021-06-04 09:36:55,5945.0,374450
2021-06-04 09:36:56,5945.0,374450
2021-06-04 09:36:57,5945.0,374565
2021-06-04 09:36:58,5945.8,375582
2021-06-04 09:36:59,5945.8,375965
2021-06-04 09:37:00,5945.8,375990
2021-06-04 09:37:02,5946.0,376000
2021-06-04 09:37:01,5945.8,375990
2021-06-04 09:37:03,5945.85,376099
2021-06-04 09:37:04,5945.8,376353
2021-06-04 09:37:05,5945.8,376479
2021-06-04 09:37:06,5946.0,376505
2021-06-04 09:37:07,5945.8,376653
2021-06-04 09:37:08,5946.0,376661
2021-06-04 09:37:09,5946.0,376661
2021-06-04 09:37:10,5946.0,376682
2021-06-04 09:37:11,5946.35,376731
2021-06-04 09:37:12,5945.8,376864
2021-06-04 09:37:13,5945.8,376913
2021-06-04 09:37:14,5948.0,377138
2021-06-04 09:37:15,5948.0,377138
2021-06-04 09:37:16,5948.0,377159
2021-06-04 09:37:17,5948.0,377214
2021-06-04 09:37:18,5948.0,377248
2021-06-04 09:37:19,5946.9,377323
2021-06-04 09:37:20,5948.0,377326
2021-06-04 09:37:21,5948.55,377596
2021-06-04 09:37:23,5946.9,377648
2021-06-04 09:37:22,5946.9,377648
2021-06-04 09:37:24,5946.9,377648
2021-06-04 09:37:25,5948.0,377680
2021-06-04 09:37:26,5948.0,377807
2021-06-04 09:37:27,5946.9,380192
2021-06-04 09:37:28,5946.9,380192
2021-06-04 09:37:29,5946.0,380295
2021-06-04 09:37:30,5946.9,380300
2021-06-04 09:37:31,5945.8,380436
2021-06-04 09:37:32,5946.9,380463
2021-06-04 09:37:33,5946.9,380463
2021-06-04 09:37:34,5946.9,380463
2021-06-04 09:37:35,5946.8,380513
2021-06-04 09:37:36,5945.8,380523
2021-06-04 09:37:37,5945.85,380561
2021-06-04 09:37:38,5946.8,380615
2021-06-04 09:37:39,5946.8,380615
2021-06-04 09:37:40,5946.8,380615
2021-06-04 09:37:41,5945.0,380742
2021-06-04 09:37:42,5945.0,380789
2021-06-04 09:37:43,5945.4,380796
2021-06-04 09:37:45,5945.4,380796
2021-06-04 09:37:46,5945.4,380796
2021-06-04 09:37:47,5946.15,380830
2021-06-04 09:37:48,5945.4,380842
2021-06-04 09:37:49,5945.4,380842
2021-06-04 09:37:50,5944.25,381461
2021-06-04 09:37:51,5942.2,381488
2021-06-04 09:37:52,5942.0,381539
2021-06-04 09:37:53,5942.1,381675
2021-06-04 09:37:54,5942.1,381675
2021-06-04 09:37:55,5944.6,381711
2021-06-04 09:37:56,5944.6,381711
2021-06-04 09:37:57,5944.6,381711
2021-06-04 09:37:58,5944.35,381731
2021-06-04 09:37:59,5942.0,381737
2021-06-04 09:38:00,5943.9,381800
2021-06-04 09:38:01,5941.95,381920
2021-06-04 09:38:02,5941.95,381920
2021-06-04 09:38:03,5942.05,381925
2021-06-04 09:38:04,5942.0,381931
2021-06-04 09:38:05,5942.05,381943
2021-06-04 09:38:06,5941.95,382004
2021-06-04 09:38:07,5941.95,382014
2021-06-04 09:38:08,5941.95,382094
2021-06-04 09:38:10,5941.95,382131
2021-06-04 09:38:11,5942.0,382137
2021-06-04 09:38:12,5942.0,382143
2021-06-04 09:38:13,5943.75,382206
2021-06-04 09:38:14,5943.75,382217
2021-06-04 09:38:15,5942.05,382242
2021-06-04 09:38:16,5943.7,382253
2021-06-04 09:38:17,5942.05,382255
2021-06-04 09:38:18,5942.05,382297
2021-06-04 09:38:19,5941.95,382694
2021-06-04 09:38:20,5941.95,382694
2021-06-04 09:38:21,5942.0,382820
2021-06-04 09:38:22,5942.0,382820
2021-06-04 09:38:24,5942.0,382838
2021-06-04 09:38:23,5943.5,382837
2021-06-04 09:38:25,5943.5,382840
2021-06-04 09:38:26,5943.5,382840
2021-06-04 09:38:27,5943.5,382858
2021-06-04 09:38:28,5943.5,382871
2021-06-04 09:38:29,5942.05,383521
2021-06-04 09:38:30,5942.05,383521
2021-06-04 09:38:31,5942.05,383521
2021-06-04 09:38:32,5942.1,383522
2021-06-04 09:38:33,5943.5,383526
2021-06-04 09:38:34,5943.5,383630
2021-06-04 09:38:35,5943.6,383631
2021-06-04 09:38:36,5943.5,383643
2021-06-04 09:38:37,5943.6,383657
2021-06-04 09:38:38,5943.5,383667
2021-06-04 09:38:39,5942.0,383965
2021-06-04 09:38:40,5942.0,383965
2021-06-04 09:38:41,5943.6,384191
2021-06-04 09:38:42,5943.6,384191
2021-06-04 09:38:43,5944.75,384266
2021-06-04 09:38:44,5944.8,384291
2021-06-04 09:38:45,5943.05,384311
2021-06-04 09:38:46,5943.05,384311
2021-06-04 09:38:47,5944.8,384342
2021-06-04 09:38:48,5943.05,384344
2021-06-04 09:38:49,5943.05,384344
2021-06-04 09:38:50,5944.0,384361
2021-06-04 09:38:51,5945.0,384366
2021-06-04 09:38:52,5945.0,384432
2021-06-04 09:38:53,5945.0,384874
2021-06-04 09:38:54,5945.4,384876
2021-06-04 09:38:56,5944.8,384880
2021-06-04 09:38:57,5947.0,386394
2021-06-04 09:38:57,5946.0,386399
2021-06-04 09:38:58,5946.0,386413
2021-06-04 09:38:59,5947.35,386472
2021-06-04 09:39:00,5946.1,386504
2021-06-04 09:39:01,5946.1,386544
2021-06-04 09:39:02,5946.1,386544
2021-06-04 09:39:03,5946.15,386549
2021-06-04 09:39:04,5946.15,386563
2021-06-04 09:39:05,5946.1,386689
2021-06-04 09:39:06,5946.95,386792
2021-06-04 09:39:07,5948.0,386827
2021-06-04 09:39:08,5947.05,386828
2021-06-04 09:39:09,5948.0,386903
2021-06-04 09:39:11,5946.0,386926
2021-06-04 09:39:11,5946.0,386926
2021-06-04 09:39:12,5946.0,386926
2021-06-04 09:39:13,5948.0,386957
2021-06-04 09:39:14,5948.0,387077
2021-06-04 09:39:15,5946.95,387080
2021-06-04 09:39:16,5948.0,387130
2021-06-04 09:39:17,5948.0,387132
2021-06-04 09:39:18,5946.95,387194
2021-06-04 09:39:19,5946.95,387204
2021-06-04 09:39:20,5947.75,387349
2021-06-04 09:39:21,5947.75,387349
2021-06-04 09:39:22,5946.95,387372
2021-06-04 09:39:23,5946.95,388724
2021-06-04 09:39:24,5946.0,388735
2021-06-04 09:39:25,5946.95,388774
2021-06-04 09:39:26,5946.9,388775
2021-06-04 09:39:27,5946.9,388775
2021-06-04 09:39:28,5946.9,388775
2021-06-04 09:39:30,5946.0,388785
2021-06-04 09:39:30,5946.0,388785
2021-06-04 09:39:31,5946.95,388885
2021-06-04 09:39:32,5948.0,389065
2021-06-04 09:39:33,5946.8,389104
2021-06-04 09:39:34,5946.8,389271
2021-06-04 09:39:35,5946.95,389283
2021-06-04 09:39:36,5946.9,389287
2021-06-04 09:39:37,5946.9,389443
2021-06-04 09:39:38,5946.9,389479
2021-06-04 09:39:39,5946.9,389504
2021-06-04 09:39:40,5946.8,389528
2021-06-04 09:39:41,5947.0,389574
2021-06-04 09:39:42,5946.8,389602
2021-06-04 09:39:43,5946.8,389613
2021-06-04 09:39:44,5946.9,389633
2021-06-04 09:39:45,5946.8,389643
2021-06-04 09:39:46,5946.8,389654
2021-06-04 09:39:48,5946.8,389751
2021-06-04 09:39:48,5946.8,389751
2021-06-04 09:39:49,5946.8,389756
2021-06-04 09:39:50,5946.8,389762
2021-06-04 09:39:51,5947.0,389772
2021-06-04 09:39:52,5947.0,389803
2021-06-04 09:39:53,5947.0,389812
2021-06-04 09:39:55,5946.8,389845
2021-06-04 09:39:56,5947.2,389860
2021-06-04 09:39:56,5947.2,389860
2021-06-04 09:39:57,5947.2,390193
2021-06-04 09:39:58,5947.5,390218
2021-06-04 09:39:59,5947.0,390238
2021-06-04 09:40:00,5946.8,390349
2021-06-04 09:40:01,5946.8,391030
2021-06-04 09:40:03,5948.0,391097
2021-06-04 09:40:04,5948.85,391727
2021-06-04 09:40:06,5946.9,392730
2021-06-04 09:40:07,5946.9,392781
2021-06-04 09:40:07,5947.45,392904
2021-06-04 09:40:08,5946.5,392976
2021-06-04 09:40:09,5946.8,393047
2021-06-04 09:40:10,5946.8,393047
2021-06-04 09:40:11,5946.85,393108
2021-06-04 09:40:12,5947.75,393349
2021-06-04 09:40:13,5947.5,393413
2021-06-04 09:40:14,5947.55,393561
2021-06-04 09:40:16,5947.75,393647
2021-06-04 09:40:17,5946.0,393737
2021-06-04 09:40:17,5946.0,393737
2021-06-04 09:40:18,5946.0,393737
2021-06-04 09:40:19,5947.65,393757
2021-06-04 09:40:20,5947.65,393797
2021-06-04 09:40:21,5946.8,393813
2021-06-04 09:40:22,5947.7,393871
2021-06-04 09:40:23,5946.85,393936
2021-06-04 09:40:24,5946.85,393936
2021-06-04 09:40:25,5946.85,393936
2021-06-04 09:40:26,5946.85,393961
2021-06-04 09:40:27,5946.85,393986
2021-06-04 09:40:28,5946.85,393986
2021-06-04 09:40:29,5946.0,394062
2021-06-04 09:40:30,5946.0,394062
2021-06-04 09:40:31,5946.0,394062
2021-06-04 09:40:32,5945.2,394217
2021-06-04 09:40:33,5945.0,394271
2021-06-04 09:40:34,5945.0,394366
2021-06-04 09:40:35,5945.0,394366
2021-06-04 09:40:37,5946.0,394367
2021-06-04 09:40:37,5945.0,394371
2021-06-04 09:40:38,5945.0,394382
2021-06-04 09:40:39,5943.8,394536
2021-06-04 09:40:40,5944.0,394579
2021-06-04 09:40:41,5943.0,394751
2021-06-04 09:40:44,5942.05,395907
2021-06-04 09:40:44,5941.0,395915
2021-06-04 09:40:46,5943.45,396028
2021-06-04 09:40:46,5943.45,396028
2021-06-04 09:40:47,5942.0,396058
2021-06-04 09:40:48,5943.3,396519
2021-06-04 09:40:49,5943.3,396519
2021-06-04 09:40:50,5942.75,396539
2021-06-04 09:40:51,5942.75,396539
2021-06-04 09:40:52,5942.0,396549
2021-06-04 09:40:53,5942.0,396549
2021-06-04 09:40:54,5942.0,396563
2021-06-04 09:40:55,5942.0,396688
2021-06-04 09:40:56,5942.85,396715
2021-06-04 09:40:57,5943.0,396716
2021-06-04 09:40:59,5943.0,396716
2021-06-04 09:41:00,5942.0,396755
2021-06-04 09:41:02,5942.0,396755
2021-06-04 09:41:02,5942.0,396755
2021-06-04 09:41:03,5942.05,396770
2021-06-04 09:41:05,5942.0,396801
2021-06-04 09:41:06,5942.75,396835
2021-06-04 09:41:07,5942.65,396940
2021-06-04 09:41:07,5942.65,396940
2021-06-04 09:41:08,5942.0,396967
2021-06-04 09:41:09,5942.0,397001
2021-06-04 09:41:10,5942.0,397001
2021-06-04 09:41:11,5942.0,397006
2021-06-04 09:41:12,5942.0,397016
2021-06-04 09:41:14,5942.3,397024
2021-06-04 09:41:15,5942.75,397060
2021-06-04 09:41:15,5942.75,397110
2021-06-04 09:41:16,5942.3,397238
2021-06-04 09:41:17,5942.3,397261
2021-06-04 09:41:18,5942.7,397362
2021-06-04 09:41:20,5942.3,397487
2021-06-04 09:41:21,5942.3,398047
2021-06-04 09:41:22,5942.3,398172
2021-06-04 09:41:23,5942.3,398172
2021-06-04 09:41:23,5942.3,398172
2021-06-04 09:41:24,5942.3,398232
2021-06-04 09:41:25,5942.3,398232
2021-06-04 09:41:26,5942.7,398332
2021-06-04 09:41:27,5942.3,398373
2021-06-04 09:41:28,5942.75,398451
2021-06-04 09:41:29,5942.3,398476
2021-06-04 09:41:30,5942.3,398478
2021-06-04 09:41:31,5942.3,398673
2021-06-04 09:41:32,5942.75,398677
2021-06-04 09:41:33,5942.75,398680
2021-06-04 09:41:35,5942.75,398680
2021-06-04 09:41:36,5942.3,398722
2021-06-04 09:41:36,5942.3,398722
2021-06-04 09:41:37,5942.3,398748
2021-06-04 09:41:38,5942.65,398749
2021-06-04 09:41:39,5942.65,398749
2021-06-04 09:41:40,5942.65,398749
2021-06-04 09:41:42,5944.5,399365
2021-06-04 09:41:43,5944.35,399503
2021-06-04 09:41:43,5942.8,399505
2021-06-04 09:41:44,5943.0,399515
2021-06-04 09:41:45,5944.15,399518
2021-06-04 09:41:47,5943.0,399522
2021-06-04 09:41:48,5944.0,399527
2021-06-04 09:41:49,5943.0,399555
2021-06-04 09:41:50,5944.0,399622
2021-06-04 09:41:52,5944.0,399723
2021-06-04 09:41:53,5943.0,399774
2021-06-04 09:41:54,5943.0,399798
2021-06-04 09:41:55,5942.8,399806
2021-06-04 09:41:56,5944.15,399956
2021-06-04 09:41:57,5944.15,399956
2021-06-04 09:41:58,5942.85,400123
2021-06-04 09:41:59,5942.85,400123
2021-06-04 09:42:00,5942.85,400123
2021-06-04 09:42:01,5944.5,400129
2021-06-04 09:42:02,5944.15,400149
2021-06-04 09:42:03,5944.15,400149
2021-06-04 09:42:04,5943.05,400208
2021-06-04 09:42:05,5943.0,400229
2021-06-04 09:42:06,5944.0,400289
2021-06-04 09:42:06,5942.85,400339
2021-06-04 09:42:07,5943.75,400350
2021-06-04 09:42:08,5943.75,400352
2021-06-04 09:42:09,5942.85,400427
2021-06-04 09:42:10,5942.85,400433
2021-06-04 09:42:11,5943.0,400440
2021-06-04 09:42:12,5943.0,400440
2021-06-04 09:42:14,5943.0,400440
2021-06-04 09:42:15,5943.65,400441
2021-06-04 09:42:16,5943.0,400447
2021-06-04 09:42:17,5943.0,400447
2021-06-04 09:42:18,5943.6,400448
2021-06-04 09:42:19,5943.0,400548
2021-06-04 09:42:20,5943.0,400563
2021-06-04 09:42:21,5943.0,400626
2021-06-04 09:42:22,5943.0,400626
2021-06-04 09:42:23,5943.05,400628
2021-06-04 09:42:24,5943.55,400688
2021-06-04 09:42:25,5943.55,400697
2021-06-04 09:42:26,5942.95,401148
2021-06-04 09:42:27,5942.95,401200
2021-06-04 09:42:28,5942.95,401632
2021-06-04 09:42:29,5942.95,401637
2021-06-04 09:42:30,5942.95,401637
2021-06-04 09:42:30,5942.95,401637
2021-06-04 09:42:32,5943.5,401647
2021-06-04 09:42:33,5943.5,401647
2021-06-04 09:42:34,5942.95,401704
2021-06-04 09:42:35,5943.0,401747
2021-06-04 09:42:36,5943.0,401748
2021-06-04 09:42:37,5943.0,401758
2021-06-04 09:42:38,5943.0,401758
2021-06-04 09:42:39,5943.0,401758
2021-06-04 09:42:39,5943.0,401758
2021-06-04 09:42:40,5943.0,401758
2021-06-04 09:42:41,5943.1,401763
2021-06-04 09:42:42,5943.25,401800
2021-06-04 09:42:43,5943.1,401897
2021-06-04 09:42:44,5943.4,401908
2021-06-04 09:42:46,5943.0,401910
2021-06-04 09:42:47,5942.95,402010
2021-06-04 09:42:48,5943.0,402013
2021-06-04 09:42:49,5942.95,402043
2021-06-04 09:42:50,5943.1,402104
2021-06-04 09:42:52,5943.2,402140
2021-06-04 09:42:53,5943.2,402145
2021-06-04 09:42:55,5943.0,402205
2021-06-04 09:42:57,5942.95,402207
2021-06-04 09:42:59,5942.95,402410
2021-06-04 09:43:00,5942.95,402460
2021-06-04 09:43:01,5943.0,402545
2021-06-04 09:43:02,5943.0,402563
2021-06-04 09:43:02,5942.95,402564
2021-06-04 09:43:03,5942.95,402612
2021-06-04 09:43:04,5942.95,402645
2021-06-04 09:43:05,5942.95,402774
2021-06-04 09:43:07,5942.95,402829
2021-06-04 09:43:08,5943.0,402844
2021-06-04 09:43:10,5942.95,402846
2021-06-04 09:43:11,5943.0,402876
2021-06-04 09:43:12,5942.95,403002
2021-06-04 09:43:13,5942.95,403053
2021-06-04 09:43:14,5942.95,403179
2021-06-04 09:43:15,5942.95,403306
2021-06-04 09:43:15,5943.0,403316
2021-06-04 09:43:16,5943.0,403936
2021-06-04 09:43:17,5943.0,404011
2021-06-04 09:43:18,5943.0,404019
2021-06-04 09:43:19,5943.0,404363
2021-06-04 09:43:21,5943.0,404878
2021-06-04 09:43:22,5943.0,404878
2021-06-04 09:43:23,5943.05,404881
2021-06-04 09:43:25,5942.95,405069
2021-06-04 09:43:26,5942.95,405072
2021-06-04 09:43:27,5942.9,405364
2021-06-04 09:43:28,5942.95,405381
2021-06-04 09:43:29,5942.9,405415
2021-06-04 09:43:31,5942.95,405509
2021-06-04 09:43:32,5942.95,405509
2021-06-04 09:43:33,5942.95,405672
2021-06-04 09:43:34,5942.9,406013
2021-06-04 09:43:35,5942.9,406066
2021-06-04 09:43:36,5942.9,406066
2021-06-04 09:43:37,5942.95,406096
2021-06-04 09:43:38,5942.9,406134
2021-06-04 09:43:39,5942.95,406135
2021-06-04 09:43:40,5942.95,406148
2021-06-04 09:43:41,5942.95,406195
2021-06-04 09:43:42,5943.0,406214
2021-06-04 09:43:43,5942.9,406763
2021-06-04 09:43:44,5942.85,406810
2021-06-04 09:43:45,5942.95,406822
2021-06-04 09:43:46,5942.0,406922
2021-06-04 09:43:47,5941.0,409229
2021-06-04 09:43:48,5941.85,409230
2021-06-04 09:43:49,5941.9,409235
2021-06-04 09:43:50,5941.9,409240
2021-06-04 09:43:51,5940.6,409293
2021-06-04 09:43:52,5940.2,409303
2021-06-04 09:43:53,5940.1,409306
2021-06-04 09:43:54,5940.1,409308
2021-06-04 09:43:55,5940.8,409709
2021-06-04 09:43:56,5940.8,409710
2021-06-04 09:43:57,5940.0,410286
2021-06-04 09:43:58,5940.1,410343
2021-06-04 09:43:59,5940.0,410364
2021-06-04 09:44:00,5940.0,410376
2021-06-04 09:44:01,5940.0,410597
2021-06-04 09:44:02,5940.0,410617
2021-06-04 09:44:03,5940.0,410668
2021-06-04 09:44:04,5940.0,411094
2021-06-04 09:44:05,5940.4,411133
2021-06-04 09:44:06,5940.85,411189
2021-06-04 09:44:07,5940.0,411295
2021-06-04 09:44:08,5940.75,411325
2021-06-04 09:44:09,5940.0,411333
2021-06-04 09:44:10,5939.9,412050
2021-06-04 09:44:12,5939.9,412050
2021-06-04 09:44:13,5940.0,412073
2021-06-04 09:44:14,5940.0,412073
2021-06-04 09:44:15,5940.0,412087
2021-06-04 09:44:16,5940.0,412087
2021-06-04 09:44:17,5939.95,412097
2021-06-04 09:44:18,5939.95,412110
2021-06-04 09:44:19,5939.9,412150
2021-06-04 09:44:20,5939.9,412169
2021-06-04 09:44:21,5939.9,412329
2021-06-04 09:44:21,5939.9,412334
2021-06-04 09:44:22,5939.9,412354
2021-06-04 09:44:23,5939.95,412367
2021-06-04 09:44:24,5939.95,412367
2021-06-04 09:44:25,5939.9,412370
2021-06-04 09:44:26,5939.9,412420
2021-06-04 09:44:27,5939.95,412421
2021-06-04 09:44:28,5939.95,412421
2021-06-04 09:44:29,5939.95,412421
2021-06-04 09:44:31,5939.9,412472
2021-06-04 09:44:32,5939.95,412493
2021-06-04 09:44:33,5939.9,412519
2021-06-04 09:44:34,5939.9,412546
2021-06-04 09:44:35,5939.9,412546
2021-06-04 09:44:36,5939.9,412680
2021-06-04 09:44:37,5939.9,412680
2021-06-04 09:44:38,5939.9,413630
2021-06-04 09:44:39,5939.9,413630
2021-06-04 09:44:40,5940.0,413660
2021-06-04 09:44:41,5939.9,413706
2021-06-04 09:44:42,5939.9,414433
2021-06-04 09:44:43,5939.9,414483
2021-06-04 09:44:44,5939.0,414771
2021-06-04 09:44:45,5939.0,414783
2021-06-04 09:44:46,5939.25,414833
2021-06-04 09:44:46,5939.25,414833
2021-06-04 09:44:48,5939.6,415136
2021-06-04 09:44:49,5938.0,415140
2021-06-04 09:44:51,5939.0,415145
2021-06-04 09:44:52,5938.0,415153
2021-06-04 09:44:53,5938.0,415215
2021-06-04 09:44:54,5938.0,415222
2021-06-04 09:44:55,5938.0,415251
2021-06-04 09:44:56,5939.25,415253
2021-06-04 09:44:57,5939.15,415272
2021-06-04 09:44:58,5938.0,415678
2021-06-04 09:44:59,5937.0,416311
2021-06-04 09:44:59,5937.0,416311
2021-06-04 09:45:00,5938.0,416322
2021-06-04 09:45:01,5938.0,416494
2021-06-04 09:45:02,5937.95,416514
2021-06-04 09:45:05,5937.45,416563
2021-06-04 09:45:06,5935.6,416656
2021-06-04 09:45:07,5935.6,416731
2021-06-04 09:45:08,5937.2,416838
2021-06-04 09:45:09,5935.0,417480
2021-06-04 09:45:10,5931.15,419473
2021-06-04 09:45:11,5931.25,421937
2021-06-04 09:45:12,5930.7,422043
2021-06-04 09:45:13,5930.7,422248
2021-06-04 09:45:13,5930.7,422249
2021-06-04 09:45:14,5930.85,422331
2021-06-04 09:45:17,5932.05,422855
2021-06-04 09:45:18,5931.9,422904
2021-06-04 09:45:19,5931.9,422955
2021-06-04 09:45:20,5931.6,423224
2021-06-04 09:45:21,5933.65,423250
2021-06-04 09:45:22,5931.2,423338
2021-06-04 09:45:23,5933.4,423353
2021-06-04 09:45:23,5933.4,423353
2021-06-04 09:45:25,5933.3,423409
2021-06-04 09:45:26,5933.3,423549
2021-06-04 09:45:27,5930.8,423652
2021-06-04 09:45:28,5930.8,423697
2021-06-04 09:45:29,5931.05,423810
2021-06-04 09:45:30,5932.0,423991
2021-06-04 09:45:30,5932.0,423991
2021-06-04 09:45:31,5930.8,424069
2021-06-04 09:45:32,5929.45,424089
2021-06-04 09:45:34,5931.0,424215
2021-06-04 09:45:35,5930.0,424216
2021-06-04 09:45:36,5928.55,424319
2021-06-04 09:45:37,5929.9,424723
2021-06-04 09:45:38,5928.0,424917
2021-06-04 09:45:39,5929.95,424947
2021-06-04 09:45:40,5928.0,424978
2021-06-04 09:45:41,5928.0,425106
2021-06-04 09:45:42,5929.95,425302
2021-06-04 09:45:43,5928.45,425463
2021-06-04 09:45:43,5928.45,425463
2021-06-04 09:45:44,5928.45,427130
2021-06-04 09:45:46,5928.45,427519
2021-06-04 09:45:47,5928.5,427542
2021-06-04 09:45:48,5928.0,427959
2021-06-04 09:45:49,5928.0,428215
2021-06-04 09:45:49,5928.0,428215
2021-06-04 09:45:50,5928.45,428237
2021-06-04 09:45:51,5927.0,428549
2021-06-04 09:45:53,5922.2,430900
2021-06-04 09:45:54,5923.95,430910
2021-06-04 09:45:55,5924.0,431221
2021-06-04 09:45:56,5924.0,431221
2021-06-04 09:45:57,5924.25,431501
2021-06-04 09:45:58,5921.5,431627
2021-06-04 09:45:59,5924.0,432024
2021-06-04 09:46:00,5925.35,432211
2021-06-04 09:46:02,5924.65,432481
2021-06-04 09:46:03,5925.15,432679
2021-06-04 09:46:03,5922.6,432629
2021-06-04 09:46:04,5924.05,432915
2021-06-04 09:46:05,5922.8,432916
2021-06-04 09:46:06,5924.05,432937
2021-06-04 09:46:07,5924.05,433050
2021-06-04 09:46:08,5924.05,433443
2021-06-04 09:46:09,5925.8,433706
2021-06-04 09:46:10,5925.2,434027
2021-06-04 09:46:12,5922.1,434258
2021-06-04 09:46:13,5925.0,434295
2021-06-04 09:46:14,5924.0,434380
2021-06-04 09:46:15,5925.0,434413
2021-06-04 09:46:16,5925.65,434443
2021-06-04 09:46:17,5924.05,434520
2021-06-04 09:46:18,5924.0,434574
2021-06-04 09:46:19,5924.0,434870
2021-06-04 09:46:20,5924.0,435056
2021-06-04 09:46:21,5924.65,435384
2021-06-04 09:46:23,5924.6,435528
2021-06-04 09:46:25,5924.0,435613
2021-06-04 09:46:26,5924.0,435898
2021-06-04 09:46:27,5925.5,436062
2021-06-04 09:46:28,5925.5,436094
2021-06-04 09:46:30,5925.9,436339
2021-06-04 09:46:30,5926.0,436385
2021-06-04 09:46:32,5926.0,436645
2021-06-04 09:46:33,5928.45,436865
2021-06-04 09:46:34,5928.3,436879
2021-06-04 09:46:35,5926.3,436901
2021-06-04 09:46:36,5928.55,436964
2021-06-04 09:46:37,5927.0,436981
2021-06-04 09:46:38,5926.45,437015
2021-06-04 09:46:39,5926.45,437015
2021-06-04 09:46:40,5927.9,437238
2021-06-04 09:46:41,5926.45,437361
2021-06-04 09:46:42,5926.0,437437
2021-06-04 09:46:43,5926.1,437443
2021-06-04 09:46:45,5927.65,437859
2021-06-04 09:46:46,5926.0,438041
2021-06-04 09:46:47,5927.4,438044
2021-06-04 09:46:48,5927.7,438192
2021-06-04 09:46:49,5927.45,438194
2021-06-04 09:46:50,5927.85,438195
2021-06-04 09:46:51,5927.9,438450
2021-06-04 09:46:52,5927.65,438471
2021-06-04 09:46:53,5926.0,438486
2021-06-04 09:46:54,5928.0,438537
2021-06-04 09:46:56,5926.0,438654
2021-06-04 09:46:56,5928.0,438634
2021-06-04 09:46:58,5928.0,438657
2021-06-04 09:46:59,5928.0,438832
2021-06-04 09:47:00,5928.5,438840
2021-06-04 09:47:01,5926.0,439222
2021-06-04 09:47:02,5926.0,439513
2021-06-04 09:47:02,5926.0,439513
2021-06-04 09:47:04,5927.6,439520
2021-06-04 09:47:05,5927.6,439526
2021-06-04 09:47:06,5927.6,439536
2021-06-04 09:47:07,5928.1,440124
2021-06-04 09:47:08,5928.1,440124
2021-06-04 09:47:09,5925.0,440374
2021-06-04 09:47:10,5927.85,440460
2021-06-04 09:47:11,5926.0,440472
2021-06-04 09:47:12,5926.0,440476
2021-06-04 09:47:13,5926.25,440491
2021-06-04 09:47:14,5925.0,440853
2021-06-04 09:47:15,5927.5,440949
2021-06-04 09:47:16,5927.6,440950
2021-06-04 09:47:17,5927.25,440955
2021-06-04 09:47:18,5927.85,441025
2021-06-04 09:47:19,5926.05,441508
2021-06-04 09:47:22,5928.4,441592
2021-06-04 09:47:22,5928.4,441592
2021-06-04 09:47:24,5928.4,441592
2021-06-04 09:47:25,5928.4,441804
2021-06-04 09:47:26,5925.2,441954
2021-06-04 09:47:27,5927.9,441964
2021-06-04 09:47:28,5927.9,441994
2021-06-04 09:47:29,5927.8,442249
2021-06-04 09:47:30,5928.5,442329
2021-06-04 09:47:31,5927.8,442337
2021-06-04 09:47:33,5927.9,442338
2021-06-04 09:47:34,5928.5,442375
2021-06-04 09:47:35,5927.8,442385
2021-06-04 09:47:36,5927.8,442385
2021-06-04 09:47:37,5930.0,444072
2021-06-04 09:47:38,5930.0,444072
2021-06-04 09:47:39,5930.0,444076
2021-06-04 09:47:40,5930.0,444077
2021-06-04 09:47:41,5928.5,444165
2021-06-04 09:47:42,5928.5,444201
2021-06-04 09:47:43,5930.0,444208
2021-06-04 09:47:44,5928.5,444218
2021-06-04 09:47:45,5928.5,444218
2021-06-04 09:47:46,5929.2,444264
2021-06-04 09:47:47,5930.0,444395
2021-06-04 09:47:48,5929.2,444447
2021-06-04 09:47:49,5929.25,444473
2021-06-04 09:47:51,5929.9,444474
2021-06-04 09:47:52,5929.25,444575
2021-06-04 09:47:53,5930.0,444700
2021-06-04 09:47:54,5930.0,444712
2021-06-04 09:47:55,5930.0,444712
2021-06-04 09:47:56,5929.2,444812
2021-06-04 09:47:57,5929.2,444912
2021-06-04 09:47:58,5930.0,444961
2021-06-04 09:47:59,5930.0,445855
2021-06-04 09:48:00,5930.0,445926
2021-06-04 09:48:01,5930.0,445981
2021-06-04 09:48:02,5930.0,445985
2021-06-04 09:48:03,5929.4,446018
2021-06-04 09:48:04,5929.4,446018
2021-06-04 09:48:05,5931.6,446068
2021-06-04 09:48:06,5929.55,446070
2021-06-04 09:48:08,5929.55,446071
2021-06-04 09:48:09,5932.0,446091
2021-06-04 09:48:10,5930.0,446163
2021-06-04 09:48:11,5930.0,446163
2021-06-04 09:48:12,5932.0,446193
2021-06-04 09:48:13,5932.0,446193
2021-06-04 09:48:14,5931.0,446203
2021-06-04 09:48:15,5931.6,446530
2021-06-04 09:48:16,5932.9,446783
2021-06-04 09:48:17,5931.6,446958
2021-06-04 09:48:18,5931.7,446966
2021-06-04 09:48:19,5932.0,447059
2021-06-04 09:48:20,5933.65,447109
2021-06-04 09:48:21,5933.0,447130
2021-06-04 09:48:22,5933.0,447130
2021-06-04 09:48:23,5932.05,447162
2021-06-04 09:48:24,5933.0,447276
2021-06-04 09:48:25,5933.85,447399
2021-06-04 09:48:26,5932.0,447521
2021-06-04 09:48:27,5932.95,447522
2021-06-04 09:48:28,5932.05,447610
2021-06-04 09:48:29,5933.0,447620
2021-06-04 09:48:30,5933.0,447620
2021-06-04 09:48:31,5932.95,447648
2021-06-04 09:48:32,5932.95,447688
2021-06-04 09:48:33,5932.95,447714
2021-06-04 09:48:34,5933.0,447752
2021-06-04 09:48:35,5933.0,447752
2021-06-04 09:48:36,5932.5,447757
2021-06-04 09:48:37,5932.5,447818
2021-06-04 09:48:38,5932.5,447820
2021-06-04 09:48:39,5933.0,447909
2021-06-04 09:48:40,5932.5,449953
2021-06-04 09:48:41,5932.45,449992
2021-06-04 09:48:42,5932.4,450092
2021-06-04 09:48:43,5932.4,450092
2021-06-04 09:48:44,5932.4,450185
2021-06-04 09:48:45,5933.85,450429
2021-06-04 09:48:46,5932.0,450454
2021-06-04 09:48:47,5932.0,450454
2021-06-04 09:48:49,5932.45,450456
2021-06-04 09:48:48,5932.45,450456
2021-06-04 09:48:50,5932.5,450464
2021-06-04 09:48:52,5932.75,450505
2021-06-04 09:48:54,5932.5,450562
2021-06-04 09:48:55,5931.4,451452
2021-06-04 09:48:56,5931.4,451477
2021-06-04 09:48:57,5932.4,451495
2021-06-04 09:48:59,5932.4,451496
2021-06-04 09:48:58,5932.4,451496
2021-06-04 09:49:00,5930.3,451521
2021-06-04 09:49:01,5930.3,451521
2021-06-04 09:49:02,5932.5,451613
2021-06-04 09:49:03,5932.0,451618
2021-06-04 09:49:04,5931.9,451743
2021-06-04 09:49:05,5932.0,451758
2021-06-04 09:49:07,5931.9,451988
2021-06-04 09:49:08,5931.9,452001
2021-06-04 09:49:10,5931.9,452001
2021-06-04 09:49:09,5931.9,452001
2021-06-04 09:49:11,5931.9,452008
2021-06-04 09:49:12,5932.0,452014
2021-06-04 09:49:13,5932.0,452014
2021-06-04 09:49:14,5932.0,452035
2021-06-04 09:49:15,5932.0,452036
2021-06-04 09:49:16,5932.0,452092
2021-06-04 09:49:17,5932.0,452098
2021-06-04 09:49:18,5932.0,452125
2021-06-04 09:49:19,5932.0,452223
2021-06-04 09:49:20,5931.9,452501
2021-06-04 09:49:21,5931.9,452525
2021-06-04 09:49:22,5932.6,452526
2021-06-04 09:49:23,5932.05,452528
2021-06-04 09:49:24,5932.05,452528
2021-06-04 09:49:25,5932.6,452540
2021-06-04 09:49:26,5932.05,452551
2021-06-04 09:49:27,5932.85,452644
2021-06-04 09:49:28,5932.0,452664
2021-06-04 09:49:29,5932.0,452664
2021-06-04 09:49:30,5933.0,452669
2021-06-04 09:49:32,5933.0,452685
2021-06-04 09:49:32,5932.4,453215
2021-06-04 09:49:33,5932.5,453216
2021-06-04 09:49:34,5933.0,453277
2021-06-04 09:49:35,5933.0,453335
2021-06-04 09:49:36,5933.0,453335
2021-06-04 09:49:37,5932.5,453387
2021-06-04 09:49:38,5933.6,453616
2021-06-04 09:49:39,5933.6,453623
2021-06-04 09:49:41,5933.25,453762
2021-06-04 09:49:41,5933.25,453762
2021-06-04 09:49:42,5933.25,453762
2021-06-04 09:49:43,5933.2,453784
2021-06-04 09:49:44,5933.15,453810
2021-06-04 09:49:45,5933.05,453985
2021-06-04 09:49:46,5934.5,454267
2021-06-04 09:49:47,5934.5,454267
2021-06-04 09:49:48,5934.0,454319
2021-06-04 09:49:49,5934.0,454319
2021-06-04 09:49:50,5934.0,454374
2021-06-04 09:49:51,5934.0,454374
2021-06-04 09:49:52,5934.85,454396
2021-06-04 09:49:54,5934.85,454400
2021-06-04 09:49:54,5934.5,454462
2021-06-04 09:49:57,5935.0,454883
2021-06-04 09:49:57,5934.0,454882
2021-06-04 09:49:58,5934.0,454914
2021-06-04 09:49:59,5935.0,454942
2021-06-04 09:50:00,5935.0,454958
2021-06-04 09:50:01,5935.6,455359
2021-06-04 09:50:02,5934.2,455385
2021-06-04 09:50:03,5930.0,457505
2021-06-04 09:50:04,5930.0,457508
2021-06-04 09:50:05,5931.7,457568
2021-06-04 09:50:06,5932.15,457578
2021-06-04 09:50:08,5931.75,457594
2021-06-04 09:50:08,5932.15,457578
2021-06-04 09:50:09,5931.75,457594
2021-06-04 09:50:10,5931.75,457594
2021-06-04 09:50:11,5932.05,457604
2021-06-04 09:50:12,5932.0,457626
2021-06-04 09:50:13,5930.25,457629
2021-06-04 09:50:14,5932.2,457630
2021-06-04 09:50:15,5932.2,457630
2021-06-04 09:50:16,5930.25,457700
2021-06-04 09:50:17,5930.25,457700
2021-06-04 09:50:18,5931.75,457710
2021-06-04 09:50:20,5930.0,457734
2021-06-04 09:50:21,5930.0,457759
2021-06-04 09:50:22,5928.7,458797
2021-06-04 09:50:23,5928.35,458810
2021-06-04 09:50:24,5928.35,458812
2021-06-04 09:50:25,5928.5,458886
2021-06-04 09:50:26,5928.55,458900
2021-06-04 09:50:27,5928.7,459138
2021-06-04 09:50:28,5928.7,459138
2021-06-04 09:50:30,5927.1,459151
2021-06-04 09:50:30,5927.1,459151
2021-06-04 09:50:31,5926.15,459383
2021-06-04 09:50:32,5926.3,459459
2021-06-04 09:50:33,5929.15,459508
2021-06-04 09:50:34,5929.05,459558
2021-06-04 09:50:35,5926.05,459607
2021-06-04 09:50:36,5926.0,459702
2021-06-04 09:50:38,5927.1,459707
2021-06-04 09:50:39,5926.1,459874
2021-06-04 09:50:40,5926.05,459875
2021-06-04 09:50:41,5926.0,459925
2021-06-04 09:50:42,5926.0,459925
2021-06-04 09:50:43,5926.05,459959
2021-06-04 09:50:44,5926.05,459959
2021-06-04 09:50:45,5928.0,460012
2021-06-04 09:50:46,5928.3,460123
2021-06-04 09:50:47,5928.8,460338
2021-06-04 09:50:48,5927.05,460464
2021-06-04 09:50:50,5928.0,460577
2021-06-04 09:50:50,5928.0,460577
2021-06-04 09:50:51,5928.0,460577
2021-06-04 09:50:52,5928.0,460587
2021-06-04 09:50:54,5929.0,460620
2021-06-04 09:50:55,5929.0,460620
2021-06-04 09:50:56,5929.0,460621
2021-06-04 09:50:57,5929.0,460641
2021-06-04 09:50:58,5929.0,460649
2021-06-04 09:51:00,5929.0,460689
2021-06-04 09:51:01,5929.0,460695
2021-06-04 09:51:02,5930.4,465603
2021-06-04 09:51:02,5930.4,465614
2021-06-04 09:51:03,5930.3,465620
2021-06-04 09:51:04,5931.95,465631
2021-06-04 09:51:05,5933.95,466331
2021-06-04 09:51:06,5931.35,466336
2021-06-04 09:51:08,5931.85,466415
2021-06-04 09:51:08,5931.85,466439
2021-06-04 09:51:09,5930.9,466699
2021-06-04 09:51:10,5930.35,466709
2021-06-04 09:51:11,5930.35,466709
2021-06-04 09:51:13,5930.35,466724
2021-06-04 09:51:14,5930.35,466724
2021-06-04 09:51:16,5930.35,468412
2021-06-04 09:51:16,5930.35,468412
2021-06-04 09:51:17,5930.8,469325
2021-06-04 09:51:18,5930.75,469330
2021-06-04 09:51:19,5928.0,469516
2021-06-04 09:51:21,5928.0,469516
2021-06-04 09:51:21,5928.0,469516
2021-06-04 09:51:22,5928.2,469604
2021-06-04 09:51:23,5930.0,469606
2021-06-04 09:51:24,5930.0,469606
2021-06-04 09:51:25,5928.65,469607
2021-06-04 09:51:26,5930.0,469626
2021-06-04 09:51:27,5930.0,469626
2021-06-04 09:51:28,5930.0,469634
2021-06-04 09:51:29,5928.65,469635
2021-06-04 09:51:30,5930.0,469645
2021-06-04 09:51:31,5927.0,470555
2021-06-04 09:51:32,5927.0,470555
2021-06-04 09:51:34,5927.95,470711
2021-06-04 09:51:35,5927.95,470717
2021-06-04 09:51:35,5927.95,470717
2021-06-04 09:51:37,5928.2,470742
2021-06-04 09:51:38,5926.15,470792
2021-06-04 09:51:39,5926.15,470792
2021-06-04 09:51:40,5926.8,470968
2021-06-04 09:51:42,5926.65,471198
2021-06-04 09:51:43,5926.3,471248
2021-06-04 09:51:44,5926.7,471263
2021-06-04 09:51:45,5926.0,471264
2021-06-04 09:51:46,5926.0,471397
2021-06-04 09:51:47,5926.55,471399
2021-06-04 09:51:47,5926.55,471399
2021-06-04 09:51:48,5925.65,471451
2021-06-04 09:51:49,5926.3,471529
2021-06-04 09:51:51,5926.7,471899
2021-06-04 09:51:52,5926.3,471927
2021-06-04 09:51:55,5925.0,471973
2021-06-04 09:51:57,5925.0,471973
2021-06-04 09:51:58,5925.0,472475
2021-06-04 09:51:58,5925.7,472482
2021-06-04 09:51:59,5925.7,472482
2021-06-04 09:52:00,5925.7,472485
2021-06-04 09:52:01,5925.0,472615
2021-06-04 09:52:02,5924.0,472880
2021-06-04 09:52:03,5925.7,472988
2021-06-04 09:52:04,5925.7,473031
2021-06-04 09:52:05,5926.45,473159
2021-06-04 09:52:07,5926.45,473159
2021-06-04 09:52:08,5925.8,473166
2021-06-04 09:52:08,5925.8,473166
2021-06-04 09:52:09,5928.4,473283
2021-06-04 09:52:10,5928.6,473284
2021-06-04 09:52:11,5926.85,473286
2021-06-04 09:52:12,5927.5,473297
2021-06-04 09:52:15,5927.5,473434
2021-06-04 09:52:16,5925.3,473761
2021-06-04 09:52:17,5925.4,473846
2021-06-04 09:52:17,5925.4,473846
2021-06-04 09:52:18,5925.4,473846
2021-06-04 09:52:19,5928.0,473847
2021-06-04 09:52:20,5925.05,473848
2021-06-04 09:52:22,5926.7,473910
2021-06-04 09:52:23,5925.0,473916
2021-06-04 09:52:23,5925.0,473916
2021-06-04 09:52:24,5926.7,473917
2021-06-04 09:52:25,5925.4,474144
2021-06-04 09:52:26,5926.95,474146
2021-06-04 09:52:28,5925.0,474158
2021-06-04 09:52:29,5926.75,474160
2021-06-04 09:52:30,5926.7,474603
2021-06-04 09:52:31,5927.0,474638
2021-06-04 09:52:31,5927.0,474638
2021-06-04 09:52:32,5927.0,474638
2021-06-04 09:52:33,5927.45,474653
2021-06-04 09:52:34,5925.05,474689
2021-06-04 09:52:35,5925.0,474694
2021-06-04 09:52:36,5925.4,474734
2021-06-04 09:52:37,5926.95,474875
2021-06-04 09:52:38,5925.0,474926
2021-06-04 09:52:40,5925.3,474960
2021-06-04 09:52:42,5925.0,474970
2021-06-04 09:52:43,5926.85,475134
2021-06-04 09:52:43,5926.85,475134
2021-06-04 09:52:44,5924.65,475680
2021-06-04 09:52:45,5924.65,475745
2021-06-04 09:52:46,5924.75,475847
2021-06-04 09:52:48,5924.75,475847
2021-06-04 09:52:49,5924.0,475878
2021-06-04 09:52:49,5924.0,475878
2021-06-04 09:52:50,5924.7,475901
2021-06-04 09:52:51,5924.7,475912
2021-06-04 09:52:52,5924.0,475914
2021-06-04 09:52:53,5924.75,475940
2021-06-04 09:52:54,5924.7,475946
2021-06-04 09:52:55,5924.0,476121
2021-06-04 09:52:57,5924.0,476179
2021-06-04 09:52:58,5924.0,476265
2021-06-04 09:52:58,5924.0,476265
2021-06-04 09:52:59,5922.1,476342
2021-06-04 09:53:00,5922.75,476352
2021-06-04 09:53:01,5922.75,476437
2021-06-04 09:53:02,5922.75,476633
2021-06-04 09:53:03,5922.75,476634
2021-06-04 09:53:04,5919.0,480772
2021-06-04 09:53:05,5919.0,480878
2021-06-04 09:53:06,5920.0,481000
2021-06-04 09:53:07,5920.0,481039
2021-06-04 09:53:08,5921.05,481126
2021-06-04 09:53:10,5920.0,481365
2021-06-04 09:53:11,5920.0,481503
2021-06-04 09:53:12,5921.5,481578
2021-06-04 09:53:15,5920.3,481721
2021-06-04 09:53:16,5920.2,481736
2021-06-04 09:53:17,5920.0,481894
2021-06-04 09:53:18,5919.0,481945
2021-06-04 09:53:19,5919.0,482007
2021-06-04 09:53:20,5919.25,482261
2021-06-04 09:53:21,5921.8,482316
2021-06-04 09:53:22,5919.85,482356
2021-06-04 09:53:23,5920.0,482486
2021-06-04 09:53:24,5922.0,482593
2021-06-04 09:53:25,5922.0,482640
2021-06-04 09:53:27,5922.0,482858
2021-06-04 09:53:28,5922.85,482928
2021-06-04 09:53:29,5922.1,483031
2021-06-04 09:53:29,5922.1,483031
2021-06-04 09:53:30,5922.3,483653
2021-06-04 09:53:31,5922.4,483673
2021-06-04 09:53:33,5922.45,484174
2021-06-04 09:53:34,5922.85,484412
2021-06-04 09:53:35,5924.6,484825
2021-06-04 09:53:36,5927.0,485162
2021-06-04 09:53:36,5927.45,485212
2021-06-04 09:53:37,5925.35,485277
2021-06-04 09:53:38,5927.45,485541
2021-06-04 09:53:39,5928.0,485621
2021-06-04 09:53:40,5928.0,485621
2021-06-04 09:53:41,5928.0,485641
2021-06-04 09:53:42,5927.3,485685
2021-06-04 09:53:43,5930.0,485913
2021-06-04 09:53:44,5928.75,485924
2021-06-04 09:53:45,5928.75,485924
2021-06-04 09:53:47,5930.0,486452
2021-06-04 09:53:48,5930.0,486523
2021-06-04 09:53:49,5930.0,486555
2021-06-04 09:53:50,5928.8,486707
2021-06-04 09:53:51,5929.9,486733
2021-06-04 09:53:52,5930.0,486814
2021-06-04 09:53:53,5930.0,486923
2021-06-04 09:53:54,5930.0,486923
2021-06-04 09:53:55,5929.5,486925
2021-06-04 09:53:56,5929.95,486935
2021-06-04 09:53:57,5930.0,486946
2021-06-04 09:53:58,5930.0,486946
2021-06-04 09:53:59,5929.15,487698
2021-06-04 09:53:59,5928.95,487823
2021-06-04 09:54:01,5928.95,487832
2021-06-04 09:54:02,5929.0,487837
2021-06-04 09:54:03,5929.65,487862
2021-06-04 09:54:04,5926.1,489252
2021-06-04 09:54:05,5928.4,489267
2021-06-04 09:54:06,5928.4,489270
2021-06-04 09:54:07,5928.4,489271
2021-06-04 09:54:08,5928.8,489274
2021-06-04 09:54:09,5928.85,489277
2021-06-04 09:54:11,5928.85,489277
2021-06-04 09:54:12,5928.85,489277
2021-06-04 09:54:13,5930.0,489562
2021-06-04 09:54:14,5930.0,489562
2021-06-04 09:54:15,5930.35,494152
2021-06-04 09:54:16,5930.35,494152
2021-06-04 09:54:17,5930.2,494172
2021-06-04 09:54:18,5930.2,494172
2021-06-04 09:54:19,5930.2,494172
2021-06-04 09:54:20,5930.0,494287
2021-06-04 09:54:22,5928.85,494306
2021-06-04 09:54:22,5927.45,494310
2021-06-04 09:54:24,5928.85,494318
2021-06-04 09:54:25,5930.0,494323
2021-06-04 09:54:26,5930.0,494323
2021-06-04 09:54:27,5931.6,494567
2021-06-04 09:54:28,5931.6,494567
2021-06-04 09:54:28,5931.6,494567
2021-06-04 09:54:29,5931.6,494567
2021-06-04 09:54:30,5930.45,494582
2021-06-04 09:54:31,5930.0,495639
2021-06-04 09:54:33,5928.85,495640
2021-06-04 09:54:34,5928.85,495640
2021-06-04 09:54:36,5930.0,495676
2021-06-04 09:54:37,5930.0,495676
2021-06-04 09:54:38,5930.45,495678
2021-06-04 09:54:39,5928.75,496968
2021-06-04 09:54:40,5928.75,496973
2021-06-04 09:54:40,5928.75,496973
2021-06-04 09:54:41,5926.25,496982
2021-06-04 09:54:42,5928.45,497003
2021-06-04 09:54:43,5926.4,497013
2021-06-04 09:54:45,5928.25,497018
2021-06-04 09:54:47,5928.7,497399
2021-06-04 09:54:48,5929.75,497404
2021-06-04 09:54:49,5929.85,497425
2021-06-04 09:54:50,5928.0,497455
2021-06-04 09:54:51,5927.25,497458
2021-06-04 09:54:52,5926.25,497497
2021-06-04 09:54:53,5925.0,497598
2021-06-04 09:54:54,5926.75,497633
2021-06-04 09:54:55,5926.75,497633
2021-06-04 09:54:56,5925.05,497636
2021-06-04 09:54:56,5925.05,497636
2021-06-04 09:54:57,5927.1,497666
2021-06-04 09:54:58,5925.05,497682
2021-06-04 09:54:59,5926.75,497717
2021-06-04 09:55:01,5926.75,497717
2021-06-04 09:55:02,5926.85,497841
2021-06-04 09:55:03,5926.35,497872
2021-06-04 09:55:04,5926.25,497874
2021-06-04 09:55:05,5926.85,497889
2021-06-04 09:55:05,5926.85,497889
2021-06-04 09:55:06,5926.85,497909
2021-06-04 09:55:07,5926.85,497909
2021-06-04 09:55:08,5926.05,497991
2021-06-04 09:55:09,5926.9,498058
2021-06-04 09:55:10,5926.9,498085
2021-06-04 09:55:12,5926.9,498113
2021-06-04 09:55:12,5927.0,498114
2021-06-04 09:55:13,5927.0,498114
2021-06-04 09:55:15,5926.95,498139
2021-06-04 09:55:16,5927.0,498165
2021-06-04 09:55:18,5926.9,498167
2021-06-04 09:55:18,5926.9,498167
2021-06-04 09:55:19,5926.1,498212
2021-06-04 09:55:20,5926.1,498212
2021-06-04 09:55:21,5927.0,498245
2021-06-04 09:55:22,5927.0,498309
2021-06-04 09:55:23,5928.0,498322
2021-06-04 09:55:24,5926.9,498329
2021-06-04 09:55:25,5926.9,498329
2021-06-04 09:55:27,5926.15,498379
2021-06-04 09:55:28,5927.4,498425
2021-06-04 09:55:29,5927.4,498425
2021-06-04 09:55:30,5927.4,498425
2021-06-04 09:55:31,5927.4,498425
2021-06-04 09:55:31,5927.4,498426
2021-06-04 09:55:32,5926.0,498518
2021-06-04 09:55:34,5926.0,498523
2021-06-04 09:55:35,5926.0,498583
2021-06-04 09:55:37,5926.0,498584
2021-06-04 09:55:38,5926.65,498687
2021-06-04 09:55:39,5927.0,498788
2021-06-04 09:55:39,5927.0,498788
2021-06-04 09:55:40,5927.0,498816
2021-06-04 09:55:41,5925.8,498843
2021-06-04 09:55:42,5925.8,498843
2021-06-04 09:55:44,5927.0,498954
2021-06-04 09:55:45,5927.0,498954
2021-06-04 09:55:46,5927.0,498954
2021-06-04 09:55:47,5926.75,498974
2021-06-04 09:55:48,5928.6,499264
2021-06-04 09:55:49,5928.0,499269
2021-06-04 09:55:50,5927.15,499294
2021-06-04 09:55:51,5929.0,499297
2021-06-04 09:55:52,5927.2,499347
2021-06-04 09:55:53,5929.6,499358
2021-06-04 09:55:54,5929.6,499358
2021-06-04 09:55:55,5929.75,499363
2021-06-04 09:55:56,5928.0,499383
2021-06-04 09:55:57,5928.0,499383
2021-06-04 09:55:57,5928.0,499383
2021-06-04 09:55:58,5928.0,499399
2021-06-04 09:56:00,5928.0,499399
2021-06-04 09:56:01,5927.1,499410
2021-06-04 09:56:02,5927.1,499410
2021-06-04 09:56:03,5930.0,499873
2021-06-04 09:56:04,5930.0,499873
2021-06-04 09:56:05,5930.0,499873
2021-06-04 09:56:06,5927.35,499910
2021-06-04 09:56:06,5926.95,500641
2021-06-04 09:56:09,5927.25,500811
2021-06-04 09:56:10,5928.0,500812
2021-06-04 09:56:11,5928.0,500812
2021-06-04 09:56:12,5927.25,500813
2021-06-04 09:56:12,5927.25,500813
2021-06-04 09:56:14,5927.25,500815
2021-06-04 09:56:15,5928.0,500825
2021-06-04 09:56:16,5927.5,500835
2021-06-04 09:56:17,5927.25,500839
2021-06-04 09:56:18,5927.4,500864
2021-06-04 09:56:19,5927.65,500866
2021-06-04 09:56:20,5927.65,500874
2021-06-04 09:56:21,5928.0,500904
2021-06-04 09:56:22,5928.0,500922
2021-06-04 09:56:23,5928.0,500922
2021-06-04 09:56:24,5928.0,500922
2021-06-04 09:56:25,5928.0,500922
2021-06-04 09:56:26,5928.0,501023
2021-06-04 09:56:27,5928.0,501034
2021-06-04 09:56:28,5928.0,501034
2021-06-04 09:56:29,5928.0,501044
2021-06-04 09:56:30,5928.0,501098
2021-06-04 09:56:32,5928.0,501105
2021-06-04 09:56:32,5928.0,501105
2021-06-04 09:56:33,5928.0,501105
2021-06-04 09:56:34,5927.4,501493
2021-06-04 09:56:35,5927.7,502683
2021-06-04 09:56:37,5927.25,502827
2021-06-04 09:56:38,5927.25,502827
2021-06-04 09:56:39,5927.25,502827
2021-06-04 09:56:40,5926.45,502829
2021-06-04 09:56:40,5926.45,502829
2021-06-04 09:56:42,5926.45,502829
2021-06-04 09:56:43,5926.05,502910
2021-06-04 09:56:44,5926.05,502916
2021-06-04 09:56:45,5926.05,502977
2021-06-04 09:56:46,5926.0,502979
2021-06-04 09:56:47,5927.0,502989
2021-06-04 09:56:48,5927.0,503004
2021-06-04 09:56:49,5926.45,503026
2021-06-04 09:56:50,5926.0,503164
2021-06-04 09:56:51,5926.0,503164
2021-06-04 09:56:51,5926.85,503166
2021-06-04 09:56:53,5926.0,503218
2021-06-04 09:56:54,5926.0,503268
2021-06-04 09:56:55,5927.0,503280
2021-06-04 09:56:56,5927.35,503538
2021-06-04 09:56:57,5927.35,503550
2021-06-04 09:56:58,5927.35,503550
2021-06-04 09:56:59,5926.0,503563
2021-06-04 09:56:59,5926.0,503563
2021-06-04 09:57:01,5926.0,503565
2021-06-04 09:57:02,5927.7,503581
2021-06-04 09:57:03,5927.0,503583
2021-06-04 09:57:04,5927.0,503592
2021-06-04 09:57:05,5925.0,503933
2021-06-04 09:57:06,5925.1,503979
2021-06-04 09:57:07,5925.0,504082
2021-06-04 09:57:08,5925.0,504082
2021-06-04 09:57:09,5925.6,504123
2021-06-04 09:57:10,5925.05,504128
2021-06-04 09:57:11,5925.0,504142
2021-06-04 09:57:12,5925.05,504157
2021-06-04 09:57:13,5925.0,504164
2021-06-04 09:57:14,5925.05,504195
2021-06-04 09:57:15,5925.05,504195
2021-06-04 09:57:16,5925.05,504195
2021-06-04 09:57:18,5925.05,504198
2021-06-04 09:57:19,5925.0,504237
2021-06-04 09:57:20,5925.05,504261
2021-06-04 09:57:21,5925.15,504263
2021-06-04 09:57:22,5925.2,504268
2021-06-04 09:57:23,5925.6,504269
2021-06-04 09:57:24,5925.2,504270
2021-06-04 09:57:24,5925.2,504270
2021-06-04 09:57:27,5925.6,504313
2021-06-04 09:57:28,5925.6,504313
2021-06-04 09:57:29,5925.6,504320
2021-06-04 09:57:30,5926.0,504323
2021-06-04 09:57:32,5926.0,504607
2021-06-04 09:57:33,5925.15,504633
2021-06-04 09:57:34,5926.6,504640
2021-06-04 09:57:35,5925.1,504715
2021-06-04 09:57:36,5925.05,504767
2021-06-04 09:57:37,5925.4,504768
2021-06-04 09:57:38,5927.0,504799
2021-06-04 09:57:39,5926.0,504801
2021-06-04 09:57:40,5925.65,504894
2021-06-04 09:57:41,5925.65,504894
2021-06-04 09:57:42,5925.65,504894
2021-06-04 09:57:43,5927.0,504896
2021-06-04 09:57:44,5926.3,504899
2021-06-04 09:57:45,5926.3,504900
2021-06-04 09:57:46,5927.0,504904
2021-06-04 09:57:46,5927.0,504904
2021-06-04 09:57:50,5924.0,507140
2021-06-04 09:57:52,5924.0,507170
2021-06-04 09:57:53,5924.9,507177
2021-06-04 09:57:54,5924.9,507177
2021-06-04 09:57:55,5924.9,507177
2021-06-04 09:57:57,5925.6,507197
2021-06-04 09:57:58,5925.0,507199
2021-06-04 09:57:59,5925.0,507199
2021-06-04 09:58:00,5925.55,507204
2021-06-04 09:58:01,5925.6,507222
2021-06-04 09:58:02,5925.6,507222
2021-06-04 09:58:03,5925.6,507222
2021-06-04 09:58:04,5925.6,507222
2021-06-04 09:58:06,5925.1,507225
2021-06-04 09:58:07,5925.6,507242
2021-06-04 09:58:08,5925.6,507242
2021-06-04 09:58:09,5925.0,507244
2021-06-04 09:58:10,5925.0,507264
2021-06-04 09:58:11,5925.6,507303
2021-06-04 09:58:12,5925.7,507418
2021-06-04 09:58:13,5924.9,507421
2021-06-04 09:58:14,5924.9,507421
2021-06-04 09:58:16,5925.5,507547
2021-06-04 09:58:17,5925.5,507652
2021-06-04 09:58:18,5925.5,507652
2021-06-04 09:58:19,5925.5,507652
2021-06-04 09:58:20,5925.5,507652
2021-06-04 09:58:21,5925.5,507652
2021-06-04 09:58:22,5925.5,507652
2021-06-04 09:58:23,5925.6,507667
2021-06-04 09:58:24,5925.5,507689
2021-06-04 09:58:25,5925.6,507694
2021-06-04 09:58:26,5925.5,507695
2021-06-04 09:58:27,5925.5,507696
2021-06-04 09:58:28,5925.5,507696
2021-06-04 09:58:29,5925.5,507722
2021-06-04 09:58:30,5925.5,507722
2021-06-04 09:58:31,5925.75,507727
2021-06-04 09:58:32,5925.75,507727
2021-06-04 09:58:34,5925.5,507752
2021-06-04 09:58:35,5925.75,507753
2021-06-04 09:58:36,5926.3,507781
2021-06-04 09:58:37,5925.65,507906
2021-06-04 09:58:38,5926.25,507911
2021-06-04 09:58:39,5926.35,508014
2021-06-04 09:58:40,5926.35,508015
2021-06-04 09:58:41,5926.35,508034
2021-06-04 09:58:42,5925.65,508039
2021-06-04 09:58:43,5931.0,513229
2021-06-04 09:58:44,5930.15,513244
2021-06-04 09:58:45,5929.95,514155
2021-06-04 09:58:46,5929.95,514155
2021-06-04 09:58:47,5932.3,514215
2021-06-04 09:58:48,5930.05,514237
2021-06-04 09:58:49,5930.05,514237
2021-06-04 09:58:50,5930.05,514237
2021-06-04 09:58:51,5930.05,514254
2021-06-04 09:58:52,5930.05,514254
2021-06-04 09:58:53,5930.1,514255
2021-06-04 09:58:54,5931.35,514260
2021-06-04 09:58:55,5926.95,516286
2021-06-04 09:58:56,5928.2,516290
2021-06-04 09:58:57,5928.45,516390
2021-06-04 09:58:58,5928.45,516391
2021-06-04 09:58:59,5928.05,516400
2021-06-04 09:59:01,5928.05,516400
2021-06-04 09:59:00,5928.05,516400
2021-06-04 09:59:02,5928.35,516420
2021-06-04 09:59:03,5928.45,516443
2021-06-04 09:59:04,5928.4,516454
2021-06-04 09:59:05,5928.55,516487
2021-06-04 09:59:06,5928.55,516487
2021-06-04 09:59:07,5926.8,516527
2021-06-04 09:59:08,5925.65,516535
2021-06-04 09:59:09,5927.3,516635
2021-06-04 09:59:10,5925.5,516693
2021-06-04 09:59:11,5925.5,516693
2021-06-04 09:59:12,5925.5,516693
2021-06-04 09:59:13,5925.7,516717
2021-06-04 09:59:14,5924.0,517515
2021-06-04 09:59:15,5925.0,517517
2021-06-04 09:59:16,5924.0,517696
2021-06-04 09:59:17,5924.0,517696
2021-06-04 09:59:18,5924.0,517758
2021-06-04 09:59:19,5925.6,517762
2021-06-04 09:59:20,5922.1,517914
2021-06-04 09:59:21,5924.0,517917
2021-06-04 09:59:22,5924.0,517917
2021-06-04 09:59:23,5922.0,518417
2021-06-04 09:59:24,5924.5,518484
2021-06-04 09:59:25,5924.5,518484
2021-06-04 09:59:27,5924.5,518484
2021-06-04 09:59:28,5924.0,518486
2021-06-04 09:59:29,5924.0,518488
2021-06-04 09:59:30,5924.0,518488
2021-06-04 09:59:31,5924.0,518488
2021-06-04 09:59:32,5924.0,518488
2021-06-04 09:59:33,5924.5,518490
2021-06-04 09:59:34,5924.5,518497
2021-06-04 09:59:35,5922.2,518554
2021-06-04 09:59:36,5925.2,518620
2021-06-04 09:59:37,5924.5,518630
2021-06-04 09:59:38,5922.4,518635
2021-06-04 09:59:39,5925.0,518659
2021-06-04 09:59:40,5925.0,518659
2021-06-04 09:59:41,5922.55,518660
2021-06-04 09:59:42,5924.0,518661
2021-06-04 09:59:43,5922.2,518831
2021-06-04 09:59:44,5924.0,518881
2021-06-04 09:59:45,5922.3,518900
2021-06-04 09:59:46,5922.3,518900
2021-06-04 09:59:47,5924.0,518955
2021-06-04 09:59:48,5925.0,519242
2021-06-04 09:59:49,5925.25,519262
2021-06-04 09:59:50,5925.0,519275
2021-06-04 09:59:51,5925.0,519276
2021-06-04 09:59:52,5925.0,519276
2021-06-04 09:59:53,5925.0,519278
2021-06-04 09:59:54,5925.0,519283
2021-06-04 09:59:55,5925.0,519393
2021-06-04 09:59:56,5925.0,519393
2021-06-04 09:59:57,5927.0,519418
2021-06-04 09:59:59,5922.0,519762
2021-06-04 09:59:58,5927.0,519418
2021-06-04 10:00:00,5922.65,519849
2021-06-04 10:00:01,5922.65,520136
2021-06-04 10:00:02,5921.0,520688
2021-06-04 10:00:03,5923.6,521021
2021-06-04 10:00:04,5923.8,521058
2021-06-04 10:00:05,5920.0,521088
2021-06-04 10:00:06,5920.0,521088
2021-06-04 10:00:07,5920.0,521213
2021-06-04 10:00:08,5922.85,521223
2021-06-04 10:00:09,5923.0,521309
2021-06-04 10:00:10,5923.0,521315
2021-06-04 10:00:11,5923.0,521315
2021-06-04 10:00:12,5923.0,521353
2021-06-04 10:00:13,5923.05,521503
2021-06-04 10:00:14,5922.55,521553
2021-06-04 10:00:16,5922.55,521553
2021-06-04 10:00:17,5922.55,521553
2021-06-04 10:00:18,5922.55,521553
2021-06-04 10:00:18,5922.55,521553
2021-06-04 10:00:19,5925.45,521623
2021-06-04 10:00:20,5925.45,521623
2021-06-04 10:00:21,5925.0,521655
2021-06-04 10:00:22,5925.05,521656
2021-06-04 10:00:27,5925.0,521857
2021-06-04 10:00:27,5925.0,521860
2021-06-04 10:00:28,5923.0,522001
2021-06-04 10:00:29,5924.3,522194
2021-06-04 10:00:30,5922.25,522222
2021-06-04 10:00:32,5922.4,522245
2021-06-04 10:00:33,5922.45,522250
2021-06-04 10:00:33,5922.45,522250
2021-06-04 10:00:40,5924.65,523319
2021-06-04 10:00:41,5924.65,523319
2021-06-04 10:00:42,5926.3,523326
2021-06-04 10:00:43,5925.8,523327
2021-06-04 10:00:44,5924.0,523408
2021-06-04 10:00:45,5924.85,523943
2021-06-04 10:00:47,5925.15,524231
2021-06-04 10:00:48,5923.55,524557
2021-06-04 10:00:49,5923.55,524557
2021-06-04 10:00:50,5923.55,524557
2021-06-04 10:00:51,5925.0,524697
2021-06-04 10:00:52,5927.0,524703
2021-06-04 10:00:53,5927.0,524731
2021-06-04 10:00:54,5927.0,524731
2021-06-04 10:00:55,5924.95,524766
2021-06-04 10:00:56,5924.95,524766
2021-06-04 10:00:57,5925.8,524796
2021-06-04 10:00:58,5925.0,524811
2021-06-04 10:00:59,5925.0,524811
2021-06-04 10:01:00,5925.55,524836
2021-06-04 10:01:01,5925.35,524838
2021-06-04 10:01:02,5925.3,524976
2021-06-04 10:01:03,5925.3,524992
2021-06-04 10:01:05,5924.9,525232
2021-06-04 10:01:06,5924.95,525234
2021-06-04 10:01:06,5924.95,525255
2021-06-04 10:01:08,5924.95,525257
2021-06-04 10:01:09,5924.9,525275
2021-06-04 10:01:09,5924.9,525275
2021-06-04 10:01:11,5924.95,525432
2021-06-04 10:01:12,5925.0,525444
2021-06-04 10:01:13,5925.0,525478
2021-06-04 10:01:14,5925.0,525500
2021-06-04 10:01:16,5925.0,525606
2021-06-04 10:01:19,5924.95,525618
2021-06-04 10:01:20,5924.95,525618
2021-06-04 10:01:21,5924.95,525618
2021-06-04 10:01:22,5924.95,526110
2021-06-04 10:01:23,5924.9,526298
2021-06-04 10:01:24,5924.9,526298
2021-06-04 10:01:26,5925.0,526363
2021-06-04 10:01:27,5925.0,526423
2021-06-04 10:01:28,5926.55,527204
2021-06-04 10:01:28,5926.55,527204
2021-06-04 10:01:29,5926.55,527204
2021-06-04 10:01:30,5926.55,527204
2021-06-04 10:01:31,5926.55,527204
2021-06-04 10:01:34,5928.0,527440
2021-06-04 10:01:35,5928.0,527440
2021-06-04 10:01:36,5926.95,527452
2021-06-04 10:01:37,5926.0,527566
2021-06-04 10:01:38,5926.0,527566
2021-06-04 10:01:39,5927.0,527765
2021-06-04 10:01:40,5926.7,527900
2021-06-04 10:01:41,5928.65,528496
2021-06-04 10:01:42,5928.65,528496
2021-06-04 10:01:43,5930.0,528766
2021-06-04 10:01:44,5930.0,528791
2021-06-04 10:01:45,5930.0,528791
2021-06-04 10:01:46,5930.0,528791
2021-06-04 10:01:47,5929.25,528981
2021-06-04 10:01:48,5930.05,529336
2021-06-04 10:01:50,5931.0,529559
2021-06-04 10:01:51,5930.2,529768
2021-06-04 10:01:51,5930.95,529769
2021-06-04 10:01:52,5933.0,530229
2021-06-04 10:01:53,5930.65,530379
2021-06-04 10:01:54,5930.95,530392
2021-06-04 10:01:59,5930.95,532500
2021-06-04 10:02:00,5933.0,532763
2021-06-04 10:02:01,5933.0,532787
2021-06-04 10:02:02,5932.9,532824
2021-06-04 10:02:04,5932.9,532854
2021-06-04 10:02:05,5927.65,533783
2021-06-04 10:02:07,5928.55,533859
2021-06-04 10:02:09,5930.0,533961
2021-06-04 10:02:09,5930.0,533961
2021-06-04 10:02:10,5930.0,533967
2021-06-04 10:02:11,5926.0,534123
2021-06-04 10:02:12,5926.0,534123
2021-06-04 10:02:14,5927.9,534198
2021-06-04 10:02:16,5927.7,534221
2021-06-04 10:02:17,5927.5,534225
2021-06-04 10:02:17,5927.5,534225
2021-06-04 10:02:18,5927.0,534368
2021-06-04 10:02:19,5926.95,534420
2021-06-04 10:02:20,5926.95,534425
2021-06-04 10:02:21,5926.75,534449
2021-06-04 10:02:22,5926.8,534456
2021-06-04 10:02:23,5926.8,534486
2021-06-04 10:02:24,5926.9,534489
2021-06-04 10:02:25,5929.55,534726
2021-06-04 10:02:26,5927.5,534727
2021-06-04 10:02:28,5930.0,534728
2021-06-04 10:02:29,5930.0,534740
2021-06-04 10:02:30,5930.0,534743
2021-06-04 10:02:33,5929.5,534779
2021-06-04 10:02:34,5930.0,534780
2021-06-04 10:02:35,5930.0,534807
2021-06-04 10:02:36,5930.95,535021
2021-06-04 10:02:36,5930.95,535021
2021-06-04 10:02:37,5930.95,535021
2021-06-04 10:02:38,5929.6,535023
2021-06-04 10:02:39,5929.6,535023
2021-06-04 10:02:40,5929.6,535026
2021-06-04 10:02:41,5929.6,535026
2021-06-04 10:02:42,5929.5,535338
2021-06-04 10:02:43,5930.0,535343
2021-06-04 10:02:44,5930.0,535343
2021-06-04 10:02:45,5930.0,535363
2021-06-04 10:02:46,5929.5,535364
2021-06-04 10:02:47,5930.0,535388
2021-06-04 10:02:49,5930.0,535393
2021-06-04 10:02:50,5926.1,537573
2021-06-04 10:02:51,5926.05,537675
2021-06-04 10:02:52,5926.05,537675
2021-06-04 10:02:53,5927.05,537686
2021-06-04 10:02:54,5927.05,537686
2021-06-04 10:02:54,5927.05,537686
2021-06-04 10:02:55,5929.1,537697
2021-06-04 10:02:56,5926.4,537707
2021-06-04 10:02:57,5926.4,537707
2021-06-04 10:02:58,5929.0,537718
2021-06-04 10:02:59,5929.0,537718
2021-06-04 10:03:00,5929.0,537718
2021-06-04 10:03:02,5929.0,537737
2021-06-04 10:03:03,5929.0,537766
2021-06-04 10:03:04,5929.0,537771
2021-06-04 10:03:04,5929.0,537771
2021-06-04 10:03:05,5928.05,537796
2021-06-04 10:03:06,5929.0,537801
2021-06-04 10:03:07,5929.0,537826
2021-06-04 10:03:08,5929.0,537832
2021-06-04 10:03:09,5929.0,537832
2021-06-04 10:03:10,5929.0,537832
2021-06-04 10:03:11,5929.0,537832
2021-06-04 10:03:12,5929.0,537887
2021-06-04 10:03:13,5927.75,537995
2021-06-04 10:03:14,5928.55,537996
2021-06-04 10:03:15,5928.55,537996
2021-06-04 10:03:16,5928.55,537996
2021-06-04 10:03:18,5928.5,537997
2021-06-04 10:03:19,5928.5,537997
2021-06-04 10:03:20,5928.5,537997
2021-06-04 10:03:20,5928.5,537997
2021-06-04 10:03:21,5928.6,538023
2021-06-04 10:03:22,5928.55,538107
2021-06-04 10:03:23,5931.35,539188
2021-06-04 10:03:24,5930.65,539313
2021-06-04 10:03:25,5933.0,539379
2021-06-04 10:03:27,5932.2,539444
2021-06-04 10:03:28,5931.1,540000
2021-06-04 10:03:28,5931.1,540000
2021-06-04 10:03:29,5930.0,540010
2021-06-04 10:03:30,5930.0,540010
2021-06-04 10:03:31,5930.0,540010
2021-06-04 10:03:33,5930.0,540012
2021-06-04 10:03:34,5932.65,540138
2021-06-04 10:03:34,5932.65,540138
2021-06-04 10:03:35,5932.55,540201
2021-06-04 10:03:36,5932.55,540201
2021-06-04 10:03:37,5930.05,540202
2021-06-04 10:03:39,5932.7,540224
2021-06-04 10:03:40,5932.7,540224
2021-06-04 10:03:41,5933.0,540234
2021-06-04 10:03:42,5933.0,540272
2021-06-04 10:03:43,5933.0,540314
2021-06-04 10:03:44,5932.75,540454
2021-06-04 10:03:45,5932.8,540539
2021-06-04 10:03:47,5932.3,540583
2021-06-04 10:03:48,5932.3,540583
2021-06-04 10:03:49,5931.9,540633
2021-06-04 10:03:50,5931.1,540637
2021-06-04 10:03:51,5931.95,540655
2021-06-04 10:03:52,5931.1,540679
2021-06-04 10:03:53,5931.0,540681
2021-06-04 10:03:54,5931.0,540821
2021-06-04 10:03:55,5930.15,540903
2021-06-04 10:03:56,5931.0,540911
2021-06-04 10:03:58,5931.0,540937
2021-06-04 10:03:58,5931.0,540937
2021-06-04 10:03:59,5931.0,541142
2021-06-04 10:04:01,5932.2,541324
2021-06-04 10:04:02,5932.25,541374
2021-06-04 10:04:03,5932.25,541403
2021-06-04 10:04:04,5932.25,541409
2021-06-04 10:04:05,5933.0,541415
2021-06-04 10:04:06,5933.0,541436
2021-06-04 10:04:07,5933.0,541439
2021-06-04 10:04:07,5933.0,541439
2021-06-04 10:04:08,5932.25,541641
2021-06-04 10:04:09,5932.25,541818
2021-06-04 10:04:11,5932.25,541819
2021-06-04 10:04:12,5932.25,541824
2021-06-04 10:04:13,5932.2,541825
2021-06-04 10:04:14,5932.25,541851
2021-06-04 10:04:15,5932.9,542003
2021-06-04 10:04:16,5932.9,542064
2021-06-04 10:04:16,5932.25,542066
2021-06-04 10:04:18,5932.9,542090
2021-06-04 10:04:20,5932.9,542091
2021-06-04 10:04:21,5932.9,542097
2021-06-04 10:04:22,5932.9,542111
2021-06-04 10:04:23,5934.5,542442
2021-06-04 10:04:24,5934.95,542444
2021-06-04 10:04:24,5934.95,542444
2021-06-04 10:04:25,5934.95,542444
2021-06-04 10:04:27,5935.0,542479
2021-06-04 10:04:28,5932.5,542629
2021-06-04 10:04:29,5935.0,542695
2021-06-04 10:04:29,5935.0,542695
2021-06-04 10:04:30,5935.0,542725
2021-06-04 10:04:31,5935.0,542725
2021-06-04 10:04:33,5935.0,542727
2021-06-04 10:04:34,5935.0,542862
2021-06-04 10:04:35,5935.0,542909
2021-06-04 10:04:35,5935.0,542909
2021-06-04 10:04:36,5935.0,542913
2021-06-04 10:04:37,5935.0,543093
2021-06-04 10:04:39,5935.0,543098
2021-06-04 10:04:40,5935.0,543213
2021-06-04 10:04:41,5937.0,543684
2021-06-04 10:04:42,5937.4,543729
2021-06-04 10:04:43,5937.35,543737
2021-06-04 10:04:44,5937.85,543747
2021-06-04 10:04:45,5937.85,543882
2021-06-04 10:04:45,5937.85,543897
2021-06-04 10:04:47,5937.85,544000
2021-06-04 10:04:48,5937.8,544004
2021-06-04 10:04:49,5937.8,544023
2021-06-04 10:04:50,5937.8,544150
2021-06-04 10:04:51,5936.95,544825
2021-06-04 10:04:52,5936.95,544847
2021-06-04 10:04:53,5937.7,544923
2021-06-04 10:04:54,5937.85,545387
2021-06-04 10:04:55,5937.85,545547
2021-06-04 10:04:56,5938.0,545588
2021-06-04 10:04:56,5938.0,545598
2021-06-04 10:04:57,5938.0,545608
2021-06-04 10:04:58,5937.85,545634
2021-06-04 10:04:59,5938.0,545861
2021-06-04 10:05:00,5943.4,547872
2021-06-04 10:05:01,5942.75,548201
2021-06-04 10:05:02,5942.85,548279
2021-06-04 10:05:03,5940.6,548358
2021-06-04 10:05:04,5943.1,548361
2021-06-04 10:05:05,5940.8,548362
2021-06-04 10:05:06,5942.9,548413
2021-06-04 10:05:08,5940.6,548423
2021-06-04 10:05:09,5943.15,548542
2021-06-04 10:05:10,5940.85,548706
2021-06-04 10:05:10,5943.55,548856
2021-06-04 10:05:11,5941.7,550617
2021-06-04 10:05:13,5942.9,550635
2021-06-04 10:05:13,5941.05,550831
2021-06-04 10:05:14,5943.0,550923
2021-06-04 10:05:16,5942.5,550938
2021-06-04 10:05:17,5945.3,550968
2021-06-04 10:05:18,5943.15,551023
2021-06-04 10:05:19,5943.15,551023
2021-06-04 10:05:20,5945.0,551033
2021-06-04 10:05:21,5944.95,551053
2021-06-04 10:05:22,5942.5,551210
2021-06-04 10:05:23,5943.0,553078
2021-06-04 10:05:23,5943.0,553078
2021-06-04 10:05:24,5943.0,553099
2021-06-04 10:05:25,5945.0,553258
2021-06-04 10:05:27,5944.85,553336
2021-06-04 10:05:28,5945.35,553552
2021-06-04 10:05:29,5943.2,553553
2021-06-04 10:05:30,5946.0,553674
2021-06-04 10:05:31,5945.0,553816
2021-06-04 10:05:31,5944.9,553916
2021-06-04 10:05:32,5945.0,553954
2021-06-04 10:05:33,5946.95,554022
2021-06-04 10:05:35,5945.4,554050
2021-06-04 10:05:36,5946.95,554139
2021-06-04 10:05:37,5945.9,554216
2021-06-04 10:05:38,5947.15,554397
2021-06-04 10:05:39,5946.25,554588
2021-06-04 10:05:39,5945.9,554413
2021-06-04 10:05:40,5947.95,554618
2021-06-04 10:05:41,5947.95,555308
2021-06-04 10:05:43,5948.0,555449
2021-06-04 10:05:44,5948.0,555605
2021-06-04 10:05:45,5945.9,556335
2021-06-04 10:05:46,5947.45,556635
2021-06-04 10:05:46,5945.9,556688
2021-06-04 10:05:47,5945.9,556956
2021-06-04 10:05:48,5947.7,556981
2021-06-04 10:05:49,5944.2,559763
2021-06-04 10:05:51,5944.45,559913
2021-06-04 10:05:52,5944.45,559964
2021-06-04 10:05:53,5944.4,560065
2021-06-04 10:05:54,5944.4,560113
2021-06-04 10:05:55,5945.0,560192
2021-06-04 10:05:56,5943.0,560243
2021-06-04 10:05:57,5945.0,560303
2021-06-04 10:05:57,5945.0,560253
2021-06-04 10:05:58,5945.0,560404
2021-06-04 10:06:00,5944.45,560406
2021-06-04 10:06:01,5944.8,560426
2021-06-04 10:06:02,5945.0,560437
2021-06-04 10:06:03,5945.9,560658
2021-06-04 10:06:03,5944.85,560456
2021-06-04 10:06:04,5945.9,560659
2021-06-04 10:06:05,5946.35,560835
2021-06-04 10:06:06,5946.3,560846
2021-06-04 10:06:07,5945.0,560877
2021-06-04 10:06:08,5945.0,560878
2021-06-04 10:06:09,5946.85,560884
2021-06-04 10:06:10,5947.0,561033
2021-06-04 10:06:12,5947.0,561108
2021-06-04 10:06:13,5946.95,561114
2021-06-04 10:06:14,5945.0,561127
2021-06-04 10:06:14,5947.4,561632
2021-06-04 10:06:16,5946.95,561646
2021-06-04 10:06:17,5947.35,561734
2021-06-04 10:06:18,5946.35,561745
2021-06-04 10:06:19,5945.45,561800
2021-06-04 10:06:20,5947.95,561897
2021-06-04 10:06:21,5947.0,561908
2021-06-04 10:06:22,5945.7,561960
2021-06-04 10:06:22,5945.5,562010
2021-06-04 10:06:25,5946.0,562105
2021-06-04 10:06:26,5947.35,562232
2021-06-04 10:06:27,5947.35,562312
2021-06-04 10:06:28,5946.0,562389
2021-06-04 10:06:29,5943.55,563360
2021-06-04 10:06:30,5945.0,563482
