timestamp,ltp,volume
2021-06-04 09:15:51,397.0,230796
2021-06-04 09:15:56,397.5,240676
2021-06-04 09:16:01,396.3,269834
2021-06-04 09:16:05,396.25,284359
2021-06-04 09:16:10,396.55,317143
2021-06-04 09:16:14,396.8,323009
2021-06-04 09:16:19,397.45,339238
2021-06-04 09:16:23,397.45,341252
2021-06-04 09:16:27,397.95,347382
2021-06-04 09:16:32,398.4,360190
2021-06-04 09:16:36,398.55,363606
2021-06-04 09:16:41,398.15,373893
2021-06-04 09:16:45,398.05,378164
2021-06-04 09:16:50,398.05,401332
2021-06-04 09:16:54,397.85,403307
2021-06-04 09:16:58,397.2,467263
2021-06-04 09:17:03,397.25,474466
2021-06-04 09:17:08,397.1,483623
2021-06-04 09:17:12,396.75,497110
2021-06-04 09:17:17,396.65,500769
2021-06-04 09:17:21,396.95,512586
2021-06-04 09:17:26,397.25,520086
2021-06-04 09:17:30,396.85,525005
2021-06-04 09:17:35,396.65,529991
2021-06-04 09:17:39,396.5,547515
2021-06-04 09:17:43,396.5,548991
2021-06-04 09:17:48,396.4,556877
2021-06-04 09:17:52,396.0,565416
2021-06-04 09:17:56,396.15,576021
2021-06-04 09:18:00,396.4,579426
2021-06-04 09:18:05,396.55,586502
2021-06-04 09:18:09,396.3,589219
2021-06-04 09:18:13,396.4,598836
2021-06-04 09:18:17,396.5,602160
2021-06-04 09:18:21,396.9,606094
2021-06-04 09:18:25,396.9,607062
2021-06-04 09:18:29,397.25,613036
2021-06-04 09:18:34,397.35,615510
2021-06-04 09:18:38,397.35,618416
2021-06-04 09:18:42,397.2,621967
2021-06-04 09:18:46,397.2,624509
2021-06-04 09:18:50,397.2,628321
2021-06-04 09:18:55,397.25,640711
2021-06-04 09:18:59,397.45,641827
2021-06-04 09:19:03,397.4,645981
2021-06-04 09:19:07,397.15,647862
2021-06-04 09:19:11,397.15,655854
2021-06-04 09:19:15,397.15,656306
2021-06-04 09:19:19,396.8,662217
2021-06-04 09:19:23,396.85,663151
2021-06-04 09:19:27,396.8,664663
2021-06-04 09:19:31,396.95,669044
2021-06-04 09:19:35,396.7,671589
2021-06-04 09:19:40,396.85,675030
2021-06-04 09:19:44,396.8,675448
2021-06-04 09:19:48,396.95,680041
2021-06-04 09:19:52,397.2,681758
2021-06-04 09:19:56,397.2,683275
2021-06-04 09:20:00,396.6,695387
2021-06-04 09:20:04,396.75,696164
2021-06-04 09:20:08,396.7,697947
2021-06-04 09:20:12,396.7,699340
2021-06-04 09:20:16,396.75,702203
2021-06-04 09:20:21,397.0,702928
2021-06-04 09:20:25,396.95,705552
2021-06-04 09:20:29,397.15,733765
2021-06-04 09:20:33,397.05,735881
2021-06-04 09:20:36,397.4,736777
2021-06-04 09:20:40,397.25,738108
2021-06-04 09:20:44,397.4,742008
2021-06-04 09:20:48,397.55,749144
2021-06-04 09:20:53,397.05,759591
2021-06-04 09:20:57,397.0,761871
2021-06-04 09:21:01,397.0,765617
2021-06-04 09:21:05,397.15,768826
2021-06-04 09:21:08,396.9,779057
2021-06-04 09:21:12,396.95,780461
2021-06-04 09:21:16,396.95,781079
2021-06-04 09:21:20,397.0,782396
2021-06-04 09:21:23,397.3,789646
2021-06-04 09:21:27,397.15,791272
2021-06-04 09:21:31,397.15,793706
2021-06-04 09:21:35,397.3,794114
2021-06-04 09:21:39,397.3,797300
2021-06-04 09:21:43,397.1,798999
2021-06-04 09:21:45,397.1,799301
2021-06-04 09:21:46,397.0,799751
2021-06-04 09:21:47,397.15,799903
2021-06-04 09:21:48,397.15,799903
2021-06-04 09:21:48,397.15,799903
2021-06-04 09:21:49,397.15,799943
2021-06-04 09:21:50,397.0,800043
2021-06-04 09:21:51,397.1,800547
2021-06-04 09:21:52,397.0,800731
2021-06-04 09:21:53,397.1,801656
2021-06-04 09:21:54,397.1,801721
2021-06-04 09:21:55,397.2,802212
2021-06-04 09:21:56,397.2,802574
2021-06-04 09:21:57,397.3,803041
2021-06-04 09:21:58,397.25,803852
2021-06-04 09:21:59,397.2,803912
2021-06-04 09:22:00,397.25,803963
2021-06-04 09:22:01,397.25,804963
2021-06-04 09:22:02,397.25,804969
2021-06-04 09:22:03,397.45,805595
2021-06-04 09:22:04,397.45,805621
2021-06-04 09:22:05,397.25,805701
2021-06-04 09:22:06,397.25,805701
2021-06-04 09:22:07,397.25,805904
2021-06-04 09:22:08,397.25,806647
2021-06-04 09:22:09,397.2,806917
2021-06-04 09:22:10,397.45,807227
2021-06-04 09:22:11,397.35,807382
2021-06-04 09:22:12,397.25,807412
2021-06-04 09:22:14,397.3,808408
2021-06-04 09:22:14,397.3,808408
2021-06-04 09:22:15,397.4,808715
2021-06-04 09:22:16,397.35,808741
2021-06-04 09:22:17,397.35,809011
2021-06-04 09:22:18,397.35,809151
2021-06-04 09:22:19,397.4,809655
2021-06-04 09:22:20,397.4,812742
2021-06-04 09:22:21,397.5,813106
2021-06-04 09:22:22,397.5,814076
2021-06-04 09:22:25,397.55,822719
2021-06-04 09:22:26,397.75,822723
2021-06-04 09:22:27,397.5,823753
2021-06-04 09:22:27,397.5,823803
2021-06-04 09:22:28,397.85,824675
2021-06-04 09:22:29,397.8,824685
2021-06-04 09:22:30,397.8,824744
2021-06-04 09:22:31,397.8,825094
2021-06-04 09:22:32,397.8,825199
2021-06-04 09:22:33,397.85,825209
2021-06-04 09:22:34,397.75,826065
2021-06-04 09:22:35,397.3,834646
2021-06-04 09:22:36,397.4,834936
2021-06-04 09:22:37,397.45,835092
2021-06-04 09:22:38,397.45,835142
2021-06-04 09:22:39,397.55,835464
2021-06-04 09:22:41,397.5,835618
2021-06-04 09:22:42,397.35,836313
2021-06-04 09:22:43,397.35,836323
2021-06-04 09:22:43,397.35,836323
2021-06-04 09:22:44,397.5,836327
2021-06-04 09:22:45,397.5,836854
2021-06-04 09:22:46,397.5,838657
2021-06-04 09:22:47,397.35,838661
2021-06-04 09:22:48,397.35,838661
2021-06-04 09:22:49,397.35,838936
2021-06-04 09:22:50,397.3,839293
2021-06-04 09:22:51,397.15,849556
2021-06-04 09:22:52,397.15,849631
2021-06-04 09:22:53,397.15,849632
2021-06-04 09:22:55,397.15,850495
2021-06-04 09:22:55,397.05,850525
2021-06-04 09:22:57,397.15,851856
2021-06-04 09:22:58,397.15,851856
2021-06-04 09:22:59,397.15,851900
2021-06-04 09:23:00,396.8,875914
2021-06-04 09:23:00,396.8,875914
2021-06-04 09:23:01,396.65,875934
2021-06-04 09:23:02,396.85,876144
2021-06-04 09:23:03,396.8,878535
2021-06-04 09:23:05,396.7,879444
2021-06-04 09:23:06,396.75,879445
2021-06-04 09:23:07,396.7,879920
2021-06-04 09:23:08,396.75,879921
2021-06-04 09:23:09,396.7,880292
2021-06-04 09:23:10,396.7,880292
2021-06-04 09:23:11,396.65,880294
2021-06-04 09:23:12,396.7,880805
2021-06-04 09:23:13,396.7,880880
2021-06-04 09:23:14,396.65,880883
2021-06-04 09:23:15,396.7,883650
2021-06-04 09:23:16,396.7,883982
2021-06-04 09:23:17,396.5,886432
2021-06-04 09:23:18,396.5,887003
2021-06-04 09:23:19,396.65,887253
2021-06-04 09:23:20,396.65,887253
2021-06-04 09:23:21,396.65,887393
2021-06-04 09:23:22,396.65,887393
2021-06-04 09:23:23,396.5,887593
2021-06-04 09:23:24,396.5,888312
2021-06-04 09:23:25,396.55,888313
2021-06-04 09:23:26,396.6,888627
2021-06-04 09:23:27,396.7,888728
2021-06-04 09:23:28,396.65,889228
2021-06-04 09:23:29,396.5,889348
2021-06-04 09:23:30,396.5,889348
2021-06-04 09:23:31,396.55,889394
2021-06-04 09:23:32,396.5,890051
2021-06-04 09:23:33,396.7,892315
2021-06-04 09:23:34,396.5,900462
2021-06-04 09:23:35,396.6,900512
2021-06-04 09:23:36,396.6,900627
2021-06-04 09:23:37,396.5,900637
2021-06-04 09:23:38,396.65,900672
2021-06-04 09:23:39,396.5,900673
2021-06-04 09:23:40,396.5,900673
2021-06-04 09:23:41,396.5,900673
2021-06-04 09:23:42,396.6,900676
2021-06-04 09:23:43,396.7,901054
2021-06-04 09:23:44,396.6,901184
2021-06-04 09:23:45,396.6,901284
2021-06-04 09:23:46,396.8,901403
2021-06-04 09:23:47,396.6,901503
2021-06-04 09:23:48,396.8,901504
2021-06-04 09:23:49,396.85,901834
2021-06-04 09:23:50,397.0,902716
2021-06-04 09:23:51,396.95,905316
2021-06-04 09:23:52,396.75,905462
2021-06-04 09:23:53,396.75,905463
2021-06-04 09:23:54,396.6,905669
2021-06-04 09:23:55,396.55,905769
2021-06-04 09:23:56,396.55,905789
2021-06-04 09:23:57,396.7,905879
2021-06-04 09:23:58,396.7,906039
2021-06-04 09:23:59,396.55,906719
2021-06-04 09:24:00,396.8,907719
2021-06-04 09:24:01,396.5,914942
2021-06-04 09:24:01,396.5,914942
2021-06-04 09:24:02,396.5,914942
2021-06-04 09:24:04,396.5,915147
2021-06-04 09:24:04,396.65,915497
2021-06-04 09:24:05,396.75,916297
2021-06-04 09:24:06,396.75,916297
2021-06-04 09:24:07,396.55,916901
2021-06-04 09:24:09,396.5,916979
2021-06-04 09:24:10,396.5,917331
2021-06-04 09:24:11,396.5,917496
2021-06-04 09:24:12,396.65,917524
2021-06-04 09:24:13,396.65,917634
2021-06-04 09:24:14,396.65,917634
2021-06-04 09:24:15,396.65,917634
2021-06-04 09:24:16,396.6,917646
2021-06-04 09:24:17,396.6,917701
2021-06-04 09:24:18,396.55,918153
2021-06-04 09:24:19,396.55,918386
2021-06-04 09:24:20,396.55,918386
2021-06-04 09:24:21,396.55,918399
2021-06-04 09:24:23,396.55,918599
2021-06-04 09:24:24,396.65,918659
2021-06-04 09:24:26,396.4,927044
2021-06-04 09:24:27,396.6,928994
2021-06-04 09:24:28,396.6,928994
2021-06-04 09:24:29,396.4,929144
2021-06-04 09:24:30,396.4,929423
2021-06-04 09:24:31,396.65,930898
2021-06-04 09:24:32,396.65,931413
2021-06-04 09:24:33,396.65,931413
2021-06-04 09:24:33,396.65,931413
2021-06-04 09:24:34,396.4,931488
2021-06-04 09:24:35,396.55,931713
2021-06-04 09:24:37,396.55,931713
2021-06-04 09:24:38,396.55,931713
2021-06-04 09:24:39,396.65,933941
2021-06-04 09:24:40,396.65,934197
2021-06-04 09:24:41,396.45,935448
2021-06-04 09:24:42,396.45,935448
2021-06-04 09:24:43,396.65,935623
2021-06-04 09:24:44,396.5,936237
2021-06-04 09:24:45,396.65,936400
2021-06-04 09:24:46,396.65,936617
2021-06-04 09:24:47,396.55,936749
2021-06-04 09:24:49,396.55,936977
2021-06-04 09:24:50,396.55,936977
2021-06-04 09:24:51,396.65,936982
2021-06-04 09:24:52,396.6,937423
2021-06-04 09:24:53,396.6,937423
2021-06-04 09:24:54,396.5,938463
2021-06-04 09:24:55,396.45,938964
2021-06-04 09:24:56,396.4,939074
2021-06-04 09:24:57,396.4,939283
2021-06-04 09:24:58,396.6,939391
2021-06-04 09:24:59,396.45,939990
2021-06-04 09:25:00,396.6,940417
2021-06-04 09:25:01,396.5,940805
2021-06-04 09:25:02,396.6,941403
2021-06-04 09:25:03,396.45,941547
2021-06-04 09:25:04,396.5,943926
2021-06-04 09:25:05,396.6,944131
2021-06-04 09:25:06,396.45,948761
2021-06-04 09:25:07,396.45,949302
2021-06-04 09:25:08,396.35,950232
2021-06-04 09:25:09,396.5,952787
2021-06-04 09:25:10,396.15,960342
2021-06-04 09:25:11,396.05,960436
2021-06-04 09:25:12,396.05,961336
2021-06-04 09:25:13,396.15,965789
2021-06-04 09:25:14,396.05,965985
2021-06-04 09:25:15,396.05,965985
2021-06-04 09:25:16,396.0,969299
2021-06-04 09:25:17,396.15,969779
2021-06-04 09:25:18,396.0,969784
2021-06-04 09:25:19,396.15,970139
2021-06-04 09:25:20,396.0,970143
2021-06-04 09:25:21,396.05,970710
2021-06-04 09:25:22,396.2,970737
2021-06-04 09:25:23,396.2,970787
2021-06-04 09:25:24,396.05,971287
2021-06-04 09:25:25,396.25,973529
2021-06-04 09:25:26,396.2,974780
2021-06-04 09:25:27,396.15,974942
2021-06-04 09:25:28,396.1,975142
2021-06-04 09:25:29,396.05,975745
2021-06-04 09:25:30,396.05,975745
2021-06-04 09:25:31,396.3,975945
2021-06-04 09:25:32,396.2,976674
2021-06-04 09:25:33,396.1,977017
2021-06-04 09:25:34,396.2,977093
2021-06-04 09:25:35,396.2,977106
2021-06-04 09:25:36,396.3,977391
2021-06-04 09:25:37,396.45,977765
2021-06-04 09:25:38,396.6,978526
2021-06-04 09:25:39,396.2,987702
2021-06-04 09:25:40,396.2,988052
2021-06-04 09:25:41,396.1,989340
2021-06-04 09:25:42,396.25,989342
2021-06-04 09:25:43,396.25,989347
2021-06-04 09:25:44,396.25,989347
2021-06-04 09:25:45,396.25,989347
2021-06-04 09:25:46,396.3,989356
2021-06-04 09:25:47,396.2,990046
2021-06-04 09:25:48,396.2,990096
2021-06-04 09:25:49,396.3,991844
2021-06-04 09:25:50,396.25,991862
2021-06-04 09:25:51,396.25,991862
2021-06-04 09:25:52,396.3,992432
2021-06-04 09:25:53,396.3,992860
2021-06-04 09:25:54,396.3,993360
2021-06-04 09:25:55,396.45,995726
2021-06-04 09:25:56,396.35,995736
2021-06-04 09:25:57,396.5,995771
2021-06-04 09:25:58,396.35,996021
2021-06-04 09:25:59,396.35,996029
2021-06-04 09:26:00,396.55,997189
2021-06-04 09:26:01,396.4,997439
2021-06-04 09:26:02,396.4,997439
2021-06-04 09:26:04,396.6,997581
2021-06-04 09:26:05,396.5,997826
2021-06-04 09:26:06,396.5,997826
2021-06-04 09:26:07,396.5,997826
2021-06-04 09:26:08,396.5,997826
2021-06-04 09:26:09,396.55,997827
2021-06-04 09:26:10,396.75,1000773
2021-06-04 09:26:11,396.75,1000773
2021-06-04 09:26:12,396.8,1003820
2021-06-04 09:26:13,397.0,1004425
2021-06-04 09:26:14,397.0,1004425
2021-06-04 09:26:15,396.7,1004432
2021-06-04 09:26:16,396.9,1004437
2021-06-04 09:26:17,396.75,1004439
2021-06-04 09:26:18,397.0,1005797
2021-06-04 09:26:19,397.0,1006888
2021-06-04 09:26:20,397.0,1007374
2021-06-04 09:26:21,397.0,1007376
2021-06-04 09:26:22,397.0,1007746
2021-06-04 09:26:23,396.95,1007756
2021-06-04 09:26:24,396.95,1008101
2021-06-04 09:26:25,396.95,1008431
2021-06-04 09:26:26,396.95,1008482
2021-06-04 09:26:27,396.95,1008482
2021-06-04 09:26:28,397.0,1009687
2021-06-04 09:26:29,397.0,1009716
2021-06-04 09:26:30,397.0,1010131
2021-06-04 09:26:31,396.95,1011331
2021-06-04 09:26:32,396.9,1011949
2021-06-04 09:26:33,396.9,1012099
2021-06-04 09:26:34,396.95,1012200
2021-06-04 09:26:35,396.85,1012499
2021-06-04 09:26:36,397.0,1013690
2021-06-04 09:26:37,397.0,1013690
2021-06-04 09:26:38,397.0,1013690
2021-06-04 09:26:39,396.95,1013790
2021-06-04 09:26:40,396.85,1013818
2021-06-04 09:26:41,396.85,1013818
2021-06-04 09:26:42,396.7,1015837
2021-06-04 09:26:44,396.8,1016382
2021-06-04 09:26:45,396.8,1016382
2021-06-04 09:26:46,396.6,1016662
2021-06-04 09:26:47,396.6,1016662
2021-06-04 09:26:48,396.75,1017872
2021-06-04 09:26:49,396.95,1019027
2021-06-04 09:26:50,396.95,1019027
2021-06-04 09:26:51,396.95,1019027
2021-06-04 09:26:52,396.95,1019027
2021-06-04 09:26:53,396.8,1019222
2021-06-04 09:26:54,396.8,1019222
2021-06-04 09:26:55,396.8,1019272
2021-06-04 09:26:56,396.9,1019278
2021-06-04 09:26:57,396.8,1019428
2021-06-04 09:26:58,396.85,1019430
2021-06-04 09:26:59,396.85,1019430
2021-06-04 09:27:00,396.8,1019480
2021-06-04 09:27:01,396.8,1019480
2021-06-04 09:27:02,396.85,1019626
2021-06-04 09:27:03,396.8,1019631
2021-06-04 09:27:04,396.85,1019963
2021-06-04 09:27:05,396.9,1021369
2021-06-04 09:27:06,396.95,1021559
2021-06-04 09:27:07,397.2,1030005
2021-06-04 09:27:08,397.4,1032905
2021-06-04 09:27:09,397.4,1032905
2021-06-04 09:27:10,397.5,1033115
2021-06-04 09:27:11,397.5,1033215
2021-06-04 09:27:12,397.5,1033220
2021-06-04 09:27:13,397.5,1033925
2021-06-04 09:27:14,397.35,1033950
2021-06-04 09:27:15,397.35,1033950
2021-06-04 09:27:16,397.5,1035582
2021-06-04 09:27:17,397.5,1035656
2021-06-04 09:27:18,397.4,1035706
2021-06-04 09:27:19,397.4,1035706
2021-06-04 09:27:20,397.35,1036107
2021-06-04 09:27:21,397.35,1036272
2021-06-04 09:27:22,397.5,1038272
2021-06-04 09:27:23,397.35,1039343
2021-06-04 09:27:24,397.4,1039553
2021-06-04 09:27:25,397.3,1039623
2021-06-04 09:27:26,397.3,1040331
2021-06-04 09:27:27,397.35,1040831
2021-06-04 09:27:28,397.3,1040901
2021-06-04 09:27:29,397.4,1041059
2021-06-04 09:27:30,397.3,1041069
2021-06-04 09:27:31,397.3,1041079
2021-06-04 09:27:32,397.3,1041084
2021-06-04 09:27:33,397.3,1041084
2021-06-04 09:27:34,397.25,1042296
2021-06-04 09:27:35,397.15,1042596
2021-06-04 09:27:36,397.3,1043938
2021-06-04 09:27:37,397.2,1044330
2021-06-04 09:27:38,397.35,1044740
2021-06-04 09:27:39,397.3,1045143
2021-06-04 09:27:40,397.25,1045598
2021-06-04 09:27:41,397.35,1047098
2021-06-04 09:27:42,397.35,1047298
2021-06-04 09:27:43,397.4,1047973
2021-06-04 09:27:44,397.4,1048023
2021-06-04 09:27:45,397.3,1050892
2021-06-04 09:27:46,397.3,1051292
2021-06-04 09:27:47,397.3,1051342
2021-06-04 09:27:48,397.4,1051906
2021-06-04 09:27:49,397.4,1051911
2021-06-04 09:27:50,397.4,1052126
2021-06-04 09:27:51,397.45,1052218
2021-06-04 09:27:52,397.4,1052618
2021-06-04 09:27:53,397.4,1052978
2021-06-04 09:27:54,397.4,1052978
2021-06-04 09:27:55,397.4,1053039
2021-06-04 09:27:56,397.4,1053385
2021-06-04 09:27:57,397.3,1053799
2021-06-04 09:27:58,397.35,1053869
2021-06-04 09:27:59,397.3,1054015
2021-06-04 09:28:00,397.3,1054150
2021-06-04 09:28:01,397.3,1054150
2021-06-04 09:28:02,397.3,1054200
2021-06-04 09:28:03,397.35,1054394
2021-06-04 09:28:04,397.3,1054412
2021-06-04 09:28:06,397.3,1054772
2021-06-04 09:28:07,397.3,1054873
2021-06-04 09:28:08,397.4,1055123
2021-06-04 09:28:09,397.4,1056068
2021-06-04 09:28:09,397.4,1056078
2021-06-04 09:28:10,397.3,1056178
2021-06-04 09:28:11,397.3,1056178
2021-06-04 09:28:12,397.3,1056292
2021-06-04 09:28:13,397.4,1056297
2021-06-04 09:28:14,397.4,1060331
2021-06-04 09:28:15,397.4,1060331
2021-06-04 09:28:16,397.4,1060331
2021-06-04 09:28:17,397.45,1061499
2021-06-04 09:28:18,397.3,1061599
2021-06-04 09:28:19,397.3,1061661
2021-06-04 09:28:21,397.5,1063306
2021-06-04 09:28:22,397.5,1063439
2021-06-04 09:28:23,397.5,1063439
2021-06-04 09:28:24,397.35,1063449
2021-06-04 09:28:25,397.5,1063461
2021-06-04 09:28:26,397.5,1063471
2021-06-04 09:28:27,397.45,1063837
2021-06-04 09:28:28,397.5,1063962
2021-06-04 09:28:29,397.5,1064188
2021-06-04 09:28:30,397.5,1064198
2021-06-04 09:28:31,397.5,1064198
2021-06-04 09:28:32,397.5,1064198
2021-06-04 09:28:33,397.4,1064206
2021-06-04 09:28:34,397.5,1064207
2021-06-04 09:28:35,397.55,1078218
2021-06-04 09:28:36,397.65,1083913
2021-06-04 09:28:38,397.6,1084058
2021-06-04 09:28:39,397.55,1084108
2021-06-04 09:28:40,397.55,1084108
2021-06-04 09:28:41,397.55,1084108
2021-06-04 09:28:42,397.55,1084108
2021-06-04 09:28:43,397.6,1084225
2021-06-04 09:28:44,397.65,1084226
2021-06-04 09:28:45,397.75,1084926
2021-06-04 09:28:45,397.75,1084928
2021-06-04 09:28:46,397.8,1085878
2021-06-04 09:28:47,397.8,1085878
2021-06-04 09:28:49,397.4,1094165
2021-06-04 09:28:50,397.4,1094165
2021-06-04 09:28:51,397.4,1094565
2021-06-04 09:28:52,397.35,1096533
2021-06-04 09:28:53,397.4,1102548
2021-06-04 09:28:54,397.4,1102548
2021-06-04 09:28:55,397.4,1102578
2021-06-04 09:28:56,397.3,1102729
2021-06-04 09:28:57,397.45,1102829
2021-06-04 09:28:58,397.45,1102829
2021-06-04 09:28:59,397.55,1102954
2021-06-04 09:29:00,397.55,1102954
2021-06-04 09:29:01,397.5,1103004
2021-06-04 09:29:02,397.35,1103556
2021-06-04 09:29:03,397.55,1103756
2021-06-04 09:29:04,397.5,1103757
2021-06-04 09:29:05,397.5,1103762
2021-06-04 09:29:06,397.6,1104413
2021-06-04 09:29:07,397.55,1104513
2021-06-04 09:29:08,397.55,1104738
2021-06-04 09:29:09,397.65,1104762
2021-06-04 09:29:10,397.65,1104973
2021-06-04 09:29:11,397.65,1105283
2021-06-04 09:29:12,397.65,1107713
2021-06-04 09:29:13,397.65,1108067
2021-06-04 09:29:14,397.65,1108067
2021-06-04 09:29:15,397.6,1108352
2021-06-04 09:29:16,397.6,1108402
2021-06-04 09:29:17,397.7,1108507
2021-06-04 09:29:18,397.6,1108662
2021-06-04 09:29:19,397.6,1108662
2021-06-04 09:29:20,397.65,1108767
2021-06-04 09:29:21,397.65,1108768
2021-06-04 09:29:22,397.65,1108888
2021-06-04 09:29:23,397.65,1108888
2021-06-04 09:29:24,397.5,1108952
2021-06-04 09:29:25,397.5,1108952
2021-06-04 09:29:26,397.5,1108952
2021-06-04 09:29:27,397.65,1109123
2021-06-04 09:29:28,397.65,1109474
2021-06-04 09:29:29,397.65,1109484
2021-06-04 09:29:30,397.5,1109544
2021-06-04 09:29:31,397.5,1109544
2021-06-04 09:29:33,397.5,1109576
2021-06-04 09:29:34,397.5,1109576
2021-06-04 09:29:35,397.5,1109746
2021-06-04 09:29:36,397.65,1109846
2021-06-04 09:29:37,397.65,1109846
2021-06-04 09:29:37,397.55,1110021
2021-06-04 09:29:39,397.5,1110031
2021-06-04 09:29:40,397.65,1110679
2021-06-04 09:29:41,397.6,1110699
2021-06-04 09:29:42,397.6,1111228
2021-06-04 09:29:43,397.6,1111228
2021-06-04 09:29:44,397.6,1111228
2021-06-04 09:29:45,397.6,1111278
2021-06-04 09:29:46,397.65,1111293
2021-06-04 09:29:47,397.65,1112012
2021-06-04 09:29:47,397.65,1112012
2021-06-04 09:29:48,397.75,1112512
2021-06-04 09:29:49,397.75,1112632
2021-06-04 09:29:50,397.5,1116032
2021-06-04 09:29:51,397.65,1116172
2021-06-04 09:29:52,397.65,1116212
2021-06-04 09:29:53,397.65,1116382
2021-06-04 09:29:54,397.7,1116407
2021-06-04 09:29:55,397.75,1116457
2021-06-04 09:29:56,397.75,1116457
2021-06-04 09:29:57,397.75,1116511
2021-06-04 09:29:58,397.75,1116571
2021-06-04 09:29:59,397.7,1117221
2021-06-04 09:30:00,397.75,1119530
2021-06-04 09:30:01,397.9,1119577
2021-06-04 09:30:02,397.95,1123269
2021-06-04 09:30:03,398.1,1137157
2021-06-04 09:30:04,398.2,1137858
2021-06-04 09:30:05,398.1,1137968
2021-06-04 09:30:06,398.0,1138068
2021-06-04 09:30:07,398.2,1138298
2021-06-04 09:30:08,398.2,1138348
2021-06-04 09:30:09,398.15,1142105
2021-06-04 09:30:10,398.0,1142737
2021-06-04 09:30:11,398.0,1143155
2021-06-04 09:30:12,398.0,1144630
2021-06-04 09:30:13,398.0,1144630
2021-06-04 09:30:14,398.0,1145494
2021-06-04 09:30:15,397.95,1145996
2021-06-04 09:30:17,398.0,1146581
2021-06-04 09:30:18,397.95,1147287
2021-06-04 09:30:20,397.9,1147567
2021-06-04 09:30:21,397.9,1147575
2021-06-04 09:30:22,397.9,1147914
2021-06-04 09:30:23,397.8,1170694
2021-06-04 09:30:24,397.95,1172808
2021-06-04 09:30:25,397.95,1173629
2021-06-04 09:30:27,398.0,1173753
2021-06-04 09:30:29,397.85,1174012
2021-06-04 09:30:30,397.9,1174018
2021-06-04 09:30:31,397.95,1174241
2021-06-04 09:30:34,397.95,1176368
2021-06-04 09:30:35,397.95,1176730
2021-06-04 09:30:37,398.0,1180888
2021-06-04 09:30:38,397.9,1181088
2021-06-04 09:30:40,397.85,1181159
2021-06-04 09:30:41,397.85,1181209
2021-06-04 09:30:42,397.9,1181248
2021-06-04 09:30:43,398.0,1182349
2021-06-04 09:30:45,398.15,1183549
2021-06-04 09:30:46,398.1,1183669
2021-06-04 09:30:47,398.2,1183672
2021-06-04 09:30:50,398.1,1184757
2021-06-04 09:30:52,398.15,1184939
2021-06-04 09:30:53,398.15,1184939
2021-06-04 09:30:54,398.1,1185455
2021-06-04 09:30:54,398.0,1185579
2021-06-04 09:30:55,398.0,1186166
2021-06-04 09:30:57,397.95,1187668
2021-06-04 09:30:58,398.05,1187988
2021-06-04 09:30:59,398.1,1188014
2021-06-04 09:31:00,398.1,1188615
2021-06-04 09:31:01,397.9,1188690
2021-06-04 09:31:02,398.1,1188740
2021-06-04 09:31:03,398.1,1188740
2021-06-04 09:31:05,398.0,1188856
2021-06-04 09:31:05,398.0,1188906
2021-06-04 09:31:07,397.9,1193631
2021-06-04 09:31:08,397.95,1193955
2021-06-04 09:31:09,397.85,1194215
2021-06-04 09:31:10,398.0,1194317
2021-06-04 09:31:11,398.0,1194597
2021-06-04 09:31:12,398.0,1194797
2021-06-04 09:31:13,398.0,1194822
2021-06-04 09:31:14,397.9,1194826
2021-06-04 09:31:15,398.1,1198326
2021-06-04 09:31:16,398.1,1198326
2021-06-04 09:31:17,398.1,1198326
2021-06-04 09:31:18,397.95,1198456
2021-06-04 09:31:19,397.95,1198456
2021-06-04 09:31:20,397.95,1199131
2021-06-04 09:31:21,397.95,1199156
2021-06-04 09:31:22,397.95,1199231
2021-06-04 09:31:23,397.95,1199231
2021-06-04 09:31:24,397.95,1199231
2021-06-04 09:31:25,397.95,1199331
2021-06-04 09:31:27,398.0,1199831
2021-06-04 09:31:28,398.0,1200099
2021-06-04 09:31:29,398.1,1200485
2021-06-04 09:31:30,398.0,1200866
2021-06-04 09:31:31,398.0,1200986
2021-06-04 09:31:32,397.95,1201117
2021-06-04 09:31:33,398.0,1201267
2021-06-04 09:31:34,398.0,1201437
2021-06-04 09:31:35,398.0,1201558
2021-06-04 09:31:36,398.0,1202159
2021-06-04 09:31:37,398.1,1202928
2021-06-04 09:31:37,398.1,1202948
2021-06-04 09:31:38,398.1,1203158
2021-06-04 09:31:39,398.0,1203191
2021-06-04 09:31:40,398.0,1203258
2021-06-04 09:31:41,398.0,1203268
2021-06-04 09:31:42,397.85,1204413
2021-06-04 09:31:43,398.0,1204483
2021-06-04 09:31:44,398.0,1204508
2021-06-04 09:31:45,398.0,1204528
2021-06-04 09:31:47,398.0,1204528
2021-06-04 09:31:47,397.9,1204658
2021-06-04 09:31:48,398.0,1205893
2021-06-04 09:31:49,397.95,1206123
2021-06-04 09:31:50,398.0,1206138
2021-06-04 09:31:51,398.0,1206190
2021-06-04 09:31:52,397.85,1206591
2021-06-04 09:31:53,397.85,1206591
2021-06-04 09:31:54,397.85,1206591
2021-06-04 09:31:55,398.0,1206592
2021-06-04 09:31:56,398.0,1206594
2021-06-04 09:31:57,397.85,1207094
2021-06-04 09:31:58,397.85,1207721
2021-06-04 09:31:59,398.0,1207846
2021-06-04 09:32:01,398.0,1208492
2021-06-04 09:32:02,398.0,1208493
2021-06-04 09:32:03,398.0,1208493
2021-06-04 09:32:04,398.0,1210493
2021-06-04 09:32:05,397.9,1210543
2021-06-04 09:32:06,397.85,1210759
2021-06-04 09:32:06,398.0,1212997
2021-06-04 09:32:07,398.0,1213067
2021-06-04 09:32:09,397.85,1214152
2021-06-04 09:32:10,398.0,1214257
2021-06-04 09:32:11,397.85,1214782
2021-06-04 09:32:12,397.85,1214782
2021-06-04 09:32:13,398.0,1214809
2021-06-04 09:32:14,398.0,1214862
2021-06-04 09:32:15,397.85,1214988
2021-06-04 09:32:16,398.0,1218405
2021-06-04 09:32:16,398.0,1218405
2021-06-04 09:32:17,398.0,1218405
2021-06-04 09:32:19,398.0,1219438
2021-06-04 09:32:20,397.8,1219655
2021-06-04 09:32:21,398.0,1219913
2021-06-04 09:32:22,397.8,1220049
2021-06-04 09:32:22,397.8,1220049
2021-06-04 09:32:23,397.8,1225049
2021-06-04 09:32:25,397.8,1225249
2021-06-04 09:32:25,397.8,1225259
2021-06-04 09:32:27,397.95,1226138
2021-06-04 09:32:27,397.95,1226139
2021-06-04 09:32:28,397.8,1226349
2021-06-04 09:32:29,397.8,1226885
2021-06-04 09:32:30,397.8,1229890
2021-06-04 09:32:31,397.6,1232895
2021-06-04 09:32:32,397.25,1241479
2021-06-04 09:32:33,397.4,1241681
2021-06-04 09:32:34,397.4,1241681
2021-06-04 09:32:35,397.4,1241681
2021-06-04 09:32:36,397.35,1244229
2021-06-04 09:32:37,397.2,1244254
2021-06-04 09:32:38,397.3,1244259
2021-06-04 09:32:39,397.4,1244731
2021-06-04 09:32:40,397.4,1244801
2021-06-04 09:32:42,397.3,1244857
2021-06-04 09:32:43,397.5,1244957
2021-06-04 09:32:44,397.4,1245102
2021-06-04 09:32:45,397.4,1245102
2021-06-04 09:32:46,397.55,1245153
2021-06-04 09:32:47,397.55,1245153
2021-06-04 09:32:48,397.5,1245703
2021-06-04 09:32:49,397.5,1245703
2021-06-04 09:32:50,397.3,1248513
2021-06-04 09:32:51,397.5,1248523
2021-06-04 09:32:52,397.35,1248524
2021-06-04 09:32:53,397.4,1248554
2021-06-04 09:32:54,397.4,1248554
2021-06-04 09:32:55,397.35,1248555
2021-06-04 09:32:56,397.35,1248555
2021-06-04 09:32:57,397.35,1248578
2021-06-04 09:32:58,397.3,1248659
2021-06-04 09:32:58,397.15,1249069
2021-06-04 09:33:00,397.15,1249069
2021-06-04 09:33:00,397.15,1249069
2021-06-04 09:33:01,397.15,1249069
2021-06-04 09:33:02,397.15,1250209
2021-06-04 09:33:03,397.15,1250354
2021-06-04 09:33:04,397.15,1250354
2021-06-04 09:33:05,397.15,1250354
2021-06-04 09:33:08,397.2,1250761
2021-06-04 09:33:09,397.2,1250761
2021-06-04 09:33:10,397.2,1250766
2021-06-04 09:33:11,397.2,1250766
2021-06-04 09:33:12,397.25,1250966
2021-06-04 09:33:13,397.25,1251052
2021-06-04 09:33:14,397.3,1251102
2021-06-04 09:33:14,397.3,1251152
2021-06-04 09:33:16,397.3,1256140
2021-06-04 09:33:17,397.3,1256250
2021-06-04 09:33:18,397.2,1256820
2021-06-04 09:33:19,397.2,1257329
2021-06-04 09:33:20,397.2,1257329
2021-06-04 09:33:20,397.2,1257329
2021-06-04 09:33:22,397.2,1257584
2021-06-04 09:33:23,397.2,1257684
2021-06-04 09:33:24,397.3,1257744
2021-06-04 09:33:25,397.2,1257985
2021-06-04 09:33:26,397.2,1257996
2021-06-04 09:33:27,397.2,1258498
2021-06-04 09:33:28,397.2,1258619
2021-06-04 09:33:29,397.3,1258623
2021-06-04 09:33:30,397.2,1258624
2021-06-04 09:33:31,397.2,1258928
2021-06-04 09:33:32,397.2,1258978
2021-06-04 09:33:33,397.2,1259576
2021-06-04 09:33:34,397.3,1259719
2021-06-04 09:33:35,397.3,1259719
2021-06-04 09:33:36,397.2,1259819
2021-06-04 09:33:37,397.2,1260917
2021-06-04 09:33:38,397.2,1260917
2021-06-04 09:33:38,397.2,1260917
2021-06-04 09:33:39,397.35,1260927
2021-06-04 09:33:40,397.35,1261327
2021-06-04 09:33:41,397.3,1261337
2021-06-04 09:33:43,397.35,1261722
2021-06-04 09:33:44,397.35,1261791
2021-06-04 09:33:45,397.35,1261826
2021-06-04 09:33:46,397.35,1261876
2021-06-04 09:33:47,397.35,1261876
2021-06-04 09:33:47,397.35,1261876
2021-06-04 09:33:48,397.3,1262876
2021-06-04 09:33:49,397.3,1262877
2021-06-04 09:33:51,397.3,1262952
2021-06-04 09:33:52,397.3,1263222
2021-06-04 09:33:53,397.35,1263223
2021-06-04 09:33:54,397.35,1263463
2021-06-04 09:33:55,397.35,1263484
2021-06-04 09:33:55,397.35,1263484
2021-06-04 09:33:56,397.35,1263487
2021-06-04 09:33:57,397.3,1263512
2021-06-04 09:33:58,397.15,1265671
2021-06-04 09:33:59,397.2,1265771
2021-06-04 09:34:00,397.3,1266285
2021-06-04 09:34:02,397.3,1267136
2021-06-04 09:34:03,397.3,1267136
2021-06-04 09:34:03,397.3,1267136
2021-06-04 09:34:04,397.3,1267236
2021-06-04 09:34:05,397.2,1267336
2021-06-04 09:34:07,397.15,1270389
2021-06-04 09:34:08,397.15,1270407
2021-06-04 09:34:09,397.15,1270407
2021-06-04 09:34:09,397.15,1270407
2021-06-04 09:34:10,397.15,1270407
2021-06-04 09:34:12,397.0,1273711
2021-06-04 09:34:13,397.0,1273711
2021-06-04 09:34:14,397.0,1273711
2021-06-04 09:34:15,397.0,1274139
2021-06-04 09:34:16,397.0,1274149
2021-06-04 09:34:17,397.0,1274149
2021-06-04 09:34:18,397.1,1274174
2021-06-04 09:34:19,397.0,1274345
2021-06-04 09:34:20,397.2,1274903
2021-06-04 09:34:20,397.2,1274903
2021-06-04 09:34:21,397.1,1274933
2021-06-04 09:34:23,397.1,1275092
2021-06-04 09:34:24,397.1,1275094
2021-06-04 09:34:25,397.1,1275094
2021-06-04 09:34:25,397.1,1275094
2021-06-04 09:34:27,397.1,1275112
2021-06-04 09:34:28,397.2,1275125
2021-06-04 09:34:29,397.15,1275150
2021-06-04 09:34:30,397.15,1275150
2021-06-04 09:34:31,397.15,1275150
2021-06-04 09:34:32,397.2,1275905
2021-06-04 09:34:33,397.2,1276005
2021-06-04 09:34:34,397.15,1276030
2021-06-04 09:34:35,397.15,1276030
2021-06-04 09:34:35,397.15,1276030
2021-06-04 09:34:36,397.15,1276030
2021-06-04 09:34:38,397.25,1276883
2021-06-04 09:34:39,397.15,1277028
2021-06-04 09:34:40,397.25,1277190
2021-06-04 09:34:40,397.3,1277369
2021-06-04 09:34:42,397.2,1277849
2021-06-04 09:34:43,397.2,1277850
2021-06-04 09:34:44,397.2,1277867
2021-06-04 09:34:45,397.3,1277929
2021-06-04 09:34:46,397.2,1278329
2021-06-04 09:34:47,397.2,1278329
2021-06-04 09:34:48,397.3,1278441
2021-06-04 09:34:49,397.3,1278441
2021-06-04 09:34:51,397.25,1278546
2021-06-04 09:34:52,397.3,1278647
2021-06-04 09:34:52,397.25,1278652
2021-06-04 09:34:53,397.25,1278705
2021-06-04 09:34:54,397.25,1278705
2021-06-04 09:34:55,397.25,1278705
2021-06-04 09:34:57,397.25,1278850
2021-06-04 09:34:58,397.25,1279021
2021-06-04 09:34:59,397.25,1279026
2021-06-04 09:35:00,397.25,1279326
2021-06-04 09:35:01,397.25,1279456
2021-06-04 09:35:02,397.25,1279456
2021-06-04 09:35:03,397.25,1279956
2021-06-04 09:35:03,397.25,1279956
2021-06-04 09:35:04,397.25,1279982
2021-06-04 09:35:05,397.4,1289866
2021-06-04 09:35:06,397.4,1289899
2021-06-04 09:35:07,397.5,1290050
2021-06-04 09:35:09,397.45,1290051
2021-06-04 09:35:09,397.45,1290301
2021-06-04 09:35:10,397.5,1292283
2021-06-04 09:35:11,397.5,1292283
2021-06-04 09:35:12,397.5,1292881
2021-06-04 09:35:13,397.5,1292881
2021-06-04 09:35:15,397.5,1294449
2021-06-04 09:35:16,397.5,1294652
2021-06-04 09:35:17,397.5,1294652
2021-06-04 09:35:18,397.5,1295404
2021-06-04 09:35:18,397.5,1295404
2021-06-04 09:35:21,397.65,1295474
2021-06-04 09:35:22,397.65,1295493
2021-06-04 09:35:23,397.5,1296818
2021-06-04 09:35:24,397.5,1296818
2021-06-04 09:35:25,397.5,1297447
2021-06-04 09:35:26,397.5,1297447
2021-06-04 09:35:27,397.65,1298335
2021-06-04 09:35:28,397.75,1298650
2021-06-04 09:35:29,397.5,1298850
2021-06-04 09:35:30,397.5,1298850
2021-06-04 09:35:31,397.6,1298986
2021-06-04 09:35:32,397.6,1298986
2021-06-04 09:35:33,397.6,1298986
2021-06-04 09:35:33,397.6,1298986
2021-06-04 09:35:34,397.55,1299389
2021-06-04 09:35:36,397.55,1299534
2021-06-04 09:35:37,397.65,1302828
2021-06-04 09:35:37,397.65,1302828
2021-06-04 09:35:38,397.65,1302828
2021-06-04 09:35:39,397.75,1302998
2021-06-04 09:35:41,397.75,1303308
2021-06-04 09:35:42,397.7,1303348
2021-06-04 09:35:43,397.7,1303548
2021-06-04 09:35:44,397.7,1303692
2021-06-04 09:35:44,397.7,1303692
2021-06-04 09:35:46,397.75,1304949
2021-06-04 09:35:47,397.75,1304949
2021-06-04 09:35:48,397.8,1304999
2021-06-04 09:35:49,397.8,1305299
2021-06-04 09:35:50,397.8,1305407
2021-06-04 09:35:50,397.75,1305519
2021-06-04 09:35:51,397.75,1305519
2021-06-04 09:35:53,398.05,1319806
2021-06-04 09:35:54,398.05,1319951
2021-06-04 09:35:54,398.05,1319951
2021-06-04 09:35:56,397.85,1321535
2021-06-04 09:35:57,398.0,1321635
2021-06-04 09:35:58,398.05,1321636
2021-06-04 09:35:59,398.05,1321636
2021-06-04 09:36:00,398.5,1341138
2021-06-04 09:36:01,398.3,1341158
2021-06-04 09:36:02,398.45,1342184
2021-06-04 09:36:03,398.45,1342239
2021-06-04 09:36:04,398.35,1342264
2021-06-04 09:36:05,398.45,1342274
2021-06-04 09:36:06,398.35,1342449
2021-06-04 09:36:07,398.35,1342449
2021-06-04 09:36:08,398.5,1342459
2021-06-04 09:36:09,398.5,1342510
2021-06-04 09:36:10,398.5,1342510
2021-06-04 09:36:11,398.35,1343160
2021-06-04 09:36:12,398.35,1343165
2021-06-04 09:36:13,398.5,1343869
2021-06-04 09:36:14,398.45,1343900
2021-06-04 09:36:15,398.5,1350824
2021-06-04 09:36:16,398.5,1350854
2021-06-04 09:36:17,398.5,1351386
2021-06-04 09:36:18,398.5,1351796
2021-06-04 09:36:19,398.5,1352336
2021-06-04 09:36:20,398.5,1352336
2021-06-04 09:36:21,398.5,1352356
2021-06-04 09:36:22,398.5,1353026
2021-06-04 09:36:23,398.45,1353337
2021-06-04 09:36:24,398.5,1353357
2021-06-04 09:36:25,398.5,1353727
2021-06-04 09:36:26,398.45,1353859
2021-06-04 09:36:27,398.45,1353954
2021-06-04 09:36:28,398.45,1353976
2021-06-04 09:36:29,398.2,1355358
2021-06-04 09:36:30,398.05,1357726
2021-06-04 09:36:31,397.9,1358007
2021-06-04 09:36:32,397.8,1358176
2021-06-04 09:36:33,397.85,1359337
2021-06-04 09:36:34,398.0,1359356
2021-06-04 09:36:35,398.0,1359388
2021-06-04 09:36:36,398.2,1360507
2021-06-04 09:36:37,398.35,1361051
2021-06-04 09:36:38,398.35,1361268
2021-06-04 09:36:39,398.45,1361380
2021-06-04 09:36:40,398.45,1361408
2021-06-04 09:36:41,398.35,1361444
2021-06-04 09:36:42,398.4,1361445
2021-06-04 09:36:43,398.45,1361513
2021-06-04 09:36:44,398.45,1361515
2021-06-04 09:36:45,398.45,1361742
2021-06-04 09:36:46,398.35,1362838
2021-06-04 09:36:47,398.35,1362975
2021-06-04 09:36:48,398.45,1363126
2021-06-04 09:36:49,398.45,1363142
2021-06-04 09:36:50,398.4,1363440
2021-06-04 09:36:51,398.4,1363621
2021-06-04 09:36:52,398.4,1363656
2021-06-04 09:36:53,398.4,1365546
2021-06-04 09:36:54,398.4,1365855
2021-06-04 09:36:55,398.45,1365862
2021-06-04 09:36:57,398.45,1365928
2021-06-04 09:36:56,398.4,1365927
2021-06-04 09:36:58,398.35,1366553
2021-06-04 09:36:59,398.45,1366677
2021-06-04 09:37:00,398.35,1366702
2021-06-04 09:37:01,398.35,1366702
2021-06-04 09:37:02,398.4,1367912
2021-06-04 09:37:03,398.4,1368128
2021-06-04 09:37:04,398.35,1368433
2021-06-04 09:37:05,398.35,1370633
2021-06-04 09:37:06,398.45,1371291
2021-06-04 09:37:07,398.45,1371392
2021-06-04 09:37:08,398.35,1371394
2021-06-04 09:37:09,398.45,1373332
2021-06-04 09:37:10,398.35,1373495
2021-06-04 09:37:11,398.35,1373495
2021-06-04 09:37:12,398.45,1373575
2021-06-04 09:37:13,398.45,1374079
2021-06-04 09:37:14,398.4,1374476
2021-06-04 09:37:15,398.4,1374926
2021-06-04 09:37:16,398.4,1374926
2021-06-04 09:37:17,398.2,1375988
2021-06-04 09:37:18,398.15,1377196
2021-06-04 09:37:19,398.15,1377196
2021-06-04 09:37:20,398.25,1379197
2021-06-04 09:37:21,398.25,1379197
2021-06-04 09:37:22,398.15,1379280
2021-06-04 09:37:23,398.15,1379385
2021-06-04 09:37:24,398.35,1379389
2021-06-04 09:37:25,398.35,1379389
2021-06-04 09:37:26,398.1,1380211
2021-06-04 09:37:27,398.1,1380323
2021-06-04 09:37:28,398.1,1380323
2021-06-04 09:37:29,398.1,1380468
2021-06-04 09:37:30,398.25,1380469
2021-06-04 09:37:31,398.1,1380484
2021-06-04 09:37:32,398.25,1380544
2021-06-04 09:37:33,398.25,1380544
2021-06-04 09:37:34,398.1,1380724
2021-06-04 09:37:35,398.15,1380725
2021-06-04 09:37:36,398.25,1380775
2021-06-04 09:37:37,398.25,1380775
2021-06-04 09:37:38,398.25,1380795
2021-06-04 09:37:39,398.25,1380795
2021-06-04 09:37:40,398.25,1380795
2021-06-04 09:37:41,398.2,1380825
2021-06-04 09:37:42,398.2,1380835
2021-06-04 09:37:43,398.25,1380847
2021-06-04 09:37:44,398.2,1381048
2021-06-04 09:37:45,398.2,1381822
2021-06-04 09:37:46,398.2,1381832
2021-06-04 09:37:47,398.3,1382858
2021-06-04 09:37:48,398.2,1383103
2021-06-04 09:37:49,398.2,1383153
2021-06-04 09:37:50,398.2,1383320
2021-06-04 09:37:51,398.25,1383480
2021-06-04 09:37:52,398.3,1383690
2021-06-04 09:37:53,398.3,1383690
2021-06-04 09:37:54,398.2,1383990
2021-06-04 09:37:55,398.2,1384044
2021-06-04 09:37:56,398.35,1384194
2021-06-04 09:37:57,398.2,1384205
2021-06-04 09:37:58,398.4,1385805
2021-06-04 09:37:59,398.4,1385805
2021-06-04 09:38:00,398.25,1385825
2021-06-04 09:38:01,398.25,1385825
2021-06-04 09:38:02,398.3,1385925
2021-06-04 09:38:03,398.25,1386195
2021-06-04 09:38:04,398.25,1386195
2021-06-04 09:38:05,398.25,1386195
2021-06-04 09:38:06,398.25,1386195
2021-06-04 09:38:07,398.3,1386565
2021-06-04 09:38:08,398.3,1386565
2021-06-04 09:38:09,398.3,1386565
2021-06-04 09:38:10,398.4,1386676
2021-06-04 09:38:11,398.35,1386681
2021-06-04 09:38:12,398.35,1387468
2021-06-04 09:38:14,398.3,1387568
2021-06-04 09:38:13,398.3,1387568
2021-06-04 09:38:15,398.4,1387772
2021-06-04 09:38:16,398.4,1388463
2021-06-04 09:38:17,398.4,1388463
2021-06-04 09:38:18,398.4,1388468
2021-06-04 09:38:19,398.4,1388529
2021-06-04 09:38:20,398.4,1388529
2021-06-04 09:38:21,398.4,1388819
2021-06-04 09:38:22,398.4,1388826
2021-06-04 09:38:23,398.35,1388876
2021-06-04 09:38:24,398.35,1388876
2021-06-04 09:38:25,398.35,1388876
2021-06-04 09:38:26,398.35,1389126
2021-06-04 09:38:27,398.4,1389829
2021-06-04 09:38:28,398.3,1389834
2021-06-04 09:38:29,398.3,1389839
2021-06-04 09:38:30,398.25,1391947
2021-06-04 09:38:31,398.0,1398263
2021-06-04 09:38:32,398.15,1398763
2021-06-04 09:38:33,398.15,1399136
2021-06-04 09:38:34,398.15,1399286
2021-06-04 09:38:35,398.15,1399286
2021-06-04 09:38:36,398.15,1399301
2021-06-04 09:38:37,398.15,1399452
2021-06-04 09:38:38,398.3,1404465
2021-06-04 09:38:39,398.1,1404715
2021-06-04 09:38:40,398.3,1404845
2021-06-04 09:38:41,398.3,1405100
2021-06-04 09:38:42,398.3,1405102
2021-06-04 09:38:43,398.3,1405102
2021-06-04 09:38:44,398.3,1405107
2021-06-04 09:38:45,398.25,1405253
2021-06-04 09:38:46,397.8,1411092
2021-06-04 09:38:47,397.95,1413033
2021-06-04 09:38:48,397.8,1413140
2021-06-04 09:38:49,397.8,1413140
2021-06-04 09:38:50,397.75,1415310
2021-06-04 09:38:51,397.75,1415310
2021-06-04 09:38:52,397.9,1415313
2021-06-04 09:38:53,397.9,1415313
2021-06-04 09:38:55,397.8,1415420
2021-06-04 09:38:56,397.8,1415420
2021-06-04 09:38:57,397.8,1415420
2021-06-04 09:38:58,397.85,1415822
2021-06-04 09:38:59,397.85,1415822
2021-06-04 09:39:00,397.85,1415822
2021-06-04 09:39:01,397.85,1415822
2021-06-04 09:39:02,397.85,1416077
2021-06-04 09:39:03,397.85,1416077
2021-06-04 09:39:04,398.05,1416177
2021-06-04 09:39:04,397.85,1416194
2021-06-04 09:39:05,397.85,1416194
2021-06-04 09:39:06,398.05,1417444
2021-06-04 09:39:07,397.9,1417645
2021-06-04 09:39:09,397.9,1417678
2021-06-04 09:39:10,397.9,1417678
2021-06-04 09:39:11,397.9,1417678
2021-06-04 09:39:12,398.1,1418883
2021-06-04 09:39:13,398.0,1418884
2021-06-04 09:39:14,398.0,1418909
2021-06-04 09:39:15,398.0,1418909
2021-06-04 09:39:15,398.0,1418909
2021-06-04 09:39:16,398.0,1419112
2021-06-04 09:39:18,398.0,1419112
2021-06-04 09:39:19,398.15,1419612
2021-06-04 09:39:19,398.05,1419617
2021-06-04 09:39:20,398.15,1419647
2021-06-04 09:39:21,398.05,1419827
2021-06-04 09:39:22,398.05,1419827
2021-06-04 09:39:23,398.05,1419972
2021-06-04 09:39:24,398.05,1419983
2021-06-04 09:39:25,398.15,1420073
2021-06-04 09:39:26,398.15,1420073
2021-06-04 09:39:27,398.15,1420073
2021-06-04 09:39:28,398.15,1420373
2021-06-04 09:39:29,398.2,1421519
2021-06-04 09:39:31,398.25,1421624
2021-06-04 09:39:32,398.25,1421624
2021-06-04 09:39:32,398.25,1421624
2021-06-04 09:39:33,398.1,1421829
2021-06-04 09:39:34,397.75,1426307
2021-06-04 09:39:35,397.8,1427307
2021-06-04 09:39:36,397.6,1427907
2021-06-04 09:39:37,397.7,1429156
2021-06-04 09:39:38,397.6,1430057
2021-06-04 09:39:39,397.6,1430057
2021-06-04 09:39:40,397.6,1430357
2021-06-04 09:39:41,397.8,1431307
2021-06-04 09:39:42,397.65,1432245
2021-06-04 09:39:43,397.65,1432766
2021-06-04 09:39:44,397.65,1433196
2021-06-04 09:39:45,397.6,1433218
2021-06-04 09:39:46,397.6,1433218
2021-06-04 09:39:47,397.65,1433251
2021-06-04 09:39:48,397.8,1434430
2021-06-04 09:39:49,397.8,1434430
2021-06-04 09:39:50,397.65,1434530
2021-06-04 09:39:51,397.7,1435131
2021-06-04 09:39:52,397.6,1435231
2021-06-04 09:39:56,397.7,1435351
2021-06-04 09:39:57,397.7,1435351
2021-06-04 09:39:58,397.7,1435351
2021-06-04 09:40:00,397.8,1435430
2021-06-04 09:40:01,397.65,1435575
2021-06-04 09:40:02,397.65,1435575
2021-06-04 09:40:03,397.65,1435575
2021-06-04 09:40:05,397.65,1435575
2021-06-04 09:40:06,397.8,1435675
2021-06-04 09:40:08,397.75,1436180
2021-06-04 09:40:08,397.75,1436180
2021-06-04 09:40:09,397.75,1436180
2021-06-04 09:40:10,397.75,1436180
2021-06-04 09:40:11,397.7,1436216
2021-06-04 09:40:12,397.7,1436216
2021-06-04 09:40:13,397.7,1436217
2021-06-04 09:40:14,397.85,1436272
2021-06-04 09:40:16,397.75,1436322
2021-06-04 09:40:17,397.75,1436322
2021-06-04 09:40:19,397.9,1436835
2021-06-04 09:40:20,397.9,1436835
2021-06-04 09:40:21,397.75,1436980
2021-06-04 09:40:22,397.9,1437230
2021-06-04 09:40:23,397.9,1437604
2021-06-04 09:40:24,397.9,1437604
2021-06-04 09:40:25,397.7,1441151
2021-06-04 09:40:26,397.6,1446060
2021-06-04 09:40:27,397.4,1449588
2021-06-04 09:40:28,397.55,1449868
2021-06-04 09:40:29,397.55,1449868
2021-06-04 09:40:30,397.55,1449868
2021-06-04 09:40:31,397.3,1452018
2021-06-04 09:40:31,397.3,1452018
2021-06-04 09:40:32,397.3,1452018
2021-06-04 09:40:33,397.4,1452054
2021-06-04 09:40:34,397.4,1452054
2021-06-04 09:40:35,397.4,1452054
2021-06-04 09:40:36,397.4,1452054
2021-06-04 09:40:37,397.4,1452054
2021-06-04 09:40:38,397.4,1452054
2021-06-04 09:40:39,397.25,1452199
2021-06-04 09:40:40,397.2,1453416
2021-06-04 09:40:41,397.1,1453631
2021-06-04 09:40:42,397.1,1453631
2021-06-04 09:40:43,397.25,1453632
2021-06-04 09:40:45,397.05,1454332
2021-06-04 09:40:46,397.05,1455077
2021-06-04 09:40:47,397.05,1455077
2021-06-04 09:40:48,397.05,1455332
2021-06-04 09:40:49,397.25,1457801
2021-06-04 09:40:50,397.45,1458676
2021-06-04 09:40:51,397.35,1458856
2021-06-04 09:40:52,397.25,1459506
2021-06-04 09:40:53,397.4,1459533
2021-06-04 09:40:54,397.4,1459533
2021-06-04 09:40:55,397.25,1459545
2021-06-04 09:40:56,397.25,1459545
2021-06-04 09:40:57,397.2,1459645
2021-06-04 09:40:59,397.2,1459790
2021-06-04 09:41:00,397.4,1459850
2021-06-04 09:41:00,397.2,1459790
2021-06-04 09:41:01,397.25,1459860
2021-06-04 09:41:02,397.25,1459860
2021-06-04 09:41:03,397.3,1459960
2021-06-04 09:41:04,397.3,1460678
2021-06-04 09:41:05,397.3,1460708
2021-06-04 09:41:06,397.25,1460718
2021-06-04 09:41:08,397.3,1460743
2021-06-04 09:41:09,397.3,1460763
2021-06-04 09:41:10,397.3,1462051
2021-06-04 09:41:11,397.25,1462151
2021-06-04 09:41:11,397.25,1462151
2021-06-04 09:41:12,397.25,1462151
2021-06-04 09:41:13,397.25,1462251
2021-06-04 09:41:14,397.3,1462962
2021-06-04 09:41:15,397.3,1463219
2021-06-04 09:41:16,397.35,1463249
2021-06-04 09:41:17,397.3,1463394
2021-06-04 09:41:18,397.4,1463594
2021-06-04 09:41:19,397.4,1463975
2021-06-04 09:41:20,397.15,1468009
2021-06-04 09:41:21,397.15,1468009
2021-06-04 09:41:22,397.15,1468010
2021-06-04 09:41:23,397.25,1471044
2021-06-04 09:41:25,397.1,1471049
2021-06-04 09:41:26,397.1,1471049
2021-06-04 09:41:27,397.1,1471049
2021-06-04 09:41:28,397.15,1471479
2021-06-04 09:41:30,397.1,1471535
2021-06-04 09:41:30,397.1,1471535
2021-06-04 09:41:32,397.1,1474608
2021-06-04 09:41:33,397.1,1474622
2021-06-04 09:41:34,397.2,1474926
2021-06-04 09:41:35,397.2,1474926
2021-06-04 09:41:36,397.05,1475273
2021-06-04 09:41:38,397.2,1475445
2021-06-04 09:41:39,397.0,1480596
2021-06-04 09:41:40,397.0,1480596
2021-06-04 09:41:40,397.0,1480596
2021-06-04 09:41:42,397.2,1480606
2021-06-04 09:41:43,397.2,1480606
2021-06-04 09:41:43,397.2,1480621
2021-06-04 09:41:44,397.2,1480889
2021-06-04 09:41:45,397.2,1480919
2021-06-04 09:41:46,397.2,1480919
2021-06-04 09:41:47,397.1,1480921
2021-06-04 09:41:48,397.0,1481421
2021-06-04 09:41:49,397.15,1481521
2021-06-04 09:41:50,397.1,1481621
2021-06-04 09:41:51,397.2,1481771
2021-06-04 09:41:52,397.2,1481771
2021-06-04 09:41:53,397.1,1481873
2021-06-04 09:41:54,397.2,1481973
2021-06-04 09:41:55,397.3,1482468
2021-06-04 09:41:56,397.25,1482588
2021-06-04 09:41:57,397.1,1482593
2021-06-04 09:42:00,397.1,1482703
2021-06-04 09:42:01,397.2,1482704
2021-06-04 09:42:02,397.2,1482764
2021-06-04 09:42:02,397.2,1482764
2021-06-04 09:42:03,397.2,1482778
2021-06-04 09:42:04,397.2,1482778
2021-06-04 09:42:06,397.2,1482779
2021-06-04 09:42:07,397.1,1482904
2021-06-04 09:42:07,397.1,1482924
2021-06-04 09:42:08,397.2,1483036
2021-06-04 09:42:09,397.2,1483336
2021-06-04 09:42:11,397.2,1483346
2021-06-04 09:42:12,397.2,1483346
2021-06-04 09:42:13,397.2,1483396
2021-06-04 09:42:14,397.1,1483541
2021-06-04 09:42:15,397.1,1483643
2021-06-04 09:42:16,397.1,1483643
2021-06-04 09:42:17,397.1,1483645
2021-06-04 09:42:18,397.1,1483645
2021-06-04 09:42:19,397.1,1483645
2021-06-04 09:42:21,397.1,1483676
2021-06-04 09:42:22,397.1,1483752
2021-06-04 09:42:23,397.2,1483852
2021-06-04 09:42:24,397.25,1485371
2021-06-04 09:42:25,397.3,1485876
2021-06-04 09:42:25,397.3,1485876
2021-06-04 09:42:26,397.3,1485891
2021-06-04 09:42:27,397.2,1486113
2021-06-04 09:42:28,397.2,1486113
2021-06-04 09:42:29,397.2,1486113
2021-06-04 09:42:31,397.2,1486113
2021-06-04 09:42:33,397.2,1486297
2021-06-04 09:42:34,397.2,1486497
2021-06-04 09:42:35,397.2,1486497
2021-06-04 09:42:36,397.2,1486513
2021-06-04 09:42:37,397.2,1486513
2021-06-04 09:42:38,397.3,1486613
2021-06-04 09:42:39,397.3,1486613
2021-06-04 09:42:40,397.2,1487113
2021-06-04 09:42:40,397.2,1487213
2021-06-04 09:42:41,397.2,1487233
2021-06-04 09:42:42,397.2,1487233
2021-06-04 09:42:43,397.2,1487243
2021-06-04 09:42:44,397.25,1487364
2021-06-04 09:42:45,397.2,1488189
2021-06-04 09:42:47,397.25,1488880
2021-06-04 09:42:49,397.3,1489278
2021-06-04 09:42:50,397.3,1489278
2021-06-04 09:42:50,397.3,1489278
2021-06-04 09:42:51,397.3,1489278
2021-06-04 09:42:52,397.2,1489282
2021-06-04 09:42:53,397.2,1489282
2021-06-04 09:42:54,397.2,1489623
2021-06-04 09:42:55,397.2,1489688
2021-06-04 09:42:57,397.15,1489698
2021-06-04 09:42:59,397.45,1491705
2021-06-04 09:43:00,397.3,1491715
2021-06-04 09:43:01,397.3,1491738
2021-06-04 09:43:02,397.3,1491738
2021-06-04 09:43:03,397.4,1491752
2021-06-04 09:43:04,397.4,1491752
2021-06-04 09:43:05,397.4,1491752
2021-06-04 09:43:06,397.4,1491752
2021-06-04 09:43:07,397.45,1491852
2021-06-04 09:43:08,397.45,1491852
2021-06-04 09:43:08,397.45,1491852
2021-06-04 09:43:09,397.45,1491852
2021-06-04 09:43:10,397.3,1491865
2021-06-04 09:43:11,397.3,1492010
2021-06-04 09:43:12,397.3,1492035
2021-06-04 09:43:13,397.4,1492085
2021-06-04 09:43:14,397.4,1492085
2021-06-04 09:43:15,397.3,1492089
2021-06-04 09:43:17,397.4,1492221
2021-06-04 09:43:18,397.45,1492873
2021-06-04 09:43:19,397.45,1492873
2021-06-04 09:43:20,397.4,1492874
2021-06-04 09:43:20,397.4,1492874
2021-06-04 09:43:21,397.4,1492918
2021-06-04 09:43:23,397.4,1492918
2021-06-04 09:43:24,397.45,1492929
2021-06-04 09:43:25,397.3,1495579
2021-06-04 09:43:26,397.4,1496580
2021-06-04 09:43:27,397.4,1496580
2021-06-04 09:43:28,397.2,1501174
2021-06-04 09:43:28,397.2,1501174
2021-06-04 09:43:29,397.35,1501852
2021-06-04 09:43:30,396.9,1527690
2021-06-04 09:43:31,396.9,1528007
2021-06-04 09:43:32,396.9,1528007
2021-06-04 09:43:34,396.9,1528057
2021-06-04 09:43:35,397.05,1531087
2021-06-04 09:43:36,396.9,1531089
2021-06-04 09:43:37,396.9,1531139
2021-06-04 09:43:38,397.0,1531149
2021-06-04 09:43:39,397.0,1531149
2021-06-04 09:43:40,397.1,1532189
2021-06-04 09:43:41,397.1,1532189
2021-06-04 09:43:42,397.1,1532189
2021-06-04 09:43:42,397.1,1532189
2021-06-04 09:43:43,397.1,1532189
2021-06-04 09:43:44,396.9,1532207
2021-06-04 09:43:45,397.0,1532257
2021-06-04 09:43:46,397.1,1533024
2021-06-04 09:43:47,397.1,1533034
2021-06-04 09:43:48,397.0,1533084
2021-06-04 09:43:50,397.0,1533279
2021-06-04 09:43:51,397.1,1534404
2021-06-04 09:43:52,397.1,1534453
2021-06-04 09:43:52,397.1,1534478
2021-06-04 09:43:54,397.1,1534478
2021-06-04 09:43:55,397.1,1534878
2021-06-04 09:43:57,397.1,1535080
2021-06-04 09:43:58,397.1,1535129
2021-06-04 09:43:59,397.1,1535239
2021-06-04 09:44:00,397.1,1535239
2021-06-04 09:44:00,397.1,1535239
2021-06-04 09:44:02,397.1,1535239
2021-06-04 09:44:03,397.1,1535239
2021-06-04 09:44:03,397.1,1535239
2021-06-04 09:44:04,397.1,1535239
2021-06-04 09:44:05,397.0,1537489
2021-06-04 09:44:06,397.0,1537489
2021-06-04 09:44:08,397.0,1537679
2021-06-04 09:44:09,396.9,1537797
2021-06-04 09:44:10,396.9,1537797
2021-06-04 09:44:11,397.05,1537810
2021-06-04 09:44:12,397.05,1537810
2021-06-04 09:44:13,397.0,1537835
2021-06-04 09:44:14,397.0,1537935
2021-06-04 09:44:15,397.15,1538265
2021-06-04 09:44:16,397.0,1539611
2021-06-04 09:44:17,396.95,1539614
2021-06-04 09:44:19,396.95,1541114
2021-06-04 09:44:20,397.0,1541624
2021-06-04 09:44:21,397.0,1541624
2021-06-04 09:44:22,397.0,1541624
2021-06-04 09:44:23,396.95,1541959
2021-06-04 09:44:24,396.95,1541959
2021-06-04 09:44:25,396.95,1541964
2021-06-04 09:44:26,396.9,1544034
2021-06-04 09:44:27,396.9,1544245
2021-06-04 09:44:28,397.0,1544295
2021-06-04 09:44:29,397.0,1544305
2021-06-04 09:44:31,397.0,1544305
2021-06-04 09:44:32,397.0,1544556
2021-06-04 09:44:33,397.0,1544557
2021-06-04 09:44:34,396.9,1544647
2021-06-04 09:44:35,397.0,1545744
2021-06-04 09:44:36,396.95,1545745
2021-06-04 09:44:37,396.9,1545777
2021-06-04 09:44:38,397.0,1546068
2021-06-04 09:44:39,397.0,1546068
2021-06-04 09:44:40,397.0,1546094
2021-06-04 09:44:40,397.0,1546094
2021-06-04 09:44:42,396.9,1546209
2021-06-04 09:44:43,396.9,1546481
2021-06-04 09:44:44,396.9,1546681
2021-06-04 09:44:45,397.0,1546905
2021-06-04 09:44:47,397.0,1547070
2021-06-04 09:44:48,396.9,1559616
2021-06-04 09:44:49,396.85,1559741
2021-06-04 09:44:50,396.9,1559742
2021-06-04 09:44:51,396.9,1559892
2021-06-04 09:44:52,396.85,1560092
2021-06-04 09:44:53,396.85,1560093
2021-06-04 09:44:54,396.9,1560143
2021-06-04 09:44:55,397.0,1563643
2021-06-04 09:44:56,397.0,1563643
2021-06-04 09:44:57,397.0,1563643
2021-06-04 09:44:58,396.9,1563693
2021-06-04 09:44:58,396.9,1563693
2021-06-04 09:45:01,396.85,1566893
2021-06-04 09:45:02,396.85,1566943
2021-06-04 09:45:03,396.9,1567168
2021-06-04 09:45:04,396.9,1567508
2021-06-04 09:45:05,396.9,1567653
2021-06-04 09:45:06,396.9,1567670
2021-06-04 09:45:07,396.9,1567770
2021-06-04 09:45:07,396.9,1567770
2021-06-04 09:45:08,396.95,1567782
2021-06-04 09:45:10,396.55,1573699
2021-06-04 09:45:11,396.8,1574486
2021-06-04 09:45:12,396.8,1575557
2021-06-04 09:45:13,396.8,1575860
2021-06-04 09:45:14,396.8,1575860
2021-06-04 09:45:14,396.8,1576158
2021-06-04 09:45:16,396.95,1576683
2021-06-04 09:45:18,396.8,1577444
2021-06-04 09:45:21,396.85,1577954
2021-06-04 09:45:23,396.55,1585534
2021-06-04 09:45:24,396.55,1585784
2021-06-04 09:45:25,396.55,1585802
2021-06-04 09:45:26,396.7,1585906
2021-06-04 09:45:27,396.65,1587969
2021-06-04 09:45:28,396.65,1588752
2021-06-04 09:45:29,396.65,1588982
2021-06-04 09:45:30,396.75,1590007
2021-06-04 09:45:31,396.7,1590117
2021-06-04 09:45:32,396.7,1591044
2021-06-04 09:45:33,396.7,1591119
2021-06-04 09:45:34,396.7,1591119
2021-06-04 09:45:35,396.7,1591169
2021-06-04 09:45:36,396.85,1591174
2021-06-04 09:45:37,396.85,1591345
2021-06-04 09:45:38,396.7,1591355
2021-06-04 09:45:39,396.7,1591355
2021-06-04 09:45:40,396.8,1591359
2021-06-04 09:45:41,396.85,1591880
2021-06-04 09:45:42,396.85,1591880
2021-06-04 09:45:43,396.8,1592025
2021-06-04 09:45:44,396.85,1592647
2021-06-04 09:45:45,396.7,1593397
2021-06-04 09:45:45,396.7,1593397
2021-06-04 09:45:46,396.8,1593422
2021-06-04 09:45:47,396.95,1594871
2021-06-04 09:45:48,396.8,1594876
2021-06-04 09:45:49,396.85,1594881
2021-06-04 09:45:50,397.0,1595140
2021-06-04 09:45:52,397.0,1595140
2021-06-04 09:45:53,397.0,1595140
2021-06-04 09:45:54,397.0,1595140
2021-06-04 09:45:55,397.0,1595140
2021-06-04 09:45:56,396.85,1595195
2021-06-04 09:45:57,396.85,1595195
2021-06-04 09:45:58,396.95,1595265
2021-06-04 09:45:59,396.85,1595467
2021-06-04 09:46:00,396.95,1596067
2021-06-04 09:46:01,396.85,1598642
2021-06-04 09:46:02,396.7,1598947
2021-06-04 09:46:03,396.9,1599058
2021-06-04 09:46:04,396.9,1599208
2021-06-04 09:46:05,396.8,1600333
2021-06-04 09:46:05,396.65,1600308
2021-06-04 09:46:06,396.8,1600347
2021-06-04 09:46:07,396.7,1600512
2021-06-04 09:46:10,396.8,1600794
2021-06-04 09:46:11,396.7,1601375
2021-06-04 09:46:12,396.7,1601485
2021-06-04 09:46:13,396.6,1601697
2021-06-04 09:46:15,396.7,1601719
2021-06-04 09:46:16,396.85,1601840
2021-06-04 09:46:17,396.7,1603044
2021-06-04 09:46:18,396.65,1604119
2021-06-04 09:46:19,396.9,1604145
2021-06-04 09:46:20,396.9,1604145
2021-06-04 09:46:20,396.9,1604145
2021-06-04 09:46:22,396.7,1605195
2021-06-04 09:46:23,396.7,1605205
2021-06-04 09:46:23,396.7,1605195
2021-06-04 09:46:24,396.7,1605215
2021-06-04 09:46:25,396.85,1605324
2021-06-04 09:46:26,396.85,1605374
2021-06-04 09:46:27,396.8,1605386
2021-06-04 09:46:28,396.8,1605432
2021-06-04 09:46:29,396.8,1605432
2021-06-04 09:46:30,396.8,1605894
2021-06-04 09:46:31,396.7,1608054
2021-06-04 09:46:32,396.7,1608055
2021-06-04 09:46:34,396.7,1608056
2021-06-04 09:46:35,396.65,1610766
2021-06-04 09:46:36,396.85,1610826
2021-06-04 09:46:37,396.85,1610826
2021-06-04 09:46:38,396.65,1611126
2021-06-04 09:46:40,396.65,1612180
2021-06-04 09:46:41,396.65,1612180
2021-06-04 09:46:42,396.65,1612465
2021-06-04 09:46:43,396.7,1612970
2021-06-04 09:46:44,396.7,1612981
2021-06-04 09:46:47,396.8,1614042
2021-06-04 09:46:48,396.8,1614192
2021-06-04 09:46:49,396.8,1614192
2021-06-04 09:46:50,396.8,1614192
2021-06-04 09:46:51,396.85,1615191
2021-06-04 09:46:52,396.85,1615195
2021-06-04 09:46:54,396.8,1615307
2021-06-04 09:46:55,396.8,1615681
2021-06-04 09:46:56,396.85,1615782
2021-06-04 09:46:57,396.8,1615783
2021-06-04 09:46:58,396.8,1616383
2021-06-04 09:46:59,396.85,1617165
2021-06-04 09:47:00,396.85,1617365
2021-06-04 09:47:02,396.85,1617365
2021-06-04 09:47:01,396.85,1617365
2021-06-04 09:47:03,396.85,1617365
2021-06-04 09:47:04,396.85,1617365
2021-06-04 09:47:05,396.8,1617366
2021-06-04 09:47:06,396.8,1617366
2021-06-04 09:47:07,396.8,1617366
2021-06-04 09:47:08,396.8,1617366
2021-06-04 09:47:09,396.2,1654361
2021-06-04 09:47:10,396.4,1654539
2021-06-04 09:47:11,396.0,1683957
2021-06-04 09:47:12,396.1,1686500
2021-06-04 09:47:13,396.1,1686710
2021-06-04 09:47:14,396.0,1691676
2021-06-04 09:47:15,396.0,1691679
2021-06-04 09:47:16,396.05,1692076
2021-06-04 09:47:17,396.2,1696004
2021-06-04 09:47:18,396.05,1696449
2021-06-04 09:47:19,396.05,1696474
2021-06-04 09:47:20,396.3,1696704
2021-06-04 09:47:21,396.2,1696714
2021-06-04 09:47:22,396.2,1696764
2021-06-04 09:47:23,396.05,1697199
2021-06-04 09:47:24,396.2,1697299
2021-06-04 09:47:25,396.05,1697484
2021-06-04 09:47:26,396.2,1697485
2021-06-04 09:47:27,396.0,1700505
2021-06-04 09:47:28,396.2,1700530
2021-06-04 09:47:29,395.85,1737439
2021-06-04 09:47:30,395.9,1739877
2021-06-04 09:47:31,395.75,1739977
2021-06-04 09:47:32,395.9,1740705
2021-06-04 09:47:33,395.75,1740805
2021-06-04 09:47:34,395.95,1743622
2021-06-04 09:47:35,396.05,1744846
2021-06-04 09:47:36,396.0,1751145
2021-06-04 09:47:37,396.0,1751690
2021-06-04 09:47:38,395.8,1753842
2021-06-04 09:47:39,395.75,1754510
2021-06-04 09:47:40,395.9,1756673
2021-06-04 09:47:41,395.8,1756719
2021-06-04 09:47:42,395.95,1759423
2021-06-04 09:47:43,395.8,1760180
2021-06-04 09:47:44,395.95,1760780
2021-06-04 09:47:45,396.0,1761675
2021-06-04 09:47:46,395.95,1762055
2021-06-04 09:47:47,396.0,1762138
2021-06-04 09:47:48,396.0,1762149
2021-06-04 09:47:49,396.0,1762190
2021-06-04 09:47:50,396.0,1762314
2021-06-04 09:47:51,395.95,1763291
2021-06-04 09:47:52,395.85,1837610
2021-06-04 09:47:53,395.95,1838300
2021-06-04 09:47:54,395.95,1838411
2021-06-04 09:47:55,395.95,1838411
2021-06-04 09:47:56,395.45,1842374
2021-06-04 09:47:57,395.6,1847559
2021-06-04 09:47:58,395.6,1848075
2021-06-04 09:47:59,395.6,1848186
2021-06-04 09:48:00,395.4,1848853
2021-06-04 09:48:01,395.55,1849851
2021-06-04 09:48:03,395.65,1851898
2021-06-04 09:48:07,395.5,1853618
2021-06-04 09:48:08,395.55,1857255
2021-06-04 09:48:09,395.75,1858671
2021-06-04 09:48:10,395.75,1861411
2021-06-04 09:48:11,395.6,1862011
2021-06-04 09:48:12,395.8,1862216
2021-06-04 09:48:13,395.8,1862477
2021-06-04 09:48:16,395.7,1863596
2021-06-04 09:48:17,395.8,1863968
2021-06-04 09:48:18,395.7,1864648
2021-06-04 09:48:19,395.7,1865268
2021-06-04 09:48:20,395.7,1865399
2021-06-04 09:48:21,395.7,1865465
2021-06-04 09:48:22,395.7,1865467
2021-06-04 09:48:23,395.6,1865587
2021-06-04 09:48:24,395.7,1866060
2021-06-04 09:48:25,395.7,1866439
2021-06-04 09:48:26,395.6,1868199
2021-06-04 09:48:27,395.7,1868356
2021-06-04 09:48:28,395.7,1871258
2021-06-04 09:48:29,395.7,1875539
2021-06-04 09:48:30,395.6,1875625
2021-06-04 09:48:31,395.75,1877657
2021-06-04 09:48:32,395.75,1877670
2021-06-04 09:48:33,395.75,1877692
2021-06-04 09:48:35,395.7,1877937
2021-06-04 09:48:36,395.7,1878560
2021-06-04 09:48:37,395.7,1879076
2021-06-04 09:48:38,395.7,1879166
2021-06-04 09:48:39,395.8,1879552
2021-06-04 09:48:40,395.8,1880631
2021-06-04 09:48:41,395.9,1880737
2021-06-04 09:48:42,395.7,1880990
2021-06-04 09:48:43,395.9,1881124
2021-06-04 09:48:44,395.7,1881184
2021-06-04 09:48:45,395.75,1881296
2021-06-04 09:48:46,395.7,1883446
2021-06-04 09:48:47,395.7,1884449
2021-06-04 09:48:48,395.9,1885829
2021-06-04 09:48:49,395.9,1886029
2021-06-04 09:48:52,395.8,1886910
2021-06-04 09:48:53,395.8,1887129
2021-06-04 09:48:54,395.9,1887225
2021-06-04 09:48:56,395.9,1887277
2021-06-04 09:48:57,395.9,1887377
2021-06-04 09:48:58,395.9,1887627
2021-06-04 09:49:00,395.8,1887628
2021-06-04 09:49:01,395.65,1889797
2021-06-04 09:49:02,395.8,1890162
2021-06-04 09:49:02,395.8,1890162
2021-06-04 09:49:04,395.65,1891836
2021-06-04 09:49:04,395.8,1892039
2021-06-04 09:49:06,395.8,1892140
2021-06-04 09:49:07,395.8,1892165
2021-06-04 09:49:07,395.65,1892167
2021-06-04 09:49:09,395.65,1894003
2021-06-04 09:49:10,395.7,1894074
2021-06-04 09:49:10,395.8,1894075
2021-06-04 09:49:11,395.8,1894375
2021-06-04 09:49:12,395.7,1895166
2021-06-04 09:49:14,395.7,1895226
2021-06-04 09:49:15,395.75,1895231
2021-06-04 09:49:16,395.7,1897231
2021-06-04 09:49:16,395.7,1897231
2021-06-04 09:49:17,395.65,1897867
2021-06-04 09:49:18,395.65,1898172
2021-06-04 09:49:19,395.65,1899555
2021-06-04 09:49:20,395.65,1901897
2021-06-04 09:49:21,395.75,1904347
2021-06-04 09:49:22,395.65,1906625
2021-06-04 09:49:23,395.65,1906650
2021-06-04 09:49:24,395.65,1906924
2021-06-04 09:49:25,395.5,1907186
2021-06-04 09:49:26,395.5,1907419
2021-06-04 09:49:27,395.5,1907834
2021-06-04 09:49:29,395.55,1908569
2021-06-04 09:49:30,395.55,1908669
2021-06-04 09:49:32,395.7,1909050
2021-06-04 09:49:33,395.6,1909051
2021-06-04 09:49:34,395.6,1909051
2021-06-04 09:49:37,395.6,1909206
2021-06-04 09:49:36,395.6,1909186
2021-06-04 09:49:38,395.65,1910628
2021-06-04 09:49:39,395.6,1910647
2021-06-04 09:49:40,395.65,1910659
2021-06-04 09:49:41,395.6,1910742
2021-06-04 09:49:42,395.75,1911042
2021-06-04 09:49:43,395.75,1912202
2021-06-04 09:49:44,395.65,1912217
2021-06-04 09:49:45,395.75,1912304
2021-06-04 09:49:46,395.75,1912309
2021-06-04 09:49:47,395.75,1912309
2021-06-04 09:49:48,395.75,1912619
2021-06-04 09:49:49,395.75,1913119
2021-06-04 09:49:50,395.7,1913274
2021-06-04 09:49:51,395.65,1915764
2021-06-04 09:49:52,395.7,1915889
2021-06-04 09:49:53,395.65,1915989
2021-06-04 09:49:54,395.7,1916429
2021-06-04 09:49:55,395.55,1918582
2021-06-04 09:49:56,395.55,1918607
2021-06-04 09:49:57,395.65,1918647
2021-06-04 09:49:59,395.55,1919494
2021-06-04 09:50:00,395.55,1919494
2021-06-04 09:50:00,395.7,1919495
2021-06-04 09:50:01,395.7,1921411
2021-06-04 09:50:02,395.7,1921731
2021-06-04 09:50:04,395.45,1940967
2021-06-04 09:50:04,395.45,1941017
2021-06-04 09:50:05,395.5,1941417
2021-06-04 09:50:06,395.15,1961307
2021-06-04 09:50:07,395.25,1963584
2021-06-04 09:50:08,395.2,1963895
2021-06-04 09:50:09,395.25,1965944
2021-06-04 09:50:10,395.05,1968533
2021-06-04 09:50:12,395.25,1972577
2021-06-04 09:50:12,395.4,1979399
2021-06-04 09:50:14,395.35,1984300
2021-06-04 09:50:14,395.5,1984314
2021-06-04 09:50:15,395.35,1986880
2021-06-04 09:50:16,395.35,1987041
2021-06-04 09:50:17,395.2,1987463
2021-06-04 09:50:18,395.4,1988149
2021-06-04 09:50:19,395.5,1988417
2021-06-04 09:50:20,395.5,1989419
2021-06-04 09:50:21,395.5,1989749
2021-06-04 09:50:22,395.5,1990016
2021-06-04 09:50:23,395.3,1990786
2021-06-04 09:50:24,395.5,1991038
2021-06-04 09:50:25,395.5,1992790
2021-06-04 09:50:26,395.5,1994962
2021-06-04 09:50:27,395.35,1994982
2021-06-04 09:50:28,395.5,1995337
2021-06-04 09:50:29,395.5,1995431
2021-06-04 09:50:30,395.55,2003362
2021-06-04 09:50:31,395.5,2003613
2021-06-04 09:50:32,395.5,2003663
2021-06-04 09:50:33,395.5,2003903
2021-06-04 09:50:34,395.65,2004503
2021-06-04 09:50:35,395.5,2005320
2021-06-04 09:50:36,395.5,2005382
2021-06-04 09:50:37,395.5,2005866
2021-06-04 09:50:39,395.55,2005954
2021-06-04 09:50:40,395.55,2005954
2021-06-04 09:50:41,395.7,2005984
2021-06-04 09:50:42,395.7,2007553
2021-06-04 09:50:43,395.75,2008558
2021-06-04 09:50:45,395.75,2009572
2021-06-04 09:50:46,395.7,2009693
2021-06-04 09:50:47,395.7,2009909
2021-06-04 09:50:48,395.65,2009939
2021-06-04 09:50:49,395.7,2009957
2021-06-04 09:50:51,395.75,2010163
2021-06-04 09:50:51,395.75,2010283
2021-06-04 09:50:52,395.7,2010514
2021-06-04 09:50:53,395.7,2015243
2021-06-04 09:50:54,395.9,2015766
2021-06-04 09:50:56,395.7,2015836
2021-06-04 09:50:56,395.7,2015837
2021-06-04 09:50:57,395.85,2016430
2021-06-04 09:50:59,395.85,2016440
2021-06-04 09:51:00,395.45,2030695
2021-06-04 09:51:00,395.5,2032369
2021-06-04 09:51:01,395.5,2032429
2021-06-04 09:51:02,395.45,2033079
2021-06-04 09:51:03,395.3,2034636
2021-06-04 09:51:04,395.4,2034867
2021-06-04 09:51:06,395.3,2035022
2021-06-04 09:51:06,395.25,2037206
2021-06-04 09:51:07,395.55,2040274
2021-06-04 09:51:08,395.4,2040579
2021-06-04 09:51:10,395.45,2040700
2021-06-04 09:51:11,395.35,2045982
2021-06-04 09:51:11,395.15,2046399
2021-06-04 09:51:12,395.35,2046509
2021-06-04 09:51:13,395.55,2057059
2021-06-04 09:51:14,395.5,2057084
2021-06-04 09:51:15,395.5,2057199
2021-06-04 09:51:16,395.5,2057199
2021-06-04 09:51:17,395.5,2057209
2021-06-04 09:51:19,395.4,2057938
2021-06-04 09:51:20,395.4,2057938
2021-06-04 09:51:21,395.4,2058163
2021-06-04 09:51:22,395.4,2060319
2021-06-04 09:51:23,395.3,2061319
2021-06-04 09:51:24,395.45,2061465
2021-06-04 09:51:25,395.45,2061496
2021-06-04 09:51:26,395.4,2061698
2021-06-04 09:51:26,395.4,2061706
2021-06-04 09:51:27,395.4,2061706
2021-06-04 09:51:28,395.3,2061844
2021-06-04 09:51:29,395.5,2061951
2021-06-04 09:51:31,395.45,2064496
2021-06-04 09:51:32,395.3,2064549
2021-06-04 09:51:33,395.5,2065139
2021-06-04 09:51:34,395.5,2065209
2021-06-04 09:51:36,395.3,2066089
2021-06-04 09:51:37,395.4,2066249
2021-06-04 09:51:38,395.4,2067085
2021-06-04 09:51:39,395.4,2067094
2021-06-04 09:51:40,395.5,2068106
2021-06-04 09:51:40,395.7,2080036
2021-06-04 09:51:42,395.6,2081031
2021-06-04 09:51:42,395.6,2081031
2021-06-04 09:51:44,395.5,2081371
2021-06-04 09:51:44,395.5,2081371
2021-06-04 09:51:45,395.45,2082411
2021-06-04 09:51:46,395.3,2085061
2021-06-04 09:51:48,395.5,2086321
2021-06-04 09:51:49,395.35,2086340
2021-06-04 09:51:50,395.3,2153096
2021-06-04 09:51:52,395.25,2160612
2021-06-04 09:51:53,395.05,2161645
2021-06-04 09:51:54,394.9,2164861
2021-06-04 09:51:55,394.8,2168919
2021-06-04 09:51:56,394.95,2175074
2021-06-04 09:51:57,394.7,2175411
2021-06-04 09:51:58,394.7,2175436
2021-06-04 09:51:59,394.75,2176116
2021-06-04 09:52:02,394.75,2177077
2021-06-04 09:52:03,394.75,2177775
2021-06-04 09:52:05,394.7,2179145
2021-06-04 09:52:06,394.75,2179873
2021-06-04 09:52:07,394.6,2180666
2021-06-04 09:52:08,394.8,2181376
2021-06-04 09:52:09,394.75,2181591
2021-06-04 09:52:10,394.75,2182064
2021-06-04 09:52:12,394.6,2182432
2021-06-04 09:52:12,394.6,2182812
2021-06-04 09:52:13,394.6,2185357
2021-06-04 09:52:14,394.6,2185552
2021-06-04 09:52:15,394.6,2187446
2021-06-04 09:52:16,394.55,2188011
2021-06-04 09:52:17,394.75,2192118
2021-06-04 09:52:18,394.6,2192148
2021-06-04 09:52:19,394.75,2193226
2021-06-04 09:52:20,394.6,2193241
2021-06-04 09:52:21,394.6,2215143
2021-06-04 09:52:22,394.5,2215430
2021-06-04 09:52:23,394.4,2216006
2021-06-04 09:52:24,394.5,2216571
2021-06-04 09:52:25,394.35,2217421
2021-06-04 09:52:26,394.35,2217789
2021-06-04 09:52:27,394.35,2218725
2021-06-04 09:52:28,394.1,2227618
2021-06-04 09:52:29,394.1,2230603
2021-06-04 09:52:30,394.05,2231506
2021-06-04 09:52:31,394.15,2231991
2021-06-04 09:52:32,394.05,2232828
2021-06-04 09:52:33,394.35,2236293
2021-06-04 09:52:34,394.15,2236403
2021-06-04 09:52:35,394.2,2237227
2021-06-04 09:52:36,394.1,2238212
2021-06-04 09:52:37,394.3,2238362
2021-06-04 09:52:38,394.3,2238748
2021-06-04 09:52:40,394.3,2240491
2021-06-04 09:52:41,394.15,2240925
2021-06-04 09:52:42,394.35,2245126
2021-06-04 09:52:43,394.3,2246268
2021-06-04 09:52:44,394.3,2246380
2021-06-04 09:52:45,394.45,2246488
2021-06-04 09:52:46,394.4,2246678
2021-06-04 09:52:47,394.5,2247237
2021-06-04 09:52:48,394.5,2248070
2021-06-04 09:52:49,394.45,2248415
2021-06-04 09:52:50,394.35,2248817
2021-06-04 09:52:51,394.45,2254010
2021-06-04 09:52:52,394.4,2254030
2021-06-04 09:52:53,394.2,2255366
2021-06-04 09:52:54,394.2,2258319
2021-06-04 09:52:55,394.5,2260732
2021-06-04 09:52:56,394.45,2262046
2021-06-04 09:52:58,394.45,2262182
2021-06-04 09:52:59,394.45,2263302
2021-06-04 09:52:59,394.45,2263302
2021-06-04 09:53:00,394.4,2263947
2021-06-04 09:53:02,394.3,2267988
2021-06-04 09:53:04,394.25,2268433
2021-06-04 09:53:05,394.2,2270593
2021-06-04 09:53:06,394.25,2279674
2021-06-04 09:53:07,394.2,2284162
2021-06-04 09:53:07,394.2,2284162
2021-06-04 09:53:09,394.35,2284292
2021-06-04 09:53:10,394.3,2284380
2021-06-04 09:53:11,394.2,2284850
2021-06-04 09:53:11,394.25,2287075
2021-06-04 09:53:12,394.15,2287642
2021-06-04 09:53:14,394.2,2289312
2021-06-04 09:53:14,394.1,2292162
2021-06-04 09:53:15,394.25,2293052
2021-06-04 09:53:16,394.25,2293808
2021-06-04 09:53:18,394.25,2293930
2021-06-04 09:53:18,394.4,2295302
2021-06-04 09:53:19,394.25,2295750
2021-06-04 09:53:20,394.25,2295753
2021-06-04 09:53:21,394.2,2296807
2021-06-04 09:53:22,394.3,2297033
2021-06-04 09:53:23,394.3,2297158
2021-06-04 09:53:24,394.35,2297470
2021-06-04 09:53:25,394.3,2297490
2021-06-04 09:53:26,394.35,2297846
2021-06-04 09:53:27,394.35,2297873
2021-06-04 09:53:28,394.4,2298098
2021-06-04 09:53:29,394.4,2298549
2021-06-04 09:53:30,394.5,2298983
2021-06-04 09:53:31,394.5,2299435
2021-06-04 09:53:32,394.25,2303225
2021-06-04 09:53:33,394.45,2303599
2021-06-04 09:53:34,394.45,2303607
2021-06-04 09:53:35,394.5,2303978
2021-06-04 09:53:36,394.6,2307364
2021-06-04 09:53:37,394.4,2307799
2021-06-04 09:53:39,394.45,2308368
2021-06-04 09:53:40,394.4,2308572
2021-06-04 09:53:40,394.45,2308790
2021-06-04 09:53:42,394.25,2311683
2021-06-04 09:53:43,394.25,2311943
2021-06-04 09:53:45,394.5,2313199
2021-06-04 09:53:45,394.5,2313479
2021-06-04 09:53:46,394.45,2313682
2021-06-04 09:53:47,394.5,2314048
2021-06-04 09:53:48,394.45,2314120
2021-06-04 09:53:49,394.4,2314457
2021-06-04 09:53:50,394.45,2314494
2021-06-04 09:53:52,394.7,2320795
2021-06-04 09:53:53,394.5,2320891
2021-06-04 09:53:54,394.5,2320896
2021-06-04 09:53:55,394.7,2321616
2021-06-04 09:53:56,394.55,2322393
2021-06-04 09:53:57,394.6,2324250
2021-06-04 09:53:58,394.45,2325210
2021-06-04 09:53:59,394.35,2326505
2021-06-04 09:54:00,394.55,2326631
2021-06-04 09:54:01,394.5,2326731
2021-06-04 09:54:02,394.45,2327237
2021-06-04 09:54:03,394.35,2327238
2021-06-04 09:54:04,394.4,2329076
2021-06-04 09:54:06,394.3,2329289
2021-06-04 09:54:07,394.35,2329444
2021-06-04 09:54:07,394.5,2329669
2021-06-04 09:54:08,394.4,2329859
2021-06-04 09:54:09,394.5,2330044
2021-06-04 09:54:10,394.5,2330586
2021-06-04 09:54:11,394.35,2330725
2021-06-04 09:54:12,394.35,2330879
2021-06-04 09:54:14,394.35,2333110
2021-06-04 09:54:14,394.35,2334501
2021-06-04 09:54:15,394.55,2339577
2021-06-04 09:54:16,394.3,2351932
2021-06-04 09:54:17,394.2,2352078
2021-06-04 09:54:18,394.1,2352288
2021-06-04 09:54:19,394.15,2353109
2021-06-04 09:54:21,394.1,2354445
2021-06-04 09:54:22,394.1,2354930
2021-06-04 09:54:23,394.1,2355380
2021-06-04 09:54:24,394.1,2355451
2021-06-04 09:54:25,394.05,2355907
2021-06-04 09:54:26,394.15,2356458
2021-06-04 09:54:27,394.25,2357061
2021-06-04 09:54:29,394.2,2357126
2021-06-04 09:54:30,394.2,2357272
2021-06-04 09:54:30,394.2,2357823
2021-06-04 09:54:31,394.35,2357882
2021-06-04 09:54:33,394.25,2357893
2021-06-04 09:54:34,394.2,2358437
2021-06-04 09:54:35,394.35,2358662
2021-06-04 09:54:37,394.4,2359361
2021-06-04 09:54:37,394.35,2359634
2021-06-04 09:54:38,394.35,2359825
2021-06-04 09:54:39,394.35,2359856
2021-06-04 09:54:41,394.3,2359943
2021-06-04 09:54:42,394.45,2360654
2021-06-04 09:54:43,394.45,2360754
2021-06-04 09:54:44,394.3,2361272
2021-06-04 09:54:45,394.3,2361272
2021-06-04 09:54:46,394.35,2361277
2021-06-04 09:54:47,394.3,2361278
2021-06-04 09:54:48,394.45,2362787
2021-06-04 09:54:49,394.45,2363015
2021-06-04 09:54:49,394.45,2363007
2021-06-04 09:54:50,394.5,2363291
2021-06-04 09:54:51,394.55,2364696
2021-06-04 09:54:52,394.6,2365997
2021-06-04 09:54:53,394.55,2366097
2021-06-04 09:54:54,394.45,2366242
2021-06-04 09:54:55,394.5,2366365
2021-06-04 09:54:56,394.5,2366475
2021-06-04 09:54:57,394.45,2367763
2021-06-04 09:54:58,394.35,2367954
2021-06-04 09:54:59,394.4,2368062
2021-06-04 09:55:00,394.3,2370997
2021-06-04 09:55:02,394.1,2380157
2021-06-04 09:55:03,394.1,2381408
2021-06-04 09:55:04,394.1,2381610
2021-06-04 09:55:04,394.1,2381610
2021-06-04 09:55:05,394.1,2381985
2021-06-04 09:55:06,394.1,2382322
2021-06-04 09:55:07,394.1,2382835
2021-06-04 09:55:08,394.3,2383972
2021-06-04 09:55:10,394.2,2384100
2021-06-04 09:55:10,394.2,2384107
2021-06-04 09:55:11,394.1,2384357
2021-06-04 09:55:12,394.25,2384483
2021-06-04 09:55:13,394.2,2385741
2021-06-04 09:55:14,394.15,2385815
2021-06-04 09:55:15,394.15,2385836
2021-06-04 09:55:16,394.25,2386792
2021-06-04 09:55:17,394.25,2387142
2021-06-04 09:55:19,394.2,2389442
2021-06-04 09:55:20,394.1,2389662
2021-06-04 09:55:20,394.15,2390103
2021-06-04 09:55:21,394.15,2390150
2021-06-04 09:55:22,394.15,2390206
2021-06-04 09:55:23,394.15,2390311
2021-06-04 09:55:25,394.25,2390377
2021-06-04 09:55:26,394.2,2390650
2021-06-04 09:55:27,394.25,2390656
2021-06-04 09:55:28,394.25,2390767
2021-06-04 09:55:29,394.25,2390767
2021-06-04 09:55:30,394.25,2390767
2021-06-04 09:55:31,394.15,2391077
2021-06-04 09:55:32,394.2,2391255
2021-06-04 09:55:33,394.25,2391670
2021-06-04 09:55:34,394.25,2391985
2021-06-04 09:55:35,394.3,2393958
2021-06-04 09:55:36,394.25,2394426
2021-06-04 09:55:37,394.25,2394426
2021-06-04 09:55:38,394.4,2395335
2021-06-04 09:55:39,394.25,2395450
2021-06-04 09:55:41,394.25,2395755
2021-06-04 09:55:41,394.25,2395857
2021-06-04 09:55:44,394.3,2396259
2021-06-04 09:55:44,394.4,2396559
2021-06-04 09:55:45,394.25,2396660
2021-06-04 09:55:46,394.25,2396925
2021-06-04 09:55:47,394.3,2396951
2021-06-04 09:55:48,394.35,2397020
2021-06-04 09:55:49,394.35,2398375
2021-06-04 09:55:50,394.4,2398500
2021-06-04 09:55:51,394.3,2398667
2021-06-04 09:55:53,394.25,2407538
2021-06-04 09:55:54,394.2,2408058
2021-06-04 09:55:55,394.1,2408170
2021-06-04 09:55:55,394.15,2408176
2021-06-04 09:55:56,394.15,2408184
2021-06-04 09:55:57,394.15,2408195
2021-06-04 09:55:58,394.1,2408376
2021-06-04 09:55:59,394.2,2409429
2021-06-04 09:56:00,394.2,2410007
2021-06-04 09:56:01,394.15,2410129
2021-06-04 09:56:02,394.15,2411260
2021-06-04 09:56:03,394.1,2411295
2021-06-04 09:56:04,394.1,2411483
2021-06-04 09:56:05,394.05,2473632
2021-06-04 09:56:06,394.0,2474271
2021-06-04 09:56:07,393.9,2475785
2021-06-04 09:56:08,393.95,2476034
2021-06-04 09:56:09,394.05,2484116
2021-06-04 09:56:10,394.05,2487551
2021-06-04 09:56:11,394.2,2488473
2021-06-04 09:56:13,394.0,2491805
2021-06-04 09:56:14,394.0,2491820
2021-06-04 09:56:15,394.05,2491851
2021-06-04 09:56:16,394.0,2492295
2021-06-04 09:56:17,394.05,2493143
2021-06-04 09:56:18,394.1,2493618
2021-06-04 09:56:19,393.9,2493902
2021-06-04 09:56:20,394.05,2494203
2021-06-04 09:56:20,394.05,2494203
2021-06-04 09:56:21,393.95,2494352
2021-06-04 09:56:22,394.0,2495050
2021-06-04 09:56:23,393.9,2496135
2021-06-04 09:56:24,394.0,2496247
2021-06-04 09:56:26,393.8,2498224
2021-06-04 09:56:27,393.95,2498284
2021-06-04 09:56:27,393.95,2499058
2021-06-04 09:56:28,393.9,2499305
2021-06-04 09:56:29,393.95,2499521
2021-06-04 09:56:31,394.05,2500663
2021-06-04 09:56:32,393.9,2500690
2021-06-04 09:56:32,393.95,2501575
2021-06-04 09:56:34,394.1,2501858
2021-06-04 09:56:34,394.1,2501858
2021-06-04 09:56:36,394.0,2502290
2021-06-04 09:56:36,394.0,2502423
2021-06-04 09:56:38,393.95,2502541
2021-06-04 09:56:38,394.0,2503464
2021-06-04 09:56:39,394.0,2504069
2021-06-04 09:56:41,393.8,2504826
2021-06-04 09:56:41,393.85,2504956
2021-06-04 09:56:42,393.95,2505166
2021-06-04 09:56:43,393.95,2505166
2021-06-04 09:56:45,394.0,2506471
2021-06-04 09:56:46,393.95,2510772
2021-06-04 09:56:47,393.95,2511141
2021-06-04 09:56:48,394.0,2511601
2021-06-04 09:56:49,393.9,2512351
2021-06-04 09:56:50,393.85,2512775
2021-06-04 09:56:50,393.9,2512872
2021-06-04 09:56:51,393.95,2513121
2021-06-04 09:56:52,393.75,2519921
2021-06-04 09:56:54,393.75,2520729
2021-06-04 09:56:55,393.8,2520791
2021-06-04 09:56:56,393.8,2522320
2021-06-04 09:56:57,393.75,2522645
2021-06-04 09:56:58,393.75,2522876
2021-06-04 09:56:59,393.7,2524016
2021-06-04 09:56:59,393.7,2524016
2021-06-04 09:57:00,393.75,2524321
2021-06-04 09:57:02,393.8,2524665
2021-06-04 09:57:04,393.65,2525420
2021-06-04 09:57:05,393.8,2525620
2021-06-04 09:57:06,393.75,2525840
2021-06-04 09:57:07,393.6,2527658
2021-06-04 09:57:08,393.6,2527678
2021-06-04 09:57:09,393.6,2527851
2021-06-04 09:57:10,393.8,2530118
2021-06-04 09:57:11,393.8,2531180
2021-06-04 09:57:12,393.65,2533689
2021-06-04 09:57:13,393.7,2533778
2021-06-04 09:57:13,393.65,2533759
2021-06-04 09:57:15,393.7,2533996
2021-06-04 09:57:16,393.65,2534025
2021-06-04 09:57:17,393.65,2534229
2021-06-04 09:57:18,393.75,2534577
2021-06-04 09:57:19,393.75,2535576
2021-06-04 09:57:21,393.6,2535905
2021-06-04 09:57:20,393.6,2535898
2021-06-04 09:57:23,393.6,2536090
2021-06-04 09:57:24,393.7,2537143
2021-06-04 09:57:25,393.65,2537816
2021-06-04 09:57:26,393.65,2537896
2021-06-04 09:57:27,393.65,2537909
2021-06-04 09:57:28,393.7,2537970
2021-06-04 09:57:29,393.6,2539197
2021-06-04 09:57:30,393.6,2539333
2021-06-04 09:57:31,393.6,2539676
2021-06-04 09:57:32,393.7,2539749
2021-06-04 09:57:33,393.65,2539756
2021-06-04 09:57:34,393.6,2539866
2021-06-04 09:57:35,393.7,2541048
2021-06-04 09:57:36,393.75,2541825
2021-06-04 09:57:37,393.7,2542047
2021-06-04 09:57:38,393.75,2542072
2021-06-04 09:57:40,393.75,2544080
2021-06-04 09:57:41,393.75,2544184
2021-06-04 09:57:42,393.75,2544223
2021-06-04 09:57:43,393.7,2544384
2021-06-04 09:57:44,393.75,2544756
2021-06-04 09:57:45,393.7,2544776
2021-06-04 09:57:46,393.75,2545028
2021-06-04 09:57:47,393.7,2545038
2021-06-04 09:57:48,393.75,2545166
2021-06-04 09:57:49,393.75,2545190
2021-06-04 09:57:50,393.65,2554101
2021-06-04 09:57:51,393.65,2554101
2021-06-04 09:57:52,393.6,2555860
2021-06-04 09:57:53,393.75,2556673
2021-06-04 09:57:54,393.65,2558084
2021-06-04 09:57:55,393.7,2558087
2021-06-04 09:57:56,393.7,2558334
2021-06-04 09:57:57,393.65,2558452
2021-06-04 09:57:58,393.65,2558459
2021-06-04 09:57:59,393.75,2558672
2021-06-04 09:58:00,393.8,2559835
2021-06-04 09:58:01,393.75,2560357
2021-06-04 09:58:02,393.8,2560657
2021-06-04 09:58:03,393.7,2561311
2021-06-04 09:58:04,393.7,2562618
2021-06-04 09:58:05,393.8,2563302
2021-06-04 09:58:06,393.75,2563307
2021-06-04 09:58:07,393.7,2563376
2021-06-04 09:58:08,393.7,2563730
2021-06-04 09:58:09,393.7,2566039
2021-06-04 09:58:10,393.65,2566202
2021-06-04 09:58:11,393.65,2566263
2021-06-04 09:58:12,393.7,2566560
2021-06-04 09:58:13,393.7,2566940
2021-06-04 09:58:14,393.65,2567251
2021-06-04 09:58:15,393.55,2568550
2021-06-04 09:58:17,393.6,2568691
2021-06-04 09:58:16,393.65,2568686
2021-06-04 09:58:18,393.55,2570011
2021-06-04 09:58:19,393.75,2570268
2021-06-04 09:58:20,393.75,2571126
2021-06-04 09:58:21,393.55,2571210
2021-06-04 09:58:22,393.55,2571210
2021-06-04 09:58:23,393.8,2571597
2021-06-04 09:58:24,393.6,2572137
2021-06-04 09:58:25,393.65,2572533
2021-06-04 09:58:26,393.7,2573088
2021-06-04 09:58:27,393.65,2573098
2021-06-04 09:58:28,393.7,2573411
2021-06-04 09:58:29,393.7,2573411
2021-06-04 09:58:30,393.6,2573629
2021-06-04 09:58:32,393.7,2574585
2021-06-04 09:58:34,393.65,2574696
2021-06-04 09:58:35,393.65,2576086
2021-06-04 09:58:36,393.65,2576190
2021-06-04 09:58:37,393.65,2576244
2021-06-04 09:58:38,393.7,2576567
2021-06-04 09:58:39,393.7,2577151
2021-06-04 09:58:40,393.75,2579522
2021-06-04 09:58:42,393.65,2579668
2021-06-04 09:58:41,393.7,2579658
2021-06-04 09:58:43,393.6,2583670
2021-06-04 09:58:44,393.7,2583745
2021-06-04 09:58:45,393.7,2583816
2021-06-04 09:58:46,393.65,2584258
2021-06-04 09:58:47,393.75,2584273
2021-06-04 09:58:48,393.7,2584355
2021-06-04 09:58:49,393.7,2584361
2021-06-04 09:58:50,393.7,2584526
2021-06-04 09:58:51,393.8,2584598
2021-06-04 09:58:52,393.75,2584600
2021-06-04 09:58:53,393.65,2584747
2021-06-04 09:58:54,393.8,2584989
2021-06-04 09:58:56,393.65,2585402
2021-06-04 09:58:55,393.65,2585402
2021-06-04 09:58:57,393.6,2587559
2021-06-04 09:58:58,393.7,2588799
2021-06-04 09:58:59,393.8,2589167
2021-06-04 09:59:00,393.75,2589182
2021-06-04 09:59:01,393.7,2589812
2021-06-04 09:59:02,393.75,2589842
2021-06-04 09:59:03,393.75,2589845
2021-06-04 09:59:04,393.7,2589891
2021-06-04 09:59:05,393.7,2589965
2021-06-04 09:59:06,393.7,2589971
2021-06-04 09:59:08,393.8,2590280
2021-06-04 09:59:09,393.8,2590414
2021-06-04 09:59:10,393.75,2590471
2021-06-04 09:59:11,393.75,2590484
2021-06-04 09:59:12,393.75,2590485
2021-06-04 09:59:13,393.75,2590948
2021-06-04 09:59:14,393.75,2591150
2021-06-04 09:59:15,393.75,2591417
2021-06-04 09:59:16,393.75,2591528
2021-06-04 09:59:17,393.8,2591560
2021-06-04 09:59:18,393.75,2599274
2021-06-04 09:59:19,393.7,2599297
2021-06-04 09:59:20,393.65,2599727
2021-06-04 09:59:21,393.65,2599857
2021-06-04 09:59:22,393.6,2600153
2021-06-04 09:59:23,393.7,2600459
2021-06-04 09:59:24,393.8,2601383
2021-06-04 09:59:25,393.7,2601502
2021-06-04 09:59:27,393.8,2601631
2021-06-04 09:59:28,393.8,2601664
2021-06-04 09:59:29,393.8,2602272
2021-06-04 09:59:32,393.7,2602504
2021-06-04 09:59:32,393.7,2602512
2021-06-04 09:59:33,393.8,2602715
2021-06-04 09:59:34,393.7,2602865
2021-06-04 09:59:35,393.7,2603339
2021-06-04 09:59:37,393.75,2603374
2021-06-04 09:59:37,393.75,2603374
2021-06-04 09:59:38,393.8,2603880
2021-06-04 09:59:39,393.75,2604063
2021-06-04 09:59:40,393.8,2605076
2021-06-04 09:59:42,393.8,2605164
2021-06-04 09:59:42,393.75,2605165
2021-06-04 09:59:43,393.85,2620733
2021-06-04 09:59:44,393.95,2620736
2021-06-04 09:59:46,394.0,2623414
2021-06-04 09:59:48,394.0,2625254
2021-06-04 09:59:50,393.95,2625537
2021-06-04 09:59:51,394.1,2627753
2021-06-04 09:59:53,394.1,2627968
2021-06-04 09:59:54,394.05,2628208
2021-06-04 09:59:54,394.05,2628225
2021-06-04 09:59:55,394.1,2628441
2021-06-04 09:59:56,394.1,2628472
2021-06-04 09:59:57,394.15,2629195
2021-06-04 09:59:59,394.1,2629588
2021-06-04 09:59:59,394.05,2629673
2021-06-04 10:00:00,394.15,2629848
2021-06-04 10:00:01,394.1,2630080
2021-06-04 10:00:02,394.15,2630216
2021-06-04 10:00:04,394.15,2630811
2021-06-04 10:00:04,394.15,2630811
2021-06-04 10:00:05,394.05,2632322
2021-06-04 10:00:06,394.15,2632879
2021-06-04 10:00:07,394.1,2633463
2021-06-04 10:00:08,394.1,2634566
2021-06-04 10:00:10,394.1,2635349
2021-06-04 10:00:11,394.1,2635380
2021-06-04 10:00:12,394.05,2635575
2021-06-04 10:00:13,394.1,2635789
2021-06-04 10:00:14,394.15,2636429
2021-06-04 10:00:15,394.15,2637037
2021-06-04 10:00:17,394.15,2637282
2021-06-04 10:00:17,394.1,2637442
2021-06-04 10:00:18,394.1,2637765
2021-06-04 10:00:19,394.1,2639584
2021-06-04 10:00:20,394.3,2640138
2021-06-04 10:00:21,394.3,2640990
2021-06-04 10:00:25,394.6,2648732
2021-06-04 10:00:27,394.8,2649562
2021-06-04 10:00:27,394.8,2649577
2021-06-04 10:00:28,394.75,2649582
2021-06-04 10:00:29,394.8,2649912
2021-06-04 10:00:30,394.85,2650178
2021-06-04 10:00:31,394.35,2655761
2021-06-04 10:00:32,394.55,2658711
2021-06-04 10:00:34,394.55,2659303
2021-06-04 10:00:34,394.55,2659303
2021-06-04 10:00:35,394.4,2659827
2021-06-04 10:00:36,394.3,2660297
2021-06-04 10:00:37,394.25,2661117
2021-06-04 10:00:38,394.25,2661722
2021-06-04 10:00:40,394.6,2662364
2021-06-04 10:00:43,394.4,2664057
2021-06-04 10:00:44,394.45,2664860
2021-06-04 10:00:45,394.2,2678081
2021-06-04 10:00:46,394.15,2678289
2021-06-04 10:00:48,394.1,2678432
2021-06-04 10:00:48,394.05,2678442
2021-06-04 10:00:49,394.05,2679832
2021-06-04 10:00:50,394.2,2680571
2021-06-04 10:00:51,394.2,2680643
2021-06-04 10:00:52,394.05,2680693
2021-06-04 10:00:53,394.1,2680725
2021-06-04 10:00:55,394.15,2681031
2021-06-04 10:00:55,394.15,2681031
2021-06-04 10:00:56,394.05,2681698
2021-06-04 10:00:57,394.05,2682617
2021-06-04 10:00:58,394.05,2686169
2021-06-04 10:01:00,394.05,2686900
2021-06-04 10:01:01,393.95,2706400
2021-06-04 10:01:02,393.9,2706660
2021-06-04 10:01:03,393.85,2708011
2021-06-04 10:01:04,393.9,2709048
2021-06-04 10:01:05,393.8,2719270
2021-06-04 10:01:07,393.7,2720271
2021-06-04 10:01:07,393.7,2720271
2021-06-04 10:01:08,393.6,2721234
2021-06-04 10:01:09,393.7,2721500
2021-06-04 10:01:10,393.7,2721707
2021-06-04 10:01:11,393.65,2723243
2021-06-04 10:01:12,393.65,2723415
2021-06-04 10:01:13,393.75,2724025
2021-06-04 10:01:14,393.75,2726489
2021-06-04 10:01:15,393.75,2726702
2021-06-04 10:01:17,393.7,2727212
2021-06-04 10:01:17,393.7,2727341
2021-06-04 10:01:19,393.65,2727478
2021-06-04 10:01:19,393.75,2727614
2021-06-04 10:01:20,393.75,2727699
2021-06-04 10:01:21,393.65,2728022
2021-06-04 10:01:25,393.8,2730160
2021-06-04 10:01:26,393.75,2730215
2021-06-04 10:01:28,393.75,2730294
2021-06-04 10:01:28,393.7,2730440
2021-06-04 10:01:29,393.65,2730451
2021-06-04 10:01:30,393.75,2730621
2021-06-04 10:01:31,393.75,2730692
2021-06-04 10:01:33,393.7,2730714
2021-06-04 10:01:34,393.65,2731196
2021-06-04 10:01:34,393.8,2731996
2021-06-04 10:01:35,393.8,2731996
2021-06-04 10:01:38,393.8,2732379
2021-06-04 10:01:40,393.75,2732875
2021-06-04 10:01:41,393.75,2733230
2021-06-04 10:01:42,393.7,2739350
2021-06-04 10:01:42,393.7,2739350
2021-06-04 10:01:43,393.8,2739351
2021-06-04 10:01:45,393.7,2739436
2021-06-04 10:01:46,393.7,2740148
2021-06-04 10:01:47,393.65,2740881
2021-06-04 10:01:48,393.95,2741153
2021-06-04 10:01:49,393.7,2746593
2021-06-04 10:01:50,393.85,2746926
2021-06-04 10:01:51,393.85,2746996
2021-06-04 10:01:52,393.75,2747693
2021-06-04 10:01:53,393.95,2748695
2021-06-04 10:01:54,393.65,2756721
2021-06-04 10:01:55,393.4,2824351
2021-06-04 10:01:56,393.25,2826116
2021-06-04 10:01:57,393.3,2826742
2021-06-04 10:01:58,393.2,2826952
2021-06-04 10:01:59,393.25,2831703
2021-06-04 10:02:00,393.15,2832785
2021-06-04 10:02:01,393.1,2833310
2021-06-04 10:02:02,393.05,2836259
2021-06-04 10:02:03,393.1,2842406
2021-06-04 10:02:04,393.0,2843683
2021-06-04 10:02:05,393.0,2844517
2021-06-04 10:02:06,393.1,2846540
2021-06-04 10:02:07,393.0,2846992
2021-06-04 10:02:08,393.0,2847827
2021-06-04 10:02:09,393.2,2848274
2021-06-04 10:02:10,393.15,2848639
2021-06-04 10:02:11,393.3,2849072
2021-06-04 10:02:12,393.35,2849702
2021-06-04 10:02:13,393.3,2849854
2021-06-04 10:02:14,393.4,2850284
2021-06-04 10:02:15,393.5,2851190
2021-06-04 10:02:16,393.5,2853591
2021-06-04 10:02:17,393.55,2855590
2021-06-04 10:02:18,393.4,2856885
2021-06-04 10:02:20,393.4,2857987
2021-06-04 10:02:22,393.45,2858139
2021-06-04 10:02:23,393.65,2859889
2021-06-04 10:02:24,393.65,2860267
2021-06-04 10:02:25,393.65,2860552
2021-06-04 10:02:25,393.6,2860750
2021-06-04 10:02:26,393.7,2860783
2021-06-04 10:02:27,393.6,2860933
2021-06-04 10:02:28,393.7,2861269
2021-06-04 10:02:29,393.7,2861294
2021-06-04 10:02:30,393.65,2862239
2021-06-04 10:02:31,393.7,2862296
2021-06-04 10:02:32,393.8,2862663
2021-06-04 10:02:33,393.65,2862681
2021-06-04 10:02:34,393.9,2862873
2021-06-04 10:02:35,393.7,2863084
2021-06-04 10:02:36,393.85,2863409
2021-06-04 10:02:37,393.8,2863448
2021-06-04 10:02:38,393.8,2863481
2021-06-04 10:02:39,393.75,2863993
2021-06-04 10:02:40,393.8,2864195
2021-06-04 10:02:41,393.7,2864295
2021-06-04 10:02:43,393.8,2864316
2021-06-04 10:02:43,393.8,2864366
2021-06-04 10:02:44,393.7,2864500
2021-06-04 10:02:45,393.7,2864510
2021-06-04 10:02:46,393.75,2864527
2021-06-04 10:02:47,393.8,2864545
2021-06-04 10:02:48,393.75,2864547
2021-06-04 10:02:49,393.8,2865091
2021-06-04 10:02:50,393.8,2865576
2021-06-04 10:02:51,393.75,2865798
2021-06-04 10:02:52,393.65,2866258
2021-06-04 10:02:53,393.6,2866458
2021-06-04 10:02:54,393.7,2866538
2021-06-04 10:02:55,393.7,2866756
2021-06-04 10:02:56,393.7,2867073
2021-06-04 10:02:57,393.65,2867098
2021-06-04 10:02:59,393.6,2867147
2021-06-04 10:03:00,393.75,2867370
2021-06-04 10:03:01,393.65,2867376
2021-06-04 10:03:01,393.65,2867401
2021-06-04 10:03:02,393.65,2867647
2021-06-04 10:03:03,393.75,2867727
2021-06-04 10:03:04,393.6,2871833
2021-06-04 10:03:05,393.45,2892129
2021-06-04 10:03:06,393.2,2892874
2021-06-04 10:03:07,393.15,2893074
2021-06-04 10:03:08,393.15,2898316
2021-06-04 10:03:09,393.1,2898321
2021-06-04 10:03:10,393.1,2900945
2021-06-04 10:03:11,393.4,2902794
2021-06-04 10:03:12,393.4,2904070
2021-06-04 10:03:13,393.4,2904396
2021-06-04 10:03:14,393.35,2904658
2021-06-04 10:03:15,393.3,2905736
2021-06-04 10:03:16,393.35,2905825
2021-06-04 10:03:17,393.35,2906347
2021-06-04 10:03:18,393.35,2906382
2021-06-04 10:03:19,393.35,2906382
2021-06-04 10:03:20,393.35,2906445
2021-06-04 10:03:21,393.35,2906550
2021-06-04 10:03:22,393.2,2906603
2021-06-04 10:03:23,393.3,2906832
2021-06-04 10:03:24,393.35,2906961
2021-06-04 10:03:25,393.3,2907010
2021-06-04 10:03:26,393.3,2907234
2021-06-04 10:03:28,393.3,2907470
2021-06-04 10:03:29,393.35,2907494
2021-06-04 10:03:30,393.3,2907581
2021-06-04 10:03:31,393.3,2907613
2021-06-04 10:03:32,393.6,2908660
2021-06-04 10:03:33,393.35,2908865
2021-06-04 10:03:34,393.45,2909153
2021-06-04 10:03:35,393.55,2909156
2021-06-04 10:03:36,393.55,2909166
2021-06-04 10:03:37,393.5,2909170
2021-06-04 10:03:39,393.6,2909393
2021-06-04 10:03:40,393.55,2909407
2021-06-04 10:03:41,393.5,2909408
2021-06-04 10:03:42,393.5,2909408
2021-06-04 10:03:43,393.6,2909569
2021-06-04 10:03:44,393.6,2909569
2021-06-04 10:03:45,393.45,2911366
2021-06-04 10:03:46,393.5,2911711
2021-06-04 10:03:47,393.45,2911733
2021-06-04 10:03:48,393.5,2911742
2021-06-04 10:03:49,393.45,2912390
2021-06-04 10:03:50,393.5,2912462
2021-06-04 10:03:51,393.45,2912614
2021-06-04 10:03:52,393.5,2913773
2021-06-04 10:03:54,393.45,2913982
2021-06-04 10:03:54,393.5,2913993
2021-06-04 10:03:55,393.3,2917553
2021-06-04 10:03:57,393.35,2917895
2021-06-04 10:03:58,393.4,2918252
2021-06-04 10:03:59,393.3,2918313
2021-06-04 10:04:00,393.35,2918611
2021-06-04 10:04:00,393.3,2920634
2021-06-04 10:04:01,393.35,2920704
2021-06-04 10:04:02,393.3,2920904
2021-06-04 10:04:03,393.3,2923197
2021-06-04 10:04:05,393.5,2926515
2021-06-04 10:04:06,393.3,2927725
2021-06-04 10:04:07,393.5,2927825
2021-06-04 10:04:08,393.45,2928128
2021-06-04 10:04:09,393.45,2928503
2021-06-04 10:04:10,393.5,2928965
2021-06-04 10:04:11,393.45,2929059
2021-06-04 10:04:12,393.45,2929062
2021-06-04 10:04:13,393.45,2929062
2021-06-04 10:04:14,393.65,2930572
2021-06-04 10:04:15,393.65,2930572
2021-06-04 10:04:16,393.45,2930641
2021-06-04 10:04:17,393.5,2930648
2021-06-04 10:04:18,393.5,2930693
2021-06-04 10:04:19,393.45,2930767
2021-06-04 10:04:20,393.5,2930846
2021-06-04 10:04:21,393.65,2930946
2021-06-04 10:04:22,393.65,2931208
2021-06-04 10:04:23,393.45,2932418
2021-06-04 10:04:24,393.7,2933423
2021-06-04 10:04:25,393.65,2933424
2021-06-04 10:04:26,393.6,2934928
2021-06-04 10:04:28,393.8,2936379
2021-06-04 10:04:29,393.65,2936382
2021-06-04 10:04:29,393.65,2936382
2021-06-04 10:04:31,393.65,2937090
2021-06-04 10:04:32,393.7,2937210
2021-06-04 10:04:33,393.8,2937550
2021-06-04 10:04:33,393.8,2937742
2021-06-04 10:04:34,393.8,2937742
2021-06-04 10:04:35,393.8,2937742
2021-06-04 10:04:36,393.7,2937992
2021-06-04 10:04:37,393.9,2938681
2021-06-04 10:04:38,393.9,2938834
2021-06-04 10:04:39,393.95,2939839
2021-06-04 10:04:40,393.75,2939861
2021-06-04 10:04:41,393.8,2939933
2021-06-04 10:04:42,393.8,2939953
2021-06-04 10:04:43,393.8,2941456
2021-06-04 10:04:44,393.8,2941711
2021-06-04 10:04:45,394.0,2942314
2021-06-04 10:04:46,393.95,2943564
2021-06-04 10:04:47,393.85,2943884
2021-06-04 10:04:48,394.05,2943995
2021-06-04 10:04:49,393.85,2944095
2021-06-04 10:04:50,393.85,2944095
2021-06-04 10:04:51,393.95,2944577
2021-06-04 10:04:52,393.85,2944617
2021-06-04 10:04:53,393.9,2944648
2021-06-04 10:04:54,394.0,2944788
2021-06-04 10:04:56,394.0,2944897
2021-06-04 10:04:56,394.0,2944917
2021-06-04 10:04:57,394.0,2944917
2021-06-04 10:04:58,394.0,2945017
2021-06-04 10:04:59,394.0,2945395
2021-06-04 10:05:00,394.0,2945395
2021-06-04 10:05:01,393.9,2945529
2021-06-04 10:05:02,393.95,2945709
2021-06-04 10:05:03,394.0,2946019
2021-06-04 10:05:04,393.95,2946133
2021-06-04 10:05:05,394.0,2946430
2021-06-04 10:05:06,394.0,2946454
2021-06-04 10:05:07,394.0,2947529
2021-06-04 10:05:08,394.2,2949892
2021-06-04 10:05:09,394.2,2949892
2021-06-04 10:05:10,394.2,2950140
2021-06-04 10:05:11,394.1,2950320
2021-06-04 10:05:12,394.2,2950404
2021-06-04 10:05:13,394.2,2950638
2021-06-04 10:05:14,394.2,2951233
2021-06-04 10:05:15,394.15,2951255
2021-06-04 10:05:16,394.4,2954720
2021-06-04 10:05:17,394.35,2954722
2021-06-04 10:05:18,394.45,2959612
2021-06-04 10:05:19,394.45,2959698
2021-06-04 10:05:20,394.4,2960419
2021-06-04 10:05:21,394.65,2963978
2021-06-04 10:05:22,394.5,2964844
2021-06-04 10:05:23,394.5,2964994
2021-06-04 10:05:24,394.55,2965628
2021-06-04 10:05:25,394.6,2965827
2021-06-04 10:05:26,394.5,2967513
2021-06-04 10:05:27,394.65,2968138
2021-06-04 10:05:28,394.7,2969139
2021-06-04 10:05:29,394.75,2970735
2021-06-04 10:05:31,394.75,2971325
2021-06-04 10:05:31,394.75,2971325
2021-06-04 10:05:32,394.6,2971565
2021-06-04 10:05:33,394.6,2971588
2021-06-04 10:05:34,394.7,2972411
2021-06-04 10:05:35,394.7,2972592
2021-06-04 10:05:36,394.7,2973017
2021-06-04 10:05:37,394.7,2973665
2021-06-04 10:05:38,394.7,2975473
2021-06-04 10:05:39,394.75,2975488
2021-06-04 10:05:40,394.75,2976224
2021-06-04 10:05:42,394.7,2978407
2021-06-04 10:05:42,394.65,2978507
2021-06-04 10:05:43,394.75,2978839
2021-06-04 10:05:45,394.7,2979070
2021-06-04 10:05:46,394.6,2981115
2021-06-04 10:05:46,394.65,2981150
2021-06-04 10:05:47,394.7,2981297
2021-06-04 10:05:48,394.7,2981737
2021-06-04 10:05:49,394.7,2982557
2021-06-04 10:05:50,394.75,2984832
2021-06-04 10:05:51,394.7,2986198
2021-06-04 10:05:52,394.7,2986501
2021-06-04 10:05:53,394.7,2986757
2021-06-04 10:05:55,394.5,2986960
2021-06-04 10:05:56,394.55,2986986
2021-06-04 10:05:57,394.7,2987146
2021-06-04 10:05:57,394.7,2987246
2021-06-04 10:05:58,394.5,2987302
2021-06-04 10:05:59,394.65,2989915
2021-06-04 10:06:00,394.55,2996084
2021-06-04 10:06:01,394.55,2996764
2021-06-04 10:06:02,394.5,2997420
2021-06-04 10:06:03,394.55,2997762
2021-06-04 10:06:04,394.5,2998893
2021-06-04 10:06:05,394.6,3000461
2021-06-04 10:06:06,394.55,3000481
2021-06-04 10:06:07,394.5,3000681
2021-06-04 10:06:08,394.45,3000692
2021-06-04 10:06:10,394.45,3003085
2021-06-04 10:06:10,394.4,3003136
2021-06-04 10:06:12,394.25,3007196
2021-06-04 10:06:12,394.25,3007416
2021-06-04 10:06:13,394.25,3007744
2021-06-04 10:06:14,394.35,3008617
2021-06-04 10:06:15,394.35,3011849
2021-06-04 10:06:16,394.35,3013401
2021-06-04 10:06:18,394.3,3013478
2021-06-04 10:06:19,394.5,3016201
2021-06-04 10:06:20,394.6,3016954
2021-06-04 10:06:21,394.6,3016954
2021-06-04 10:06:22,394.55,3017339
2021-06-04 10:06:23,394.45,3017419
2021-06-04 10:06:23,394.45,3017419
2021-06-04 10:06:25,394.6,3017732
2021-06-04 10:06:26,394.75,3019820
2021-06-04 10:06:27,394.6,3021167
2021-06-04 10:06:28,394.6,3027600
2021-06-04 10:06:28,394.7,3027648
2021-06-04 10:06:29,394.7,3027890
2021-06-04 10:06:30,394.75,3028353
2021-06-04 10:06:31,394.75,3038485
2021-06-04 10:06:32,394.8,3039239
2021-06-04 10:06:33,394.85,3039726
2021-06-04 10:06:34,394.85,3040230
2021-06-04 10:06:35,394.85,3040987
2021-06-04 10:06:37,394.8,3041498
2021-06-04 10:06:38,394.75,3041598
2021-06-04 10:06:39,394.7,3041640
2021-06-04 10:06:40,394.85,3045071
2021-06-04 10:06:41,394.8,3048307
2021-06-04 10:06:42,394.6,3048935
2021-06-04 10:06:43,394.75,3049354
2021-06-04 10:06:45,394.85,3053214
2021-06-04 10:06:46,394.75,3053544
2021-06-04 10:06:47,394.7,3053549
2021-06-04 10:06:47,394.7,3053549
2021-06-04 10:06:49,394.6,3053768
2021-06-04 10:06:50,394.6,3053873
2021-06-04 10:06:51,394.75,3054043
2021-06-04 10:06:52,394.9,3058147
2021-06-04 10:06:53,394.9,3058460
2021-06-04 10:06:55,394.9,3058809
2021-06-04 10:06:56,394.8,3058971
2021-06-04 10:06:57,394.8,3059470
2021-06-04 10:06:58,394.8,3059470
2021-06-04 10:06:59,394.6,3059794
2021-06-04 10:07:01,394.85,3063549
2021-06-04 10:07:02,394.6,3063642
2021-06-04 10:07:03,394.6,3063642
2021-06-04 10:07:04,394.65,3063682
2021-06-04 10:07:05,394.6,3064156
2021-06-04 10:07:06,394.75,3064783
2021-06-04 10:07:06,394.75,3064783
2021-06-04 10:07:08,394.6,3064792
2021-06-04 10:07:09,394.6,3064801
2021-06-04 10:07:10,394.6,3064894
2021-06-04 10:07:11,394.65,3065427
2021-06-04 10:07:12,394.65,3066154
2021-06-04 10:07:12,394.6,3066195
2021-06-04 10:07:14,394.6,3066418
2021-06-04 10:07:15,394.6,3068664
2021-06-04 10:07:16,394.75,3068899
2021-06-04 10:07:17,394.75,3069435
2021-06-04 10:07:18,394.65,3069450
2021-06-04 10:07:19,394.8,3069656
2021-06-04 10:07:19,394.65,3069664
2021-06-04 10:07:20,394.75,3069665
2021-06-04 10:07:22,394.8,3069852
2021-06-04 10:07:23,394.6,3072604
2021-06-04 10:07:24,394.6,3072800
2021-06-04 10:07:25,394.6,3072839
2021-06-04 10:07:26,394.7,3073195
2021-06-04 10:07:27,394.7,3073338
2021-06-04 10:07:28,394.75,3073363
2021-06-04 10:07:29,394.75,3073463
2021-06-04 10:07:30,394.75,3073984
2021-06-04 10:07:30,394.75,3073984
2021-06-04 10:07:32,394.8,3081254
2021-06-04 10:07:33,394.8,3081309
2021-06-04 10:07:34,394.8,3081955
2021-06-04 10:07:35,394.8,3082687
2021-06-04 10:07:36,394.75,3083708
2021-06-04 10:07:36,394.85,3083698
2021-06-04 10:07:38,394.75,3083948
2021-06-04 10:07:39,394.9,3087106
2021-06-04 10:07:40,394.9,3088961
2021-06-04 10:07:41,394.95,3089607
2021-06-04 10:07:42,394.85,3093550
2021-06-04 10:07:43,394.95,3093999
2021-06-04 10:07:44,394.85,3094231
2021-06-04 10:07:44,394.85,3094277
2021-06-04 10:07:46,395.0,3094806
2021-06-04 10:07:47,394.95,3095161
2021-06-04 10:07:48,394.95,3095475
2021-06-04 10:07:49,394.9,3095600
2021-06-04 10:07:50,394.85,3095836
2021-06-04 10:07:50,394.85,3095853
2021-06-04 10:07:51,395.05,3100680
2021-06-04 10:07:53,394.95,3100778
2021-06-04 10:07:54,394.95,3101540
2021-06-04 10:07:55,395.0,3102189
2021-06-04 10:07:57,394.9,3102260
2021-06-04 10:07:56,394.95,3102253
2021-06-04 10:07:58,394.9,3102260
2021-06-04 10:07:59,395.0,3102524
2021-06-04 10:08:00,394.8,3110374
2021-06-04 10:08:01,394.8,3110433
2021-06-04 10:08:02,394.75,3111221
2021-06-04 10:08:03,394.7,3111293
2021-06-04 10:08:04,394.8,3113966
2021-06-04 10:08:05,394.85,3114699
2021-06-04 10:08:06,394.85,3114727
2021-06-04 10:08:07,394.9,3117426
2021-06-04 10:08:08,394.9,3117426
2021-06-04 10:08:09,394.75,3117667
2021-06-04 10:08:10,394.75,3117709
2021-06-04 10:08:11,394.8,3118015
2021-06-04 10:08:12,394.7,3118685
2021-06-04 10:08:13,394.7,3118685
2021-06-04 10:08:14,394.8,3118851
2021-06-04 10:08:15,394.8,3118970
2021-06-04 10:08:16,394.8,3119030
2021-06-04 10:08:17,394.75,3119044
2021-06-04 10:08:18,394.8,3119232
2021-06-04 10:08:19,394.7,3119233
2021-06-04 10:08:20,394.85,3119514
2021-06-04 10:08:21,394.85,3121052
2021-06-04 10:08:22,394.75,3122395
2021-06-04 10:08:23,394.8,3123515
2021-06-04 10:08:24,394.7,3123615
2021-06-04 10:08:25,394.7,3123732
2021-06-04 10:08:26,394.65,3123738
2021-06-04 10:08:27,394.7,3123789
2021-06-04 10:08:28,394.7,3123975
2021-06-04 10:08:29,394.7,3125062
2021-06-04 10:08:30,394.7,3125659
2021-06-04 10:08:32,394.6,3125968
2021-06-04 10:08:31,394.6,3125857
2021-06-04 10:08:33,394.55,3126232
2021-06-04 10:08:34,394.55,3126291
2021-06-04 10:08:35,394.6,3126445
2021-06-04 10:08:36,394.55,3126755
2021-06-04 10:08:39,394.7,3128450
2021-06-04 10:08:38,394.7,3128343
2021-06-04 10:08:40,394.75,3128695
2021-06-04 10:08:41,394.85,3128944
2021-06-04 10:08:42,394.7,3128959
2021-06-04 10:08:43,394.7,3128959
2021-06-04 10:08:44,394.8,3128960
2021-06-04 10:08:45,394.85,3129298
2021-06-04 10:08:46,394.85,3130398
2021-06-04 10:08:47,394.8,3130399
2021-06-04 10:08:48,394.8,3130400
2021-06-04 10:08:49,394.7,3130401
2021-06-04 10:08:50,394.7,3130401
2021-06-04 10:08:51,394.75,3130547
2021-06-04 10:08:52,394.75,3130563
2021-06-04 10:08:53,394.75,3130684
2021-06-04 10:08:54,394.85,3130773
2021-06-04 10:08:55,394.85,3131000
2021-06-04 10:08:56,394.8,3131047
2021-06-04 10:08:57,394.85,3131051
2021-06-04 10:08:58,394.8,3131255
2021-06-04 10:08:59,394.85,3131290
2021-06-04 10:09:01,394.8,3132142
2021-06-04 10:09:00,394.85,3132092
2021-06-04 10:09:02,394.75,3132218
2021-06-04 10:09:03,394.85,3132560
2021-06-04 10:09:04,394.8,3132690
2021-06-04 10:09:05,394.75,3133298
2021-06-04 10:09:06,394.8,3133340
2021-06-04 10:09:07,394.8,3133340
2021-06-04 10:09:08,394.85,3133512
2021-06-04 10:09:09,394.75,3133657
2021-06-04 10:09:10,394.75,3133952
2021-06-04 10:09:11,394.75,3134202
2021-06-04 10:09:12,394.75,3134370
2021-06-04 10:09:14,394.75,3134674
2021-06-04 10:09:13,394.75,3134468
2021-06-04 10:09:15,394.75,3135715
2021-06-04 10:09:16,394.75,3135962
2021-06-04 10:09:17,394.75,3136087
2021-06-04 10:09:18,394.75,3136158
2021-06-04 10:09:19,394.75,3136162
2021-06-04 10:09:20,394.75,3136498
2021-06-04 10:09:21,394.75,3136847
2021-06-04 10:09:22,394.75,3136917
2021-06-04 10:09:23,394.85,3137130
2021-06-04 10:09:24,394.85,3137323
2021-06-04 10:09:25,394.85,3137323
2021-06-04 10:09:26,394.85,3137467
2021-06-04 10:09:27,394.85,3137467
2021-06-04 10:09:28,394.75,3138492
2021-06-04 10:09:29,394.8,3138600
2021-06-04 10:09:30,394.75,3141998
2021-06-04 10:09:31,394.7,3142073
2021-06-04 10:09:32,394.75,3142573
2021-06-04 10:09:33,394.75,3142773
2021-06-04 10:09:34,394.75,3142798
2021-06-04 10:09:35,394.75,3143478
2021-06-04 10:09:36,394.7,3143487
2021-06-04 10:09:37,394.7,3143487
2021-06-04 10:09:38,394.6,3143987
2021-06-04 10:09:39,394.6,3144078
2021-06-04 10:09:40,394.6,3144170
2021-06-04 10:09:41,394.6,3144175
2021-06-04 10:09:42,394.65,3144229
2021-06-04 10:09:43,394.7,3144247
2021-06-04 10:09:44,394.7,3144259
2021-06-04 10:09:45,394.7,3144259
2021-06-04 10:09:46,394.65,3144692
2021-06-04 10:09:47,394.6,3145583
2021-06-04 10:09:48,394.6,3145794
2021-06-04 10:09:49,394.6,3145932
2021-06-04 10:09:50,394.65,3145966
2021-06-04 10:09:51,394.6,3145968
2021-06-04 10:09:52,394.6,3146474
2021-06-04 10:09:53,394.6,3146610
2021-06-04 10:09:54,394.6,3147918
2021-06-04 10:09:55,394.6,3148127
2021-06-04 10:09:56,394.6,3148136
2021-06-04 10:09:57,394.65,3148284
2021-06-04 10:09:58,394.6,3148295
2021-06-04 10:10:01,394.65,3149746
2021-06-04 10:10:02,394.65,3149939
2021-06-04 10:10:03,394.65,3149993
2021-06-04 10:10:04,394.6,3151651
2021-06-04 10:10:05,394.6,3154214
2021-06-04 10:10:06,394.6,3155263
2021-06-04 10:10:07,394.55,3155644
2021-06-04 10:10:08,394.6,3155768
2021-06-04 10:10:09,394.55,3155776
2021-06-04 10:10:10,394.55,3155824
2021-06-04 10:10:11,394.6,3155834
2021-06-04 10:10:12,394.55,3155864
2021-06-04 10:10:13,394.55,3156407
2021-06-04 10:10:14,394.55,3156458
2021-06-04 10:10:15,394.6,3156538
2021-06-04 10:10:17,394.55,3156593
2021-06-04 10:10:18,394.55,3156597
2021-06-04 10:10:18,394.55,3156597
2021-06-04 10:10:19,394.6,3157072
2021-06-04 10:10:21,394.65,3158586
2021-06-04 10:10:22,394.6,3158721
2021-06-04 10:10:24,394.5,3162044
2021-06-04 10:10:25,394.6,3162394
2021-06-04 10:10:26,394.4,3165845
2021-06-04 10:10:27,394.45,3165846
2021-06-04 10:10:28,394.45,3165846
2021-06-04 10:10:29,394.45,3166533
2021-06-04 10:10:29,394.55,3167100
2021-06-04 10:10:30,394.4,3167200
2021-06-04 10:10:31,394.2,3170270
2021-06-04 10:10:32,394.2,3170570
2021-06-04 10:10:33,394.15,3170575
2021-06-04 10:10:34,394.15,3170692
2021-06-04 10:10:35,394.1,3170916
2021-06-04 10:10:36,394.25,3171006
2021-06-04 10:10:37,394.2,3171012
2021-06-04 10:10:38,394.2,3171143
2021-06-04 10:10:40,394.25,3171925
2021-06-04 10:10:40,394.25,3171931
2021-06-04 10:10:41,394.15,3171957
2021-06-04 10:10:42,394.15,3171959
2021-06-04 10:10:43,394.15,3172258
2021-06-04 10:10:44,394.2,3172415
2021-06-04 10:10:46,394.2,3172546
2021-06-04 10:10:46,394.15,3172555
2021-06-04 10:10:47,394.25,3172851
2021-06-04 10:10:48,394.15,3173103
2021-06-04 10:10:49,394.15,3173660
2021-06-04 10:10:50,394.4,3176259
2021-06-04 10:10:51,394.55,3176512
2021-06-04 10:10:53,394.55,3176512
2021-06-04 10:10:53,394.55,3176512
2021-06-04 10:10:54,394.45,3176796
2021-06-04 10:10:55,394.5,3176969
