timestamp,ltp,volume
2021-06-04 09:15:50,808.05,222326
2021-06-04 09:15:51,808.5,226999
2021-06-04 09:15:52,809.0,228509
2021-06-04 09:15:53,809.1,229680
2021-06-04 09:15:54,809.15,230667
2021-06-04 09:15:56,809.7,234523
2021-06-04 09:15:56,809.2,234631
2021-06-04 09:15:57,810.25,247457
2021-06-04 09:15:58,810.45,249796
2021-06-04 09:15:59,809.5,251821
2021-06-04 09:16:00,809.55,252664
2021-06-04 09:16:01,810.0,253896
2021-06-04 09:16:02,809.5,256004
2021-06-04 09:16:04,809.9,257045
2021-06-04 09:16:04,809.85,256860
2021-06-04 09:16:05,809.55,258451
2021-06-04 09:16:06,809.3,260274
2021-06-04 09:16:07,809.5,261248
2021-06-04 09:16:08,809.75,263696
2021-06-04 09:16:09,809.3,268472
2021-06-04 09:16:10,809.15,271816
2021-06-04 09:16:11,809.25,274385
2021-06-04 09:16:12,809.25,274807
2021-06-04 09:16:14,809.25,276622
2021-06-04 09:16:14,808.8,276712
2021-06-04 09:16:15,808.85,277967
2021-06-04 09:16:17,809.35,282093
2021-06-04 09:16:18,808.25,285074
2021-06-04 09:16:18,808.9,284944
2021-06-04 09:16:19,808.25,287417
2021-06-04 09:16:20,808.85,288683
2021-06-04 09:16:22,808.75,292240
2021-06-04 09:16:22,808.85,291890
2021-06-04 09:16:23,808.35,292768
2021-06-04 09:16:24,808.5,293332
2021-06-04 09:16:26,809.85,295823
2021-06-04 09:16:26,810.0,301993
2021-06-04 09:16:28,809.75,303722
2021-06-04 09:16:28,809.75,303722
2021-06-04 09:16:29,809.8,304203
2021-06-04 09:16:30,809.35,304687
2021-06-04 09:16:31,809.8,304852
2021-06-04 09:16:32,809.5,306118
2021-06-04 09:16:33,809.8,306955
2021-06-04 09:16:34,809.8,307155
2021-06-04 09:16:35,809.8,307203
2021-06-04 09:16:37,809.65,307392
2021-06-04 09:16:37,809.75,307622
2021-06-04 09:16:38,809.45,310606
2021-06-04 09:16:40,809.65,311774
2021-06-04 09:16:40,809.5,312064
2021-06-04 09:16:41,809.55,314284
2021-06-04 09:16:42,809.0,315682
2021-06-04 09:16:44,809.2,318989
2021-06-04 09:16:44,809.2,318999
2021-06-04 09:16:45,808.7,321859
2021-06-04 09:16:46,809.0,322583
2021-06-04 09:16:47,809.1,324339
2021-06-04 09:16:48,809.0,326677
2021-06-04 09:16:49,809.0,327444
2021-06-04 09:16:51,809.0,327864
2021-06-04 09:16:51,809.0,328064
2021-06-04 09:16:52,809.2,328274
2021-06-04 09:16:53,809.1,328724
2021-06-04 09:16:54,809.0,330124
2021-06-04 09:16:55,809.0,331573
2021-06-04 09:16:56,809.0,333431
2021-06-04 09:16:57,809.05,334380
2021-06-04 09:16:59,809.1,335799
2021-06-04 09:17:00,808.7,336262
2021-06-04 09:17:00,809.0,336278
2021-06-04 09:17:01,809.0,337006
2021-06-04 09:17:02,808.75,337458
2021-06-04 09:17:03,809.0,339659
2021-06-04 09:17:04,809.25,341996
2021-06-04 09:17:05,809.35,342339
2021-06-04 09:17:06,809.25,345111
2021-06-04 09:17:07,809.25,345234
2021-06-04 09:17:08,809.25,345281
2021-06-04 09:17:10,808.5,350477
2021-06-04 09:17:10,808.5,350477
2021-06-04 09:17:11,808.0,367784
2021-06-04 09:17:12,808.45,368638
2021-06-04 09:17:13,808.55,369594
2021-06-04 09:17:14,808.45,370967
2021-06-04 09:17:15,808.85,371825
2021-06-04 09:17:16,809.0,372184
2021-06-04 09:17:17,808.7,374081
2021-06-04 09:17:18,808.15,374747
2021-06-04 09:17:20,808.5,375701
2021-06-04 09:17:20,808.45,375751
2021-06-04 09:17:21,808.4,376907
2021-06-04 09:17:22,808.1,380016
2021-06-04 09:17:23,808.35,380946
2021-06-04 09:17:24,808.7,383349
2021-06-04 09:17:25,808.5,385264
2021-06-04 09:17:26,808.2,385336
2021-06-04 09:17:28,808.55,385743
2021-06-04 09:17:29,808.7,386019
2021-06-04 09:17:30,808.7,386264
2021-06-04 09:17:30,808.7,386264
2021-06-04 09:17:31,808.2,389280
2021-06-04 09:17:33,808.65,390567
2021-06-04 09:17:33,808.65,390443
2021-06-04 09:17:34,808.0,391303
2021-06-04 09:17:35,807.8,391606
2021-06-04 09:17:36,808.2,392003
2021-06-04 09:17:37,808.2,394043
2021-06-04 09:17:38,808.35,394457
2021-06-04 09:17:39,807.5,397819
2021-06-04 09:17:41,808.65,399341
2021-06-04 09:17:41,808.35,399391
2021-06-04 09:17:42,808.35,402918
2021-06-04 09:17:43,808.4,403053
2021-06-04 09:17:44,808.7,403221
2021-06-04 09:17:45,808.7,403642
2021-06-04 09:17:46,808.7,403734
2021-06-04 09:17:47,808.7,403836
2021-06-04 09:17:48,808.7,404583
2021-06-04 09:17:49,808.7,405439
2021-06-04 09:17:50,808.35,405563
2021-06-04 09:17:51,808.7,406049
2021-06-04 09:17:52,808.7,407097
2021-06-04 09:17:53,808.35,408088
2021-06-04 09:17:54,808.65,408250
2021-06-04 09:17:55,808.2,408558
2021-06-04 09:17:57,808.25,409888
2021-06-04 09:17:57,808.7,409881
2021-06-04 09:17:58,808.6,410819
2021-06-04 09:17:59,808.45,411719
2021-06-04 09:18:00,808.15,414635
2021-06-04 09:18:01,808.6,414695
2021-06-04 09:18:02,808.0,416265
2021-06-04 09:18:03,808.0,418878
2021-06-04 09:18:04,807.6,419958
2021-06-04 09:18:06,808.0,421350
2021-06-04 09:18:07,808.0,421637
2021-06-04 09:18:07,808.15,421887
2021-06-04 09:18:08,807.5,424624
2021-06-04 09:18:09,807.45,425299
2021-06-04 09:18:10,807.5,426413
2021-06-04 09:18:12,807.15,426980
2021-06-04 09:18:12,807.45,426985
2021-06-04 09:18:13,807.45,427562
2021-06-04 09:18:14,807.15,428361
2021-06-04 09:18:15,807.6,430011
2021-06-04 09:18:16,807.6,430305
2021-06-04 09:18:17,807.6,430938
2021-06-04 09:18:19,807.5,430945
2021-06-04 09:18:20,807.45,431334
2021-06-04 09:18:20,807.45,431573
2021-06-04 09:18:22,807.45,433361
2021-06-04 09:18:23,808.0,434522
2021-06-04 09:18:24,808.0,434726
2021-06-04 09:18:25,807.55,435201
2021-06-04 09:18:27,807.7,436871
2021-06-04 09:18:28,807.9,437510
2021-06-04 09:18:29,807.45,438992
2021-06-04 09:18:30,807.5,439345
2021-06-04 09:18:31,807.5,440075
2021-06-04 09:18:31,807.6,440087
2021-06-04 09:18:32,807.55,440650
2021-06-04 09:18:33,807.55,443116
2021-06-04 09:18:34,807.5,443183
2021-06-04 09:18:35,807.6,443694
2021-06-04 09:18:36,808.0,443789
2021-06-04 09:18:37,807.55,443901
2021-06-04 09:18:39,807.6,444068
2021-06-04 09:18:39,807.8,444089
2021-06-04 09:18:40,807.8,445718
2021-06-04 09:18:41,807.35,449786
2021-06-04 09:18:42,806.7,460286
2021-06-04 09:18:43,806.25,461577
2021-06-04 09:18:44,806.3,462425
2021-06-04 09:18:45,806.15,462603
2021-06-04 09:18:46,806.1,462894
2021-06-04 09:18:47,806.6,463383
2021-06-04 09:18:48,806.75,465477
2021-06-04 09:18:49,806.9,466044
2021-06-04 09:18:51,806.9,466796
2021-06-04 09:18:52,806.75,467541
2021-06-04 09:18:52,806.75,467511
2021-06-04 09:18:53,806.55,467840
2021-06-04 09:18:54,806.55,468467
2021-06-04 09:18:55,806.5,468712
2021-06-04 09:18:56,806.35,469840
2021-06-04 09:18:57,806.85,470351
2021-06-04 09:18:59,806.45,477004
2021-06-04 09:19:00,806.5,478378
2021-06-04 09:19:01,806.55,478783
2021-06-04 09:19:01,806.55,478830
2021-06-04 09:19:02,806.85,479390
2021-06-04 09:19:03,806.85,479867
2021-06-04 09:19:04,806.7,479916
2021-06-04 09:19:05,806.7,480239
2021-06-04 09:19:06,806.9,480785
2021-06-04 09:19:07,806.5,481334
2021-06-04 09:19:08,806.9,481572
2021-06-04 09:19:09,806.9,482183
2021-06-04 09:19:10,806.6,482378
2021-06-04 09:19:11,806.6,484104
2021-06-04 09:19:12,807.0,484894
2021-06-04 09:19:13,806.95,486172
2021-06-04 09:19:14,806.9,486415
2021-06-04 09:19:15,807.4,486585
2021-06-04 09:19:16,807.35,486692
2021-06-04 09:19:17,807.35,486750
2021-06-04 09:19:18,807.4,487145
2021-06-04 09:19:19,807.3,487392
2021-06-04 09:19:21,807.6,488460
2021-06-04 09:19:22,807.1,488825
2021-06-04 09:19:23,807.5,488945
2021-06-04 09:19:24,807.55,489500
2021-06-04 09:19:24,807.55,489500
2021-06-04 09:19:25,807.65,489895
2021-06-04 09:19:26,807.75,490331
2021-06-04 09:19:27,807.5,490346
2021-06-04 09:19:28,807.75,490661
2021-06-04 09:19:29,807.55,490906
2021-06-04 09:19:30,807.65,491462
2021-06-04 09:19:31,808.0,492642
2021-06-04 09:19:32,808.0,492712
2021-06-04 09:19:33,808.0,493021
2021-06-04 09:19:34,808.0,493086
2021-06-04 09:19:35,808.0,493191
2021-06-04 09:19:37,808.0,493392
2021-06-04 09:19:37,808.25,496817
2021-06-04 09:19:38,808.25,496933
2021-06-04 09:19:40,808.1,497988
2021-06-04 09:19:41,808.5,498674
2021-06-04 09:19:42,808.6,498800
2021-06-04 09:19:43,808.65,499372
2021-06-04 09:19:44,808.65,499907
2021-06-04 09:19:44,808.65,499907
2021-06-04 09:19:45,808.7,500420
2021-06-04 09:19:47,808.25,501431
2021-06-04 09:19:47,808.65,501531
2021-06-04 09:19:48,808.75,501752
2021-06-04 09:19:49,808.5,502314
2021-06-04 09:19:50,808.9,506313
2021-06-04 09:19:51,809.0,506532
2021-06-04 09:19:53,809.0,513895
2021-06-04 09:19:54,809.4,514301
2021-06-04 09:19:55,809.0,515347
2021-06-04 09:19:56,809.5,515586
2021-06-04 09:19:57,808.7,516981
2021-06-04 09:19:58,809.0,517556
2021-06-04 09:19:59,808.9,517872
2021-06-04 09:20:00,808.75,519960
2021-06-04 09:20:01,808.5,521259
2021-06-04 09:20:02,808.5,525399
2021-06-04 09:20:03,808.85,525725
2021-06-04 09:20:04,808.5,526369
2021-06-04 09:20:06,808.8,526859
2021-06-04 09:20:07,808.4,527032
2021-06-04 09:20:07,808.35,527650
2021-06-04 09:20:08,809.0,528497
2021-06-04 09:20:09,809.0,528703
2021-06-04 09:20:11,808.45,529158
2021-06-04 09:20:12,808.9,529965
2021-06-04 09:20:13,809.0,530330
2021-06-04 09:20:14,808.85,530337
2021-06-04 09:20:15,808.9,530342
2021-06-04 09:20:16,808.75,531364
2021-06-04 09:20:17,808.75,531553
2021-06-04 09:20:18,808.9,531908
2021-06-04 09:20:19,808.45,532440
2021-06-04 09:20:20,808.85,532770
2021-06-04 09:20:20,808.85,532770
2021-06-04 09:20:21,808.85,532990
2021-06-04 09:20:22,808.9,533742
2021-06-04 09:20:23,808.7,533925
2021-06-04 09:20:24,808.9,534550
2021-06-04 09:20:25,808.6,534813
2021-06-04 09:20:27,809.0,535536
2021-06-04 09:20:28,809.0,535768
2021-06-04 09:20:29,809.0,536074
2021-06-04 09:20:30,809.0,536924
2021-06-04 09:20:30,809.0,536959
2021-06-04 09:20:31,808.85,537265
2021-06-04 09:20:32,808.65,537340
2021-06-04 09:20:33,808.5,537578
2021-06-04 09:20:34,808.5,538539
2021-06-04 09:20:35,808.9,538556
2021-06-04 09:20:37,808.95,539606
2021-06-04 09:20:38,808.6,540976
2021-06-04 09:20:39,808.85,541106
2021-06-04 09:20:40,808.95,541217
2021-06-04 09:20:40,808.95,541217
2021-06-04 09:20:41,808.95,542952
2021-06-04 09:20:42,808.6,543470
2021-06-04 09:20:43,809.0,543884
2021-06-04 09:20:44,809.0,543946
2021-06-04 09:20:46,808.95,544232
2021-06-04 09:20:47,808.5,544442
2021-06-04 09:20:48,808.9,544451
2021-06-04 09:20:49,808.95,544640
2021-06-04 09:20:50,808.5,544840
2021-06-04 09:20:51,808.85,544988
2021-06-04 09:20:52,808.95,545320
2021-06-04 09:20:52,808.95,545320
2021-06-04 09:20:53,808.9,545555
2021-06-04 09:20:54,808.85,545584
2021-06-04 09:20:55,808.85,547457
2021-06-04 09:20:57,808.6,547857
2021-06-04 09:20:58,808.75,548630
2021-06-04 09:20:59,808.5,548811
2021-06-04 09:21:00,808.5,548861
2021-06-04 09:21:01,808.4,549127
2021-06-04 09:21:02,808.7,549392
2021-06-04 09:21:02,808.45,550042
2021-06-04 09:21:03,808.8,550168
2021-06-04 09:21:04,808.8,550298
2021-06-04 09:21:05,808.5,550413
2021-06-04 09:21:06,808.9,551273
2021-06-04 09:21:07,808.55,551544
2021-06-04 09:21:09,808.7,551983
2021-06-04 09:21:10,808.9,552672
2021-06-04 09:21:11,808.7,552757
2021-06-04 09:21:12,808.55,552917
2021-06-04 09:21:13,808.9,553032
2021-06-04 09:21:14,808.15,555192
2021-06-04 09:21:14,808.15,555192
2021-06-04 09:21:15,808.25,555778
2021-06-04 09:21:16,808.65,556041
2021-06-04 09:21:17,808.45,556070
2021-06-04 09:21:18,808.15,556484
2021-06-04 09:21:19,808.55,556514
2021-06-04 09:21:21,808.8,557108
2021-06-04 09:21:22,808.75,557109
2021-06-04 09:21:22,808.5,557114
2021-06-04 09:21:24,808.75,557150
2021-06-04 09:21:24,808.75,557190
2021-06-04 09:21:25,808.7,557910
2021-06-04 09:21:26,808.5,557921
2021-06-04 09:21:27,808.5,558137
2021-06-04 09:21:28,808.3,559384
2021-06-04 09:21:29,808.65,559472
2021-06-04 09:21:31,808.35,560039
2021-06-04 09:21:32,808.65,560503
2021-06-04 09:21:33,808.65,560503
2021-06-04 09:21:34,808.3,561062
2021-06-04 09:21:34,808.3,561097
2021-06-04 09:21:35,808.2,561354
2021-06-04 09:21:36,808.3,561681
2021-06-04 09:21:37,808.5,562125
2021-06-04 09:21:38,808.35,562154
2021-06-04 09:21:39,808.5,562486
2021-06-04 09:21:40,808.4,562491
2021-06-04 09:21:42,808.4,562763
2021-06-04 09:21:43,808.5,562773
2021-06-04 09:21:44,808.4,562778
2021-06-04 09:21:45,808.75,564175
2021-06-04 09:21:46,808.9,564662
2021-06-04 09:21:47,808.55,564813
2021-06-04 09:21:48,808.55,564894
2021-06-04 09:21:49,808.55,564894
2021-06-04 09:21:51,808.55,565142
2021-06-04 09:21:52,809.0,580494
2021-06-04 09:21:53,809.0,580699
2021-06-04 09:21:54,809.45,580960
2021-06-04 09:21:54,809.45,580960
2021-06-04 09:21:55,809.45,581051
2021-06-04 09:21:56,809.5,581151
2021-06-04 09:21:57,809.45,581161
2021-06-04 09:21:59,809.5,581244
2021-06-04 09:22:00,809.7,582877
2021-06-04 09:22:01,810.25,598658
2021-06-04 09:22:02,810.3,599263
2021-06-04 09:22:03,810.4,599967
2021-06-04 09:22:04,810.4,602299
2021-06-04 09:22:05,810.8,603999
2021-06-04 09:22:06,810.5,604830
2021-06-04 09:22:07,811.0,611538
2021-06-04 09:22:08,811.0,612181
2021-06-04 09:22:09,811.0,618897
2021-06-04 09:22:09,811.45,618905
2021-06-04 09:22:10,812.0,621139
2021-06-04 09:22:12,811.95,623522
2021-06-04 09:22:13,811.45,624260
2021-06-04 09:22:14,811.5,625019
2021-06-04 09:22:15,812.45,634392
2021-06-04 09:22:16,812.05,636283
2021-06-04 09:22:16,812.5,636310
2021-06-04 09:22:18,811.8,637109
2021-06-04 09:22:19,811.7,640445
2021-06-04 09:22:20,812.5,641240
2021-06-04 09:22:21,812.5,642318
2021-06-04 09:22:22,812.1,643185
2021-06-04 09:22:23,812.45,644136
2021-06-04 09:22:24,812.0,644965
2021-06-04 09:22:25,812.05,646550
2021-06-04 09:22:26,812.4,648891
2021-06-04 09:22:26,812.4,648891
2021-06-04 09:22:28,812.5,649473
2021-06-04 09:22:29,812.45,651510
2021-06-04 09:22:30,812.4,652109
2021-06-04 09:22:31,812.1,652402
2021-06-04 09:22:32,812.4,653222
2021-06-04 09:22:33,812.05,653642
2021-06-04 09:22:34,812.4,654089
2021-06-04 09:22:35,812.15,656704
2021-06-04 09:22:37,812.45,658710
2021-06-04 09:22:38,812.0,659244
2021-06-04 09:22:39,812.3,662212
2021-06-04 09:22:40,812.35,663208
2021-06-04 09:22:42,812.1,664242
2021-06-04 09:22:43,812.3,665974
2021-06-04 09:22:44,811.95,666404
2021-06-04 09:22:45,812.45,667536
2021-06-04 09:22:46,812.3,667729
2021-06-04 09:22:47,812.0,670846
2021-06-04 09:22:48,812.5,671968
2021-06-04 09:22:49,812.35,672447
2021-06-04 09:22:50,812.3,672824
2021-06-04 09:22:51,811.75,675163
2021-06-04 09:22:52,812.3,675557
2021-06-04 09:22:53,812.45,676252
2021-06-04 09:22:54,812.5,676792
2021-06-04 09:22:55,812.3,676932
2021-06-04 09:22:56,812.1,679605
2021-06-04 09:22:57,812.1,679785
2021-06-04 09:22:58,812.45,680620
2021-06-04 09:22:59,811.8,682043
2021-06-04 09:22:59,812.2,682259
2021-06-04 09:23:00,812.0,683123
2021-06-04 09:23:01,812.2,683473
2021-06-04 09:23:03,811.5,684343
2021-06-04 09:23:04,812.05,684812
2021-06-04 09:23:05,811.95,685077
2021-06-04 09:23:06,811.7,685829
2021-06-04 09:23:07,812.0,686139
2021-06-04 09:23:08,811.95,687159
2021-06-04 09:23:09,811.9,687361
2021-06-04 09:23:10,812.1,688691
2021-06-04 09:23:11,812.2,689560
2021-06-04 09:23:12,812.0,690201
2021-06-04 09:23:13,812.1,696921
2021-06-04 09:23:14,812.45,697942
2021-06-04 09:23:15,812.1,699990
2021-06-04 09:23:16,812.5,700624
2021-06-04 09:23:17,812.45,701640
2021-06-04 09:23:18,812.85,702228
2021-06-04 09:23:19,812.35,703988
2021-06-04 09:23:20,812.35,704456
2021-06-04 09:23:21,812.2,705177
2021-06-04 09:23:22,812.75,705988
2021-06-04 09:23:23,812.4,706903
2021-06-04 09:23:24,812.9,708256
2021-06-04 09:23:25,813.5,722704
2021-06-04 09:23:26,813.35,724193
2021-06-04 09:23:27,813.6,725378
2021-06-04 09:23:28,813.1,725993
2021-06-04 09:23:29,813.75,726878
2021-06-04 09:23:30,813.5,728819
2021-06-04 09:23:31,813.5,729527
2021-06-04 09:23:32,813.75,729949
2021-06-04 09:23:33,813.35,732320
2021-06-04 09:23:34,813.55,733813
2021-06-04 09:23:35,813.5,737631
2021-06-04 09:23:35,813.25,738002
2021-06-04 09:23:36,813.9,739169
2021-06-04 09:23:38,813.8,739648
2021-06-04 09:23:39,813.5,740582
2021-06-04 09:23:40,813.45,741225
2021-06-04 09:23:41,813.4,741413
2021-06-04 09:23:42,813.55,741968
2021-06-04 09:23:43,813.2,743301
2021-06-04 09:23:44,813.75,744400
2021-06-04 09:23:45,813.65,745187
2021-06-04 09:23:46,813.05,747505
2021-06-04 09:23:47,813.55,748265
2021-06-04 09:23:48,813.5,749216
2021-06-04 09:23:49,813.5,749788
2021-06-04 09:23:50,813.1,750206
2021-06-04 09:23:51,813.5,751235
2021-06-04 09:23:52,813.1,752644
2021-06-04 09:23:53,813.0,754231
2021-06-04 09:23:54,813.4,756639
2021-06-04 09:23:55,813.4,757042
2021-06-04 09:23:56,813.1,757729
2021-06-04 09:23:57,813.25,757883
2021-06-04 09:23:58,813.5,758984
2021-06-04 09:23:59,813.5,759311
2021-06-04 09:24:00,813.2,759360
2021-06-04 09:24:01,813.5,760178
2021-06-04 09:24:02,812.95,761858
2021-06-04 09:24:03,813.0,762233
2021-06-04 09:24:04,812.85,762647
2021-06-04 09:24:05,813.4,763331
2021-06-04 09:24:06,813.5,763771
2021-06-04 09:24:07,813.25,766283
2021-06-04 09:24:08,813.25,766756
2021-06-04 09:24:09,813.5,767495
2021-06-04 09:24:10,813.5,769237
2021-06-04 09:24:11,813.0,770429
2021-06-04 09:24:12,813.4,771131
2021-06-04 09:24:13,813.05,772379
2021-06-04 09:24:14,813.1,772682
2021-06-04 09:24:15,813.5,773595
2021-06-04 09:24:16,813.25,773942
2021-06-04 09:24:17,813.5,774300
2021-06-04 09:24:18,812.95,781302
2021-06-04 09:24:18,812.95,781302
2021-06-04 09:24:20,812.9,784222
2021-06-04 09:24:21,813.1,785570
2021-06-04 09:24:22,812.65,786263
2021-06-04 09:24:23,813.25,787387
2021-06-04 09:24:24,812.85,789461
2021-06-04 09:24:25,812.45,789694
2021-06-04 09:24:26,812.65,791152
2021-06-04 09:24:27,812.65,792140
2021-06-04 09:24:28,812.25,792546
2021-06-04 09:24:29,812.65,792710
2021-06-04 09:24:30,812.5,793953
2021-06-04 09:24:31,812.35,794261
2021-06-04 09:24:32,812.75,796205
2021-06-04 09:24:33,813.45,798348
2021-06-04 09:24:34,813.0,799557
2021-06-04 09:24:35,813.4,801047
2021-06-04 09:24:36,813.4,801383
2021-06-04 09:24:37,812.85,802480
2021-06-04 09:24:38,813.25,803121
2021-06-04 09:24:39,812.75,804373
2021-06-04 09:24:41,813.25,805537
2021-06-04 09:24:40,813.0,805517
2021-06-04 09:24:42,813.0,806733
2021-06-04 09:24:43,813.4,808438
2021-06-04 09:24:44,813.25,808880
2021-06-04 09:24:45,813.4,809332
2021-06-04 09:24:46,812.95,809773
2021-06-04 09:24:47,813.0,810240
2021-06-04 09:24:49,812.8,812727
2021-06-04 09:24:50,813.35,812861
2021-06-04 09:24:51,813.4,813948
2021-06-04 09:24:52,813.35,814187
2021-06-04 09:24:53,813.0,815528
2021-06-04 09:24:54,813.2,815677
2021-06-04 09:24:55,813.25,817244
2021-06-04 09:24:56,813.25,817423
2021-06-04 09:24:57,813.0,817595
2021-06-04 09:24:58,813.35,817980
2021-06-04 09:24:59,813.2,818214
2021-06-04 09:25:00,813.0,818441
2021-06-04 09:25:01,813.1,819061
2021-06-04 09:25:02,812.9,819673
2021-06-04 09:25:03,813.35,819738
2021-06-04 09:25:04,813.35,820037
2021-06-04 09:25:05,813.35,820289
2021-06-04 09:25:06,812.7,820684
2021-06-04 09:25:07,812.85,820974
2021-06-04 09:25:08,812.8,826305
2021-06-04 09:25:09,813.15,827256
2021-06-04 09:25:10,813.2,827923
2021-06-04 09:25:11,812.7,828595
2021-06-04 09:25:12,812.55,829035
2021-06-04 09:25:13,813.2,830382
2021-06-04 09:25:14,812.5,830852
2021-06-04 09:25:15,812.65,830862
2021-06-04 09:25:16,812.85,831145
2021-06-04 09:25:17,813.0,831816
2021-06-04 09:25:18,812.5,832209
2021-06-04 09:25:19,812.1,834430
2021-06-04 09:25:20,812.2,834637
2021-06-04 09:25:21,812.8,836163
2021-06-04 09:25:22,812.2,836563
2021-06-04 09:25:23,812.2,836613
2021-06-04 09:25:24,812.0,837634
2021-06-04 09:25:25,812.0,847111
2021-06-04 09:25:26,811.55,847390
2021-06-04 09:25:27,811.95,847631
2021-06-04 09:25:28,812.0,848995
2021-06-04 09:25:29,812.0,849252
2021-06-04 09:25:30,811.8,849974
2021-06-04 09:25:31,811.7,850229
2021-06-04 09:25:32,812.0,850314
2021-06-04 09:25:33,811.65,850364
2021-06-04 09:25:34,811.7,851351
2021-06-04 09:25:35,812.0,851606
2021-06-04 09:25:36,812.2,852350
2021-06-04 09:25:37,812.0,853166
2021-06-04 09:25:38,812.0,854498
2021-06-04 09:25:39,812.0,854817
2021-06-04 09:25:40,812.0,855230
2021-06-04 09:25:41,811.85,856208
2021-06-04 09:25:42,811.95,856313
2021-06-04 09:25:43,811.95,856545
2021-06-04 09:25:44,811.9,857147
2021-06-04 09:25:45,811.95,858962
2021-06-04 09:25:46,811.95,859172
2021-06-04 09:25:47,811.9,859366
2021-06-04 09:25:48,811.95,859367
2021-06-04 09:25:49,811.95,859582
2021-06-04 09:25:50,811.95,859837
2021-06-04 09:25:51,811.9,860222
2021-06-04 09:25:52,811.9,860222
2021-06-04 09:25:53,812.0,860818
2021-06-04 09:25:54,811.75,864434
2021-06-04 09:25:55,811.95,864511
2021-06-04 09:25:56,811.65,864652
2021-06-04 09:25:57,811.95,864827
2021-06-04 09:25:58,811.95,865041
2021-06-04 09:25:59,811.6,865417
2021-06-04 09:26:00,811.95,865594
2021-06-04 09:26:01,811.4,869079
2021-06-04 09:26:02,811.45,869221
2021-06-04 09:26:03,811.8,869426
2021-06-04 09:26:04,811.75,870380
2021-06-04 09:26:05,811.95,870712
2021-06-04 09:26:06,811.4,871606
2021-06-04 09:26:07,811.9,872315
2021-06-04 09:26:08,811.35,872720
2021-06-04 09:26:09,811.7,872824
2021-06-04 09:26:10,811.5,876347
2021-06-04 09:26:11,811.7,876912
2021-06-04 09:26:12,811.7,880704
2021-06-04 09:26:13,811.8,881324
2021-06-04 09:26:14,811.9,881772
2021-06-04 09:26:15,811.5,881839
2021-06-04 09:26:16,811.95,882059
2021-06-04 09:26:17,811.9,882291
2021-06-04 09:26:18,811.8,882495
2021-06-04 09:26:19,811.85,882658
2021-06-04 09:26:20,811.9,882712
2021-06-04 09:26:21,811.85,883833
2021-06-04 09:26:22,811.75,883908
2021-06-04 09:26:23,811.7,883938
2021-06-04 09:26:24,811.7,884389
2021-06-04 09:26:25,811.7,884581
2021-06-04 09:26:26,811.85,885303
2021-06-04 09:26:27,811.85,885303
2021-06-04 09:26:28,811.85,885635
2021-06-04 09:26:29,811.85,885695
2021-06-04 09:26:30,811.85,885737
2021-06-04 09:26:31,811.5,886244
2021-06-04 09:26:32,811.5,886476
2021-06-04 09:26:33,811.75,886906
2021-06-04 09:26:34,811.7,886982
2021-06-04 09:26:35,811.5,887178
2021-06-04 09:26:36,811.5,887494
2021-06-04 09:26:37,811.8,887569
2021-06-04 09:26:38,811.5,887672
2021-06-04 09:26:40,811.65,887792
2021-06-04 09:26:41,811.4,888088
2021-06-04 09:26:41,811.4,888088
2021-06-04 09:26:42,811.7,888495
2021-06-04 09:26:43,811.7,888892
2021-06-04 09:26:44,811.15,895508
2021-06-04 09:26:45,811.4,898693
2021-06-04 09:26:46,811.2,900303
2021-06-04 09:26:47,811.15,901031
2021-06-04 09:26:48,811.15,901267
2021-06-04 09:26:49,811.25,901417
2021-06-04 09:26:50,811.15,901500
2021-06-04 09:26:51,811.15,901500
2021-06-04 09:26:52,811.15,902073
2021-06-04 09:26:53,810.85,902738
2021-06-04 09:26:54,810.85,902923
2021-06-04 09:26:55,810.6,903528
2021-06-04 09:26:57,811.15,909014
2021-06-04 09:26:58,810.9,909540
2021-06-04 09:26:59,811.15,909570
2021-06-04 09:27:00,811.25,911070
2021-06-04 09:27:01,810.95,911445
2021-06-04 09:27:02,810.7,911893
2021-06-04 09:27:02,811.15,911658
2021-06-04 09:27:03,810.8,912224
2021-06-04 09:27:04,811.0,912791
2021-06-04 09:27:05,810.65,912815
2021-06-04 09:27:06,811.0,913550
2021-06-04 09:27:07,810.75,913584
2021-06-04 09:27:08,811.0,913651
2021-06-04 09:27:09,810.9,913861
2021-06-04 09:27:10,810.9,914049
2021-06-04 09:27:11,811.0,914218
2021-06-04 09:27:12,810.8,914983
2021-06-04 09:27:13,810.85,915188
2021-06-04 09:27:14,810.85,915277
2021-06-04 09:27:16,810.8,915377
2021-06-04 09:27:17,810.8,915556
2021-06-04 09:27:17,810.75,915661
2021-06-04 09:27:18,810.8,916171
2021-06-04 09:27:19,811.0,916401
2021-06-04 09:27:20,811.0,916455
2021-06-04 09:27:21,811.0,916499
2021-06-04 09:27:22,811.05,918375
2021-06-04 09:27:23,811.1,918725
2021-06-04 09:27:24,811.0,918826
2021-06-04 09:27:25,810.85,919255
2021-06-04 09:27:26,810.85,919286
2021-06-04 09:27:27,810.9,919464
2021-06-04 09:27:28,810.9,920399
2021-06-04 09:27:30,810.8,920479
2021-06-04 09:27:31,811.0,921589
2021-06-04 09:27:32,810.85,921631
2021-06-04 09:27:32,810.85,921831
2021-06-04 09:27:33,810.8,922556
2021-06-04 09:27:34,810.85,922619
2021-06-04 09:27:35,810.9,923014
2021-06-04 09:27:36,811.05,924171
2021-06-04 09:27:37,811.05,924171
2021-06-04 09:27:38,811.0,924364
2021-06-04 09:27:40,810.95,927810
2021-06-04 09:27:41,811.0,927871
2021-06-04 09:27:42,811.0,928535
2021-06-04 09:27:43,811.0,928647
2021-06-04 09:27:44,811.3,928705
2021-06-04 09:27:44,811.3,928705
2021-06-04 09:27:45,810.75,929235
2021-06-04 09:27:46,811.2,929317
2021-06-04 09:27:47,811.25,929392
2021-06-04 09:27:48,811.25,929512
2021-06-04 09:27:49,811.35,934698
2021-06-04 09:27:50,811.75,934793
2021-06-04 09:27:51,811.75,934793
2021-06-04 09:27:53,811.75,935094
2021-06-04 09:27:54,811.45,935346
2021-06-04 09:27:55,811.45,935509
2021-06-04 09:27:56,811.7,937559
2021-06-04 09:27:57,811.45,937603
2021-06-04 09:27:58,811.45,937613
2021-06-04 09:27:59,811.4,938062
2021-06-04 09:28:00,811.75,938117
2021-06-04 09:28:01,811.75,938130
2021-06-04 09:28:01,811.75,938130
2021-06-04 09:28:02,811.75,938133
2021-06-04 09:28:03,811.5,938253
2021-06-04 09:28:04,811.5,938284
2021-06-04 09:28:05,811.9,951388
2021-06-04 09:28:06,812.0,952347
2021-06-04 09:28:07,811.9,952409
2021-06-04 09:28:08,811.4,954265
2021-06-04 09:28:09,811.3,954562
2021-06-04 09:28:10,811.15,954616
2021-06-04 09:28:11,811.6,955192
2021-06-04 09:28:12,811.65,955267
2021-06-04 09:28:13,811.7,955448
2021-06-04 09:28:14,811.5,955538
2021-06-04 09:28:15,811.65,956643
2021-06-04 09:28:16,811.3,956721
2021-06-04 09:28:18,811.35,958925
2021-06-04 09:28:19,810.85,959867
2021-06-04 09:28:19,811.4,959188
2021-06-04 09:28:20,811.15,960396
2021-06-04 09:28:21,810.85,960637
2021-06-04 09:28:22,810.8,961507
2021-06-04 09:28:23,810.65,961670
2021-06-04 09:28:24,810.85,965996
2021-06-04 09:28:25,810.85,966266
2021-06-04 09:28:26,810.35,966367
2021-06-04 09:28:28,810.5,968173
2021-06-04 09:28:28,810.5,968173
2021-06-04 09:28:29,810.25,968726
2021-06-04 09:28:30,810.3,969366
2021-06-04 09:28:31,810.85,969871
2021-06-04 09:28:32,810.45,969975
2021-06-04 09:28:33,810.6,970254
2021-06-04 09:28:34,811.0,970427
2021-06-04 09:28:35,811.0,970511
2021-06-04 09:28:36,810.65,970808
2021-06-04 09:28:37,811.0,970846
2021-06-04 09:28:38,811.0,970846
2021-06-04 09:28:39,810.95,971823
2021-06-04 09:28:40,810.85,971942
2021-06-04 09:28:41,810.85,972044
2021-06-04 09:28:43,810.25,972161
2021-06-04 09:28:43,810.25,972275
2021-06-04 09:28:44,810.8,972820
2021-06-04 09:28:45,810.85,973485
2021-06-04 09:28:46,810.5,974265
2021-06-04 09:28:47,810.5,974265
2021-06-04 09:28:48,810.85,974507
2021-06-04 09:28:49,810.95,975239
2021-06-04 09:28:50,810.5,975479
2021-06-04 09:28:51,811.0,976502
2021-06-04 09:28:52,810.6,976647
2021-06-04 09:28:54,811.0,976723
2021-06-04 09:28:55,810.55,976973
2021-06-04 09:28:55,810.95,976798
2021-06-04 09:28:56,810.75,977013
2021-06-04 09:28:57,811.0,978335
2021-06-04 09:28:58,811.0,978336
2021-06-04 09:28:59,811.0,978801
2021-06-04 09:29:00,811.0,978801
2021-06-04 09:29:02,811.0,979041
2021-06-04 09:29:03,811.0,979062
2021-06-04 09:29:03,811.0,979062
2021-06-04 09:29:04,811.0,979076
2021-06-04 09:29:05,811.0,979086
2021-06-04 09:29:06,811.15,980086
2021-06-04 09:29:07,811.75,980726
2021-06-04 09:29:08,812.0,981259
2021-06-04 09:29:09,811.45,981389
2021-06-04 09:29:10,811.5,981505
2021-06-04 09:29:12,811.85,981555
2021-06-04 09:29:13,811.5,981805
2021-06-04 09:29:14,811.9,981873
2021-06-04 09:29:16,811.9,982073
2021-06-04 09:29:17,811.9,982073
2021-06-04 09:29:17,811.9,982073
2021-06-04 09:29:18,811.9,982170
2021-06-04 09:29:19,811.55,982466
2021-06-04 09:29:20,811.5,982647
2021-06-04 09:29:21,811.55,982833
2021-06-04 09:29:22,811.5,982908
2021-06-04 09:29:23,811.55,983633
2021-06-04 09:29:25,811.55,983791
2021-06-04 09:29:26,811.5,984498
2021-06-04 09:29:27,811.5,984509
2021-06-04 09:29:28,811.55,985210
2021-06-04 09:29:29,811.55,985324
2021-06-04 09:29:30,811.55,985324
2021-06-04 09:29:30,811.55,985324
2021-06-04 09:29:31,811.5,985591
2021-06-04 09:29:32,811.5,985727
2021-06-04 09:29:33,811.25,986142
2021-06-04 09:29:34,811.25,986142
2021-06-04 09:29:35,811.5,986242
2021-06-04 09:29:36,811.25,986637
2021-06-04 09:29:37,811.2,987259
2021-06-04 09:29:38,811.55,987388
2021-06-04 09:29:39,811.85,987498
2021-06-04 09:29:41,812.35,991855
2021-06-04 09:29:42,811.9,992095
2021-06-04 09:29:43,812.4,992457
2021-06-04 09:29:44,812.1,992638
2021-06-04 09:29:44,812.1,993009
2021-06-04 09:29:46,812.1,993545
2021-06-04 09:29:47,812.4,993547
2021-06-04 09:29:48,812.05,993558
2021-06-04 09:29:49,812.05,993759
2021-06-04 09:29:50,812.1,994285
2021-06-04 09:29:50,812.1,994285
2021-06-04 09:29:51,812.5,994380
2021-06-04 09:29:52,812.3,994704
2021-06-04 09:29:53,812.3,994749
2021-06-04 09:29:54,812.3,995329
2021-06-04 09:29:55,812.3,995953
2021-06-04 09:29:56,812.3,996423
2021-06-04 09:29:57,812.3,996563
2021-06-04 09:29:58,812.1,997469
2021-06-04 09:29:59,812.45,997573
2021-06-04 09:30:01,812.5,998943
2021-06-04 09:30:02,812.5,999045
2021-06-04 09:30:03,812.3,999248
2021-06-04 09:30:04,812.3,999324
2021-06-04 09:30:05,812.1,999340
2021-06-04 09:30:06,812.2,1000026
2021-06-04 09:30:07,812.5,1000156
2021-06-04 09:30:08,812.5,1000415
2021-06-04 09:30:10,812.4,1000461
2021-06-04 09:30:11,812.5,1001011
2021-06-04 09:30:11,812.45,1001036
2021-06-04 09:30:12,812.5,1001286
2021-06-04 09:30:13,812.35,1001653
2021-06-04 09:30:14,812.3,1001663
2021-06-04 09:30:15,812.35,1001823
2021-06-04 09:30:16,812.35,1001890
2021-06-04 09:30:17,812.35,1001962
2021-06-04 09:30:18,812.35,1002035
2021-06-04 09:30:19,812.4,1002141
2021-06-04 09:30:21,812.3,1002833
2021-06-04 09:30:22,812.1,1002933
2021-06-04 09:30:23,812.35,1003317
2021-06-04 09:30:24,812.1,1003367
2021-06-04 09:30:25,812.35,1003549
2021-06-04 09:30:26,812.4,1003743
2021-06-04 09:30:27,812.0,1004358
2021-06-04 09:30:28,812.0,1004434
2021-06-04 09:30:29,812.0,1004549
2021-06-04 09:30:30,812.35,1005398
2021-06-04 09:30:31,812.0,1005549
2021-06-04 09:30:32,812.3,1005802
2021-06-04 09:30:34,811.7,1007677
2021-06-04 09:30:35,811.9,1007678
2021-06-04 09:30:36,811.85,1008252
2021-06-04 09:30:37,811.7,1008517
2021-06-04 09:30:37,811.7,1008517
2021-06-04 09:30:38,811.75,1008920
2021-06-04 09:30:40,811.2,1009929
2021-06-04 09:30:41,811.05,1010142
2021-06-04 09:30:43,811.0,1010264
2021-06-04 09:30:44,811.0,1010316
2021-06-04 09:30:45,811.05,1010336
2021-06-04 09:30:46,811.05,1010401
2021-06-04 09:30:47,811.05,1010916
2021-06-04 09:30:48,811.05,1010917
2021-06-04 09:30:49,811.05,1010951
2021-06-04 09:30:50,811.4,1011083
2021-06-04 09:30:51,811.45,1011645
2021-06-04 09:30:52,811.05,1012015
2021-06-04 09:30:53,811.1,1012062
2021-06-04 09:30:54,811.25,1012567
2021-06-04 09:30:55,811.4,1012789
2021-06-04 09:30:55,811.4,1012789
2021-06-04 09:30:56,811.0,1014046
2021-06-04 09:30:57,811.35,1014119
2021-06-04 09:30:58,811.35,1014259
2021-06-04 09:30:59,811.45,1014459
2021-06-04 09:31:01,811.2,1014640
2021-06-04 09:31:02,811.25,1014765
2021-06-04 09:31:03,811.4,1015253
2021-06-04 09:31:04,811.5,1015303
2021-06-04 09:31:05,811.15,1015907
2021-06-04 09:31:06,811.4,1016042
2021-06-04 09:31:07,811.4,1016062
2021-06-04 09:31:08,811.2,1016362
2021-06-04 09:31:09,811.45,1016388
2021-06-04 09:31:11,811.1,1016664
2021-06-04 09:31:12,811.1,1016983
2021-06-04 09:31:14,811.05,1017577
2021-06-04 09:31:15,811.4,1018007
2021-06-04 09:31:16,811.4,1018032
2021-06-04 09:31:17,811.4,1018043
2021-06-04 09:31:18,811.2,1018103
2021-06-04 09:31:19,811.1,1018155
2021-06-04 09:31:20,811.3,1018207
2021-06-04 09:31:21,811.05,1018557
2021-06-04 09:31:21,811.2,1018560
2021-06-04 09:31:22,811.4,1018785
2021-06-04 09:31:23,811.0,1019125
2021-06-04 09:31:24,811.0,1019145
2021-06-04 09:31:27,811.4,1019529
2021-06-04 09:31:28,811.4,1019654
2021-06-04 09:31:29,811.0,1023090
2021-06-04 09:31:30,811.0,1023090
2021-06-04 09:31:31,811.0,1023115
2021-06-04 09:31:32,811.0,1023217
2021-06-04 09:31:33,811.0,1023344
2021-06-04 09:31:34,811.05,1023452
2021-06-04 09:31:35,811.15,1023714
2021-06-04 09:31:35,811.15,1023714
2021-06-04 09:31:36,811.15,1023889
2021-06-04 09:31:37,811.0,1023959
2021-06-04 09:31:38,811.15,1024159
2021-06-04 09:31:39,811.0,1024169
2021-06-04 09:31:40,811.15,1024226
2021-06-04 09:31:41,811.05,1024426
2021-06-04 09:31:43,811.0,1024937
2021-06-04 09:31:44,810.9,1025037
2021-06-04 09:31:45,811.15,1025104
2021-06-04 09:31:46,811.15,1025104
2021-06-04 09:31:47,810.9,1025254
2021-06-04 09:31:48,811.15,1025294
2021-06-04 09:31:49,811.0,1025521
2021-06-04 09:31:50,811.15,1025531
2021-06-04 09:31:51,810.8,1025744
2021-06-04 09:31:52,810.8,1025809
2021-06-04 09:31:53,811.0,1025839
2021-06-04 09:31:53,811.0,1025839
2021-06-04 09:31:54,810.8,1026389
2021-06-04 09:31:55,810.95,1027284
2021-06-04 09:31:56,810.95,1027379
2021-06-04 09:31:57,810.9,1027439
2021-06-04 09:31:58,810.8,1027586
2021-06-04 09:32:00,810.75,1028571
2021-06-04 09:32:01,810.75,1028621
2021-06-04 09:32:02,810.8,1028876
2021-06-04 09:32:03,810.55,1029070
2021-06-04 09:32:04,810.55,1029271
2021-06-04 09:32:05,810.8,1029296
2021-06-04 09:32:06,810.5,1030510
2021-06-04 09:32:07,810.85,1030518
2021-06-04 09:32:08,810.5,1030668
2021-06-04 09:32:09,810.75,1030680
2021-06-04 09:32:10,810.85,1030985
2021-06-04 09:32:11,810.5,1031067
2021-06-04 09:32:12,810.5,1031067
2021-06-04 09:32:13,810.75,1031116
2021-06-04 09:32:14,810.75,1031479
2021-06-04 09:32:15,810.5,1031590
2021-06-04 09:32:16,810.5,1031607
2021-06-04 09:32:17,810.75,1031618
2021-06-04 09:32:18,810.5,1033033
2021-06-04 09:32:19,810.5,1033040
2021-06-04 09:32:20,810.5,1033449
2021-06-04 09:32:21,810.75,1034359
2021-06-04 09:32:22,810.5,1034431
2021-06-04 09:32:23,810.3,1034650
2021-06-04 09:32:24,810.15,1035010
2021-06-04 09:32:24,810.15,1035010
2021-06-04 09:32:25,810.15,1035213
2021-06-04 09:32:26,810.1,1035376
2021-06-04 09:32:27,810.5,1035401
2021-06-04 09:32:29,810.1,1035478
2021-06-04 09:32:30,810.35,1035623
2021-06-04 09:32:31,810.35,1035743
2021-06-04 09:32:32,810.35,1035773
2021-06-04 09:32:33,810.35,1035775
2021-06-04 09:32:34,810.4,1036217
2021-06-04 09:32:34,810.35,1036201
2021-06-04 09:32:35,810.05,1036514
2021-06-04 09:32:36,810.3,1038456
2021-06-04 09:32:37,810.35,1038699
2021-06-04 09:32:38,810.1,1038725
2021-06-04 09:32:39,810.1,1038725
2021-06-04 09:32:40,810.1,1038768
2021-06-04 09:32:41,810.3,1038893
2021-06-04 09:32:42,810.3,1038903
2021-06-04 09:32:43,810.3,1039113
2021-06-04 09:32:44,810.2,1039173
2021-06-04 09:32:46,810.1,1039975
2021-06-04 09:32:47,810.1,1040027
2021-06-04 09:32:48,810.3,1040230
2021-06-04 09:32:49,810.3,1040838
2021-06-04 09:32:50,810.0,1041231
2021-06-04 09:32:51,810.0,1041868
2021-06-04 09:32:52,810.1,1041969
2021-06-04 09:32:53,810.0,1042270
2021-06-04 09:32:54,810.3,1042720
2021-06-04 09:32:54,810.3,1043420
2021-06-04 09:32:55,810.3,1044784
2021-06-04 09:32:56,810.3,1045832
2021-06-04 09:32:57,810.6,1045947
2021-06-04 09:32:58,810.15,1046171
2021-06-04 09:32:59,810.6,1046371
2021-06-04 09:33:00,810.6,1046502
2021-06-04 09:33:01,810.3,1046577
2021-06-04 09:33:03,810.3,1046605
2021-06-04 09:33:04,810.5,1046606
2021-06-04 09:33:05,810.3,1046746
2021-06-04 09:33:06,810.3,1046967
2021-06-04 09:33:07,810.5,1047080
2021-06-04 09:33:07,810.5,1047125
2021-06-04 09:33:09,810.5,1047247
2021-06-04 09:33:10,810.2,1047329
2021-06-04 09:33:11,810.5,1047380
2021-06-04 09:33:12,810.35,1047445
2021-06-04 09:33:13,810.5,1047597
2021-06-04 09:33:14,810.2,1047674
2021-06-04 09:33:15,810.3,1047683
2021-06-04 09:33:15,810.3,1047683
2021-06-04 09:33:16,810.3,1047783
2021-06-04 09:33:17,810.3,1047880
2021-06-04 09:33:18,810.35,1048240
2021-06-04 09:33:19,810.1,1048295
2021-06-04 09:33:21,810.35,1048395
2021-06-04 09:33:22,810.1,1048727
2021-06-04 09:33:23,810.35,1048728
2021-06-04 09:33:24,810.35,1048730
2021-06-04 09:33:25,810.3,1048910
2021-06-04 09:33:25,810.3,1048951
2021-06-04 09:33:27,810.35,1048965
2021-06-04 09:33:28,810.2,1049170
2021-06-04 09:33:29,810.1,1049471
2021-06-04 09:33:30,810.1,1049471
2021-06-04 09:33:31,810.35,1049521
2021-06-04 09:33:32,810.4,1049872
2021-06-04 09:33:33,810.1,1049922
2021-06-04 09:33:34,810.1,1050262
2021-06-04 09:33:35,810.3,1050428
2021-06-04 09:33:36,810.1,1050638
2021-06-04 09:33:36,810.1,1050638
2021-06-04 09:33:39,810.3,1050845
2021-06-04 09:33:40,810.1,1051096
2021-06-04 09:33:41,810.1,1051266
2021-06-04 09:33:42,810.1,1051318
2021-06-04 09:33:43,810.3,1051335
2021-06-04 09:33:44,810.2,1051468
2021-06-04 09:33:45,810.2,1051513
2021-06-04 09:33:46,810.2,1051821
2021-06-04 09:33:47,810.35,1052021
2021-06-04 09:33:48,810.1,1052185
2021-06-04 09:33:49,810.1,1052225
2021-06-04 09:33:50,810.0,1076849
2021-06-04 09:33:51,810.05,1076963
2021-06-04 09:33:51,810.05,1076963
2021-06-04 09:33:53,810.05,1077018
2021-06-04 09:33:54,810.05,1077018
2021-06-04 09:33:55,810.0,1077028
2021-06-04 09:33:56,810.0,1077347
2021-06-04 09:33:57,810.05,1077747
2021-06-04 09:33:58,809.75,1077909
2021-06-04 09:33:59,809.75,1077909
2021-06-04 09:33:59,810.0,1077921
2021-06-04 09:34:00,809.7,1078181
2021-06-04 09:34:02,809.7,1078188
2021-06-04 09:34:03,809.7,1078228
2021-06-04 09:34:04,810.0,1079309
2021-06-04 09:34:05,809.65,1079455
2021-06-04 09:34:06,809.6,1079651
2021-06-04 09:34:07,809.65,1079683
2021-06-04 09:34:07,809.65,1079688
2021-06-04 09:34:08,810.0,1080344
2021-06-04 09:34:09,810.0,1080439
2021-06-04 09:34:10,809.7,1080480
2021-06-04 09:34:12,809.7,1080610
2021-06-04 09:34:13,809.7,1080730
2021-06-04 09:34:14,809.7,1080957
2021-06-04 09:34:15,809.7,1080965
2021-06-04 09:34:15,809.7,1080965
2021-06-04 09:34:18,809.7,1081185
2021-06-04 09:34:19,809.7,1081300
2021-06-04 09:34:20,809.7,1081374
2021-06-04 09:34:21,809.7,1081594
2021-06-04 09:34:21,809.7,1081594
2021-06-04 09:34:23,809.6,1081655
2021-06-04 09:34:24,810.0,1083103
2021-06-04 09:34:25,809.7,1083156
2021-06-04 09:34:26,810.0,1083265
2021-06-04 09:34:27,809.7,1083365
2021-06-04 09:34:27,809.7,1083365
2021-06-04 09:34:29,809.95,1086399
2021-06-04 09:34:30,809.6,1086964
2021-06-04 09:34:31,809.9,1086975
2021-06-04 09:34:32,809.5,1087259
2021-06-04 09:34:33,809.7,1087279
2021-06-04 09:34:34,809.5,1087346
2021-06-04 09:34:35,809.7,1087486
2021-06-04 09:34:36,809.5,1087668
2021-06-04 09:34:37,809.5,1087668
2021-06-04 09:34:38,809.6,1087927
2021-06-04 09:34:39,809.6,1087927
2021-06-04 09:34:40,809.6,1087963
2021-06-04 09:34:41,809.7,1088118
2021-06-04 09:34:42,809.6,1088130
2021-06-04 09:34:43,809.6,1088201
2021-06-04 09:34:44,809.45,1088914
2021-06-04 09:34:45,809.45,1088989
2021-06-04 09:34:45,809.6,1088990
2021-06-04 09:34:46,809.45,1089060
2021-06-04 09:34:48,809.7,1089095
2021-06-04 09:34:49,809.45,1089640
2021-06-04 09:34:50,809.6,1089674
2021-06-04 09:34:51,809.4,1089859
2021-06-04 09:34:52,809.6,1090153
2021-06-04 09:34:53,809.65,1090452
2021-06-04 09:34:53,809.7,1090952
2021-06-04 09:34:54,809.35,1091964
2021-06-04 09:34:55,809.6,1091979
2021-06-04 09:34:57,809.6,1091999
2021-06-04 09:34:58,809.55,1092869
2021-06-04 09:34:59,809.55,1092888
2021-06-04 09:35:00,809.0,1094674
2021-06-04 09:35:01,809.4,1095097
2021-06-04 09:35:01,809.4,1095097
2021-06-04 09:35:03,809.4,1095127
2021-06-04 09:35:04,809.0,1095168
2021-06-04 09:35:05,809.35,1095202
2021-06-04 09:35:06,809.0,1095576
2021-06-04 09:35:07,809.0,1095610
2021-06-04 09:35:08,809.3,1095715
2021-06-04 09:35:09,809.0,1102047
2021-06-04 09:35:10,809.3,1103491
2021-06-04 09:35:11,809.2,1106098
2021-06-04 09:35:13,809.75,1107143
2021-06-04 09:35:12,809.75,1107143
2021-06-04 09:35:14,809.5,1112404
2021-06-04 09:35:15,809.6,1112796
2021-06-04 09:35:16,809.2,1112819
2021-06-04 09:35:17,809.35,1114479
2021-06-04 09:35:18,809.85,1115966
2021-06-04 09:35:20,809.55,1116624
2021-06-04 09:35:21,809.95,1134642
2021-06-04 09:35:22,809.65,1134697
2021-06-04 09:35:24,809.9,1134933
2021-06-04 09:35:23,809.55,1134925
2021-06-04 09:35:25,810.0,1135031
2021-06-04 09:35:26,809.55,1135079
2021-06-04 09:35:27,809.6,1135936
2021-06-04 09:35:28,809.55,1136031
2021-06-04 09:35:29,809.95,1136147
2021-06-04 09:35:30,809.6,1137177
2021-06-04 09:35:31,809.75,1137787
2021-06-04 09:35:32,809.75,1137787
2021-06-04 09:35:33,809.5,1141947
2021-06-04 09:35:34,809.0,1144027
2021-06-04 09:35:35,808.95,1144267
2021-06-04 09:35:36,808.95,1144472
2021-06-04 09:35:37,808.95,1144673
2021-06-04 09:35:38,808.95,1144673
2021-06-04 09:35:39,809.0,1145195
2021-06-04 09:35:40,808.6,1145525
2021-06-04 09:35:41,808.95,1145774
2021-06-04 09:35:42,808.95,1145774
2021-06-04 09:35:43,808.95,1146309
2021-06-04 09:35:44,808.95,1146325
2021-06-04 09:35:45,808.6,1146434
2021-06-04 09:35:46,808.55,1146479
2021-06-04 09:35:47,808.55,1146479
2021-06-04 09:35:49,808.9,1147714
2021-06-04 09:35:50,808.95,1148410
2021-06-04 09:35:51,808.55,1148787
2021-06-04 09:35:52,808.55,1148889
2021-06-04 09:35:53,808.55,1149189
2021-06-04 09:35:54,808.75,1151942
2021-06-04 09:35:55,808.75,1151962
2021-06-04 09:35:56,808.45,1153185
2021-06-04 09:35:57,808.15,1153351
2021-06-04 09:35:58,808.45,1153496
2021-06-04 09:35:59,808.45,1153662
2021-06-04 09:36:00,808.55,1153854
2021-06-04 09:36:01,808.45,1155005
2021-06-04 09:36:02,808.45,1155022
2021-06-04 09:36:03,808.7,1155171
2021-06-04 09:36:04,809.0,1156192
2021-06-04 09:36:05,809.0,1156438
2021-06-04 09:36:06,809.0,1156509
2021-06-04 09:36:07,809.0,1156559
2021-06-04 09:36:08,809.0,1157604
2021-06-04 09:36:09,809.0,1157688
2021-06-04 09:36:10,808.6,1157887
2021-06-04 09:36:11,808.55,1158552
2021-06-04 09:36:12,808.55,1158552
2021-06-04 09:36:13,808.55,1158632
2021-06-04 09:36:14,809.0,1158974
2021-06-04 09:36:15,809.0,1158976
2021-06-04 09:36:16,809.0,1158976
2021-06-04 09:36:17,808.9,1158986
2021-06-04 09:36:18,808.9,1158987
2021-06-04 09:36:19,808.9,1159087
2021-06-04 09:36:20,808.9,1159087
2021-06-04 09:36:21,808.9,1159388
2021-06-04 09:36:22,809.0,1159659
2021-06-04 09:36:23,808.9,1159759
2021-06-04 09:36:24,808.9,1159769
2021-06-04 09:36:25,809.0,1159859
2021-06-04 09:36:26,809.0,1159937
2021-06-04 09:36:27,809.0,1160942
2021-06-04 09:36:29,808.9,1161304
2021-06-04 09:36:28,808.9,1161034
2021-06-04 09:36:30,809.0,1161329
2021-06-04 09:36:31,808.95,1161397
2021-06-04 09:36:32,808.95,1161402
2021-06-04 09:36:33,809.0,1161577
2021-06-04 09:36:34,808.95,1162097
2021-06-04 09:36:36,808.55,1162265
2021-06-04 09:36:35,808.95,1162102
2021-06-04 09:36:37,809.0,1163265
2021-06-04 09:36:38,809.0,1163265
2021-06-04 09:36:39,808.95,1163294
2021-06-04 09:36:40,808.95,1163311
2021-06-04 09:36:41,808.95,1163501
2021-06-04 09:36:42,808.9,1163674
2021-06-04 09:36:43,808.9,1163674
2021-06-04 09:36:44,808.95,1163756
2021-06-04 09:36:45,808.7,1164773
2021-06-04 09:36:46,808.7,1164908
2021-06-04 09:36:47,809.0,1165358
2021-06-04 09:36:48,809.0,1165359
2021-06-04 09:36:49,808.95,1165364
2021-06-04 09:36:50,808.95,1165511
2021-06-04 09:36:51,808.95,1165516
2021-06-04 09:36:52,809.0,1165651
2021-06-04 09:36:53,809.0,1165653
2021-06-04 09:36:54,808.95,1165884
2021-06-04 09:36:55,808.7,1165935
2021-06-04 09:36:56,809.0,1166020
2021-06-04 09:36:57,809.0,1166080
2021-06-04 09:36:58,808.85,1166180
2021-06-04 09:36:59,808.85,1166202
2021-06-04 09:37:00,808.65,1166372
2021-06-04 09:37:01,808.65,1166372
2021-06-04 09:37:02,808.65,1166393
2021-06-04 09:37:03,809.0,1166403
2021-06-04 09:37:04,809.0,1166527
2021-06-04 09:37:05,809.0,1166936
2021-06-04 09:37:06,808.8,1167225
2021-06-04 09:37:07,808.8,1167326
2021-06-04 09:37:09,808.8,1167371
2021-06-04 09:37:08,808.8,1167371
2021-06-04 09:37:10,809.0,1167694
2021-06-04 09:37:11,809.0,1167745
2021-06-04 09:37:12,808.8,1167763
2021-06-04 09:37:13,809.0,1167915
2021-06-04 09:37:14,808.7,1168445
2021-06-04 09:37:15,808.7,1168445
2021-06-04 09:37:17,808.9,1168510
2021-06-04 09:37:18,808.65,1168512
2021-06-04 09:37:19,808.65,1168512
2021-06-04 09:37:20,808.95,1168573
2021-06-04 09:37:21,808.7,1168702
2021-06-04 09:37:22,808.7,1168760
2021-06-04 09:37:24,808.7,1168760
2021-06-04 09:37:24,808.7,1168810
2021-06-04 09:37:26,808.65,1168850
2021-06-04 09:37:26,808.65,1169708
2021-06-04 09:37:27,808.65,1169708
2021-06-04 09:37:28,808.65,1169708
2021-06-04 09:37:29,808.6,1169751
2021-06-04 09:37:30,808.6,1169795
2021-06-04 09:37:31,808.8,1169872
2021-06-04 09:37:32,808.55,1170472
2021-06-04 09:37:33,808.55,1170472
2021-06-04 09:37:35,808.6,1170627
2021-06-04 09:37:35,808.6,1170627
2021-06-04 09:37:36,808.6,1170889
2021-06-04 09:37:37,808.7,1171330
2021-06-04 09:37:38,808.7,1171430
2021-06-04 09:37:39,808.7,1171435
2021-06-04 09:37:40,808.7,1171607
2021-06-04 09:37:41,808.65,1171722
2021-06-04 09:37:42,808.7,1171774
2021-06-04 09:37:43,808.5,1172830
2021-06-04 09:37:44,808.4,1182555
2021-06-04 09:37:45,808.55,1182915
2021-06-04 09:37:46,808.35,1183016
2021-06-04 09:37:47,808.55,1183022
2021-06-04 09:37:48,808.55,1183022
2021-06-04 09:37:49,808.4,1183113
2021-06-04 09:37:50,808.4,1183184
2021-06-04 09:37:51,808.5,1183359
2021-06-04 09:37:52,808.55,1183451
2021-06-04 09:37:54,808.45,1183506
2021-06-04 09:37:54,808.55,1183513
2021-06-04 09:37:55,808.45,1183544
2021-06-04 09:37:56,808.5,1183591
2021-06-04 09:37:57,808.45,1183606
2021-06-04 09:37:58,808.35,1183793
2021-06-04 09:37:59,808.35,1184195
2021-06-04 09:38:00,808.35,1184205
2021-06-04 09:38:01,808.4,1185255
2021-06-04 09:38:02,808.35,1185265
2021-06-04 09:38:03,808.25,1185867
2021-06-04 09:38:04,808.4,1186139
2021-06-04 09:38:05,808.4,1186249
2021-06-04 09:38:06,808.25,1186502
2021-06-04 09:38:07,808.2,1186722
2021-06-04 09:38:08,808.45,1187149
2021-06-04 09:38:10,808.45,1187268
2021-06-04 09:38:11,808.4,1187346
2021-06-04 09:38:12,808.4,1187629
2021-06-04 09:38:13,808.45,1188241
2021-06-04 09:38:14,808.45,1188241
2021-06-04 09:38:15,808.05,1188425
2021-06-04 09:38:16,808.1,1205493
2021-06-04 09:38:17,808.1,1206096
2021-06-04 09:38:18,808.4,1206844
2021-06-04 09:38:20,808.4,1206844
2021-06-04 09:38:21,808.7,1208939
2021-06-04 09:38:22,809.0,1212881
2021-06-04 09:38:23,808.65,1212905
2021-06-04 09:38:24,809.1,1213007
2021-06-04 09:38:25,808.35,1215555
2021-06-04 09:38:26,809.15,1217596
2021-06-04 09:38:28,808.9,1217597
2021-06-04 09:38:28,808.9,1217597
2021-06-04 09:38:29,808.8,1222608
2021-06-04 09:38:30,809.0,1222966
2021-06-04 09:38:31,808.5,1222967
2021-06-04 09:38:32,808.2,1223163
2021-06-04 09:38:33,808.5,1223199
2021-06-04 09:38:34,808.2,1224543
2021-06-04 09:38:35,808.45,1224743
2021-06-04 09:38:36,808.0,1226574
2021-06-04 09:38:37,808.0,1226696
2021-06-04 09:38:38,807.8,1228104
2021-06-04 09:38:40,807.75,1228389
2021-06-04 09:38:40,807.8,1228744
2021-06-04 09:38:41,807.75,1229498
2021-06-04 09:38:42,807.9,1231986
2021-06-04 09:38:44,808.0,1233202
2021-06-04 09:38:44,807.55,1233208
2021-06-04 09:38:45,808.0,1233652
2021-06-04 09:38:46,808.2,1237938
2021-06-04 09:38:47,808.35,1238091
2021-06-04 09:38:48,808.0,1238103
2021-06-04 09:38:49,808.0,1238775
2021-06-04 09:38:51,807.8,1239249
2021-06-04 09:38:52,807.95,1239333
2021-06-04 09:38:53,807.55,1239555
2021-06-04 09:38:55,808.0,1239560
2021-06-04 09:38:56,807.7,1239797
2021-06-04 09:38:57,808.0,1242152
2021-06-04 09:38:58,808.0,1242280
2021-06-04 09:38:59,808.0,1242285
2021-06-04 09:39:00,808.0,1242446
2021-06-04 09:39:01,807.55,1242472
2021-06-04 09:39:02,807.55,1242472
2021-06-04 09:39:03,807.7,1242485
2021-06-04 09:39:04,808.0,1243010
2021-06-04 09:39:05,808.0,1243060
2021-06-04 09:39:07,808.0,1243349
2021-06-04 09:39:08,808.0,1243420
2021-06-04 09:39:09,808.0,1243579
2021-06-04 09:39:10,807.6,1243724
2021-06-04 09:39:11,807.6,1243937
2021-06-04 09:39:13,807.6,1243968
2021-06-04 09:39:13,808.0,1244468
2021-06-04 09:39:15,808.0,1244696
2021-06-04 09:39:15,808.0,1244696
2021-06-04 09:39:16,807.7,1244880
2021-06-04 09:39:17,808.0,1245433
2021-06-04 09:39:18,808.0,1245698
2021-06-04 09:39:19,808.0,1245719
2021-06-04 09:39:20,808.0,1246219
2021-06-04 09:39:21,808.0,1246574
2021-06-04 09:39:22,807.75,1246955
2021-06-04 09:39:24,808.0,1247483
2021-06-04 09:39:24,807.75,1247493
2021-06-04 09:39:25,808.0,1247496
2021-06-04 09:39:27,808.0,1247811
2021-06-04 09:39:28,808.0,1247886
2021-06-04 09:39:29,807.75,1248408
2021-06-04 09:39:30,807.75,1248448
2021-06-04 09:39:31,808.0,1248468
2021-06-04 09:39:32,807.75,1248803
2021-06-04 09:39:33,807.75,1249134
2021-06-04 09:39:35,808.0,1249144
2021-06-04 09:39:36,807.75,1249264
2021-06-04 09:39:37,807.95,1249547
2021-06-04 09:39:38,807.75,1249562
2021-06-04 09:39:39,808.0,1250411
2021-06-04 09:39:40,807.75,1250421
2021-06-04 09:39:40,807.75,1250421
2021-06-04 09:39:41,808.0,1250611
2021-06-04 09:39:42,808.0,1250761
2021-06-04 09:39:43,807.75,1251960
2021-06-04 09:39:44,808.0,1251971
2021-06-04 09:39:46,807.95,1251993
2021-06-04 09:39:46,807.95,1251993
2021-06-04 09:39:47,808.0,1252344
2021-06-04 09:39:49,808.0,1253033
2021-06-04 09:39:50,808.0,1253087
2021-06-04 09:39:51,808.0,1253290
2021-06-04 09:39:53,808.0,1253620
2021-06-04 09:39:54,807.75,1253655
2021-06-04 09:39:55,807.75,1253785
2021-06-04 09:39:56,807.75,1253859
2021-06-04 09:39:56,807.75,1253849
2021-06-04 09:39:57,807.7,1254265
2021-06-04 09:39:58,807.7,1254317
2021-06-04 09:39:59,808.0,1254517
2021-06-04 09:40:00,807.7,1254577
2021-06-04 09:40:02,807.8,1255025
2021-06-04 09:40:03,807.8,1255026
2021-06-04 09:40:03,807.8,1255026
2021-06-04 09:40:05,807.8,1255058
2021-06-04 09:40:06,808.0,1255900
2021-06-04 09:40:07,808.0,1256000
2021-06-04 09:40:08,807.6,1256157
2021-06-04 09:40:09,807.7,1256192
2021-06-04 09:40:10,807.95,1256198
2021-06-04 09:40:11,808.0,1256237
2021-06-04 09:40:12,807.7,1256402
2021-06-04 09:40:13,807.8,1256444
2021-06-04 09:40:14,807.8,1256578
2021-06-04 09:40:17,808.0,1256730
2021-06-04 09:40:18,808.0,1256792
2021-06-04 09:40:19,808.0,1256872
2021-06-04 09:40:19,807.8,1256922
2021-06-04 09:40:21,807.8,1257084
2021-06-04 09:40:22,808.0,1257135
2021-06-04 09:40:23,808.0,1257135
2021-06-04 09:40:24,807.8,1257162
2021-06-04 09:40:25,807.8,1257177
2021-06-04 09:40:26,807.85,1260667
2021-06-04 09:40:28,807.9,1261232
2021-06-04 09:40:29,807.85,1261327
2021-06-04 09:40:30,807.9,1261417
2021-06-04 09:40:30,807.7,1261457
2021-06-04 09:40:31,807.7,1261585
2021-06-04 09:40:32,807.9,1261610
2021-06-04 09:40:33,807.7,1261627
2021-06-04 09:40:34,807.7,1261627
2021-06-04 09:40:35,807.7,1261627
2021-06-04 09:40:36,807.85,1262284
2021-06-04 09:40:37,807.9,1262994
2021-06-04 09:40:38,807.8,1263000
2021-06-04 09:40:39,807.85,1263023
2021-06-04 09:40:41,807.3,1266676
2021-06-04 09:40:43,807.45,1266857
2021-06-04 09:40:44,807.3,1267520
2021-06-04 09:40:45,807.3,1267520
2021-06-04 09:40:46,807.3,1268211
2021-06-04 09:40:46,807.3,1268211
2021-06-04 09:40:47,807.3,1268574
2021-06-04 09:40:49,807.3,1268675
2021-06-04 09:40:50,807.2,1271236
2021-06-04 09:40:50,807.2,1271261
2021-06-04 09:40:51,807.5,1271297
2021-06-04 09:40:52,807.7,1271350
2021-06-04 09:40:53,807.6,1272141
2021-06-04 09:40:54,807.75,1272230
2021-06-04 09:40:55,807.95,1272766
2021-06-04 09:40:56,807.4,1272862
2021-06-04 09:40:58,807.4,1272871
2021-06-04 09:40:59,807.5,1273040
2021-06-04 09:41:00,807.45,1273283
2021-06-04 09:41:01,807.4,1273380
2021-06-04 09:41:02,807.4,1273390
2021-06-04 09:41:03,807.8,1274146
2021-06-04 09:41:04,807.85,1274583
2021-06-04 09:41:05,807.85,1274662
2021-06-04 09:41:05,807.4,1274670
2021-06-04 09:41:06,807.6,1274721
2021-06-04 09:41:07,807.4,1275039
2021-06-04 09:41:08,807.6,1275082
2021-06-04 09:41:10,807.75,1275643
2021-06-04 09:41:12,807.75,1275824
2021-06-04 09:41:12,807.65,1275835
2021-06-04 09:41:13,807.65,1276012
2021-06-04 09:41:14,807.9,1276087
2021-06-04 09:41:15,807.45,1276375
2021-06-04 09:41:16,807.75,1276554
2021-06-04 09:41:17,807.45,1276721
2021-06-04 09:41:18,807.4,1276793
2021-06-04 09:41:19,807.85,1277220
2021-06-04 09:41:20,807.9,1277453
2021-06-04 09:41:21,807.7,1277661
2021-06-04 09:41:22,807.85,1277794
2021-06-04 09:41:23,808.0,1278392
2021-06-04 09:41:24,807.85,1278501
2021-06-04 09:41:25,808.0,1278713
2021-06-04 09:41:27,808.0,1279326
2021-06-04 09:41:28,808.0,1279449
2021-06-04 09:41:29,807.85,1279550
2021-06-04 09:41:30,807.85,1279560
2021-06-04 09:41:31,808.0,1279648
2021-06-04 09:41:32,808.0,1279778
2021-06-04 09:41:33,807.85,1279981
2021-06-04 09:41:34,808.0,1280009
2021-06-04 09:41:35,808.0,1280534
2021-06-04 09:41:36,807.85,1280872
2021-06-04 09:41:37,807.85,1281018
2021-06-04 09:41:37,808.0,1281064
2021-06-04 09:41:38,808.0,1282229
2021-06-04 09:41:39,807.85,1282348
2021-06-04 09:41:40,807.85,1282471
2021-06-04 09:41:42,808.0,1283014
2021-06-04 09:41:43,808.0,1283319
2021-06-04 09:41:43,807.8,1283394
2021-06-04 09:41:44,808.0,1283602
2021-06-04 09:41:45,808.0,1284163
2021-06-04 09:41:46,807.85,1284359
2021-06-04 09:41:48,808.05,1284507
2021-06-04 09:41:49,808.0,1284547
2021-06-04 09:41:50,808.0,1284753
2021-06-04 09:41:51,808.4,1287867
2021-06-04 09:41:52,807.9,1288418
2021-06-04 09:41:53,807.9,1288429
2021-06-04 09:41:54,807.8,1292708
2021-06-04 09:41:56,807.8,1293189
2021-06-04 09:41:56,807.8,1293238
2021-06-04 09:41:57,808.0,1293246
2021-06-04 09:41:58,808.0,1293314
2021-06-04 09:41:59,808.0,1293411
2021-06-04 09:42:00,807.65,1293425
2021-06-04 09:42:03,807.6,1294169
2021-06-04 09:42:03,807.45,1294244
2021-06-04 09:42:04,807.75,1294326
2021-06-04 09:42:05,807.45,1294484
2021-06-04 09:42:07,807.45,1294670
2021-06-04 09:42:08,807.7,1294860
2021-06-04 09:42:09,807.7,1294911
2021-06-04 09:42:10,807.95,1295436
2021-06-04 09:42:11,807.9,1295489
2021-06-04 09:42:11,807.5,1295495
2021-06-04 09:42:12,807.5,1295495
2021-06-04 09:42:13,807.9,1295543
2021-06-04 09:42:15,807.9,1295594
2021-06-04 09:42:16,807.5,1295599
2021-06-04 09:42:17,807.5,1295599
2021-06-04 09:42:18,807.65,1295974
2021-06-04 09:42:18,807.95,1296114
2021-06-04 09:42:19,807.65,1296213
2021-06-04 09:42:20,807.65,1296223
2021-06-04 09:42:21,807.95,1296518
2021-06-04 09:42:22,807.75,1296547
2021-06-04 09:42:23,807.95,1296778
2021-06-04 09:42:25,807.9,1296956
2021-06-04 09:42:26,807.65,1297016
2021-06-04 09:42:27,807.65,1297116
2021-06-04 09:42:28,807.9,1297151
2021-06-04 09:42:29,807.45,1299440
2021-06-04 09:42:29,807.9,1299490
2021-06-04 09:42:30,807.9,1299540
2021-06-04 09:42:31,807.65,1299840
2021-06-04 09:42:33,807.9,1300055
2021-06-04 09:42:34,808.1,1302219
2021-06-04 09:42:35,808.0,1302229
2021-06-04 09:42:36,807.6,1302339
2021-06-04 09:42:36,807.6,1302339
2021-06-04 09:42:37,807.65,1302439
2021-06-04 09:42:38,807.65,1302439
2021-06-04 09:42:40,807.6,1302498
2021-06-04 09:42:41,808.05,1302578
2021-06-04 09:42:42,808.05,1302578
2021-06-04 09:42:43,807.8,1302658
2021-06-04 09:42:44,807.8,1302701
2021-06-04 09:42:45,807.8,1302767
2021-06-04 09:42:46,807.65,1302817
2021-06-04 09:42:47,808.0,1302927
2021-06-04 09:42:48,807.6,1303277
2021-06-04 09:42:49,807.6,1303277
2021-06-04 09:42:50,808.05,1303477
2021-06-04 09:42:51,807.55,1303639
2021-06-04 09:42:52,807.55,1303639
2021-06-04 09:42:53,807.8,1303675
2021-06-04 09:42:53,807.8,1303675
2021-06-04 09:42:54,807.8,1303775
2021-06-04 09:42:55,807.6,1303975
2021-06-04 09:42:57,807.85,1304096
2021-06-04 09:42:57,807.85,1304096
2021-06-04 09:42:58,807.85,1304146
2021-06-04 09:42:59,808.0,1304250
2021-06-04 09:43:00,807.65,1304478
2021-06-04 09:43:01,808.05,1304508
2021-06-04 09:43:02,808.3,1306483
2021-06-04 09:43:03,808.3,1306483
2021-06-04 09:43:04,808.2,1306504
2021-06-04 09:43:05,808.0,1306513
2021-06-04 09:43:08,808.0,1306604
2021-06-04 09:43:09,808.25,1306654
2021-06-04 09:43:10,808.0,1306704
2021-06-04 09:43:11,808.05,1306864
2021-06-04 09:43:12,808.25,1306874
2021-06-04 09:43:13,808.05,1306927
2021-06-04 09:43:14,808.4,1307203
2021-06-04 09:43:15,808.4,1307203
2021-06-04 09:43:15,808.4,1307203
2021-06-04 09:43:16,808.4,1307203
2021-06-04 09:43:17,808.1,1307287
2021-06-04 09:43:19,808.55,1308733
2021-06-04 09:43:20,808.55,1308846
2021-06-04 09:43:21,808.55,1309028
2021-06-04 09:43:22,808.55,1309028
2021-06-04 09:43:23,808.55,1309028
2021-06-04 09:43:24,808.05,1310028
2021-06-04 09:43:25,808.05,1310232
2021-06-04 09:43:26,808.5,1311195
2021-06-04 09:43:28,808.55,1311280
2021-06-04 09:43:29,808.1,1311432
2021-06-04 09:43:29,808.05,1312042
2021-06-04 09:43:30,808.3,1312666
2021-06-04 09:43:31,808.25,1312766
2021-06-04 09:43:34,808.25,1312844
2021-06-04 09:43:35,808.2,1312846
2021-06-04 09:43:36,808.1,1313060
2021-06-04 09:43:37,808.3,1313145
2021-06-04 09:43:38,808.1,1313170
2021-06-04 09:43:39,808.1,1313250
2021-06-04 09:43:39,808.1,1313250
2021-06-04 09:43:40,808.1,1313250
2021-06-04 09:43:41,808.1,1313295
2021-06-04 09:43:43,808.3,1313302
2021-06-04 09:43:44,808.3,1313880
2021-06-04 09:43:45,808.25,1314106
2021-06-04 09:43:46,808.25,1314158
2021-06-04 09:43:47,808.0,1316541
2021-06-04 09:43:48,808.0,1316598
2021-06-04 09:43:49,808.15,1316669
2021-06-04 09:43:50,808.15,1316669
2021-06-04 09:43:51,808.1,1316878
2021-06-04 09:43:51,808.1,1316878
2021-06-04 09:43:52,808.0,1316899
2021-06-04 09:43:53,808.0,1317215
2021-06-04 09:43:54,808.0,1317487
2021-06-04 09:43:57,808.15,1317787
2021-06-04 09:43:58,808.15,1317847
2021-06-04 09:43:59,808.1,1317866
2021-06-04 09:44:00,808.25,1317876
2021-06-04 09:44:01,808.25,1317880
2021-06-04 09:44:02,808.1,1317965
2021-06-04 09:44:03,808.3,1318546
2021-06-04 09:44:04,808.3,1318546
2021-06-04 09:44:05,808.25,1318654
2021-06-04 09:44:05,808.25,1318654
2021-06-04 09:44:07,808.15,1319443
2021-06-04 09:44:07,808.15,1319443
2021-06-04 09:44:08,808.15,1319568
2021-06-04 09:44:09,808.15,1319568
2021-06-04 09:44:11,808.0,1319610
2021-06-04 09:44:12,808.15,1319640
2021-06-04 09:44:13,808.2,1319702
2021-06-04 09:44:14,808.1,1319750
2021-06-04 09:44:15,808.0,1320144
2021-06-04 09:44:16,808.0,1320197
2021-06-04 09:44:17,808.3,1320333
2021-06-04 09:44:17,808.3,1320333
2021-06-04 09:44:18,808.3,1320343
2021-06-04 09:44:19,808.3,1320343
2021-06-04 09:44:20,808.2,1320400
2021-06-04 09:44:22,808.2,1322906
2021-06-04 09:44:23,808.2,1322908
2021-06-04 09:44:24,808.2,1322908
2021-06-04 09:44:25,808.15,1323054
2021-06-04 09:44:26,808.05,1323698
2021-06-04 09:44:27,808.2,1323898
2021-06-04 09:44:28,808.2,1323898
2021-06-04 09:44:29,808.2,1323960
2021-06-04 09:44:30,808.2,1324027
2021-06-04 09:44:31,808.25,1324227
2021-06-04 09:44:32,808.3,1324369
2021-06-04 09:44:33,808.3,1324369
2021-06-04 09:44:34,808.2,1324371
2021-06-04 09:44:35,808.2,1324371
2021-06-04 09:44:36,808.2,1324371
2021-06-04 09:44:37,808.2,1324371
2021-06-04 09:44:38,808.3,1324406
2021-06-04 09:44:39,808.2,1324506
2021-06-04 09:44:40,808.3,1324568
2021-06-04 09:44:41,808.2,1324610
2021-06-04 09:44:42,808.2,1324610
2021-06-04 09:44:43,808.3,1324615
2021-06-04 09:44:44,808.3,1324666
2021-06-04 09:44:45,808.3,1324666
2021-06-04 09:44:46,808.3,1324672
2021-06-04 09:44:47,808.3,1324722
2021-06-04 09:44:48,808.2,1324725
2021-06-04 09:44:49,808.3,1324969
2021-06-04 09:44:50,808.05,1325135
2021-06-04 09:44:51,808.3,1325975
2021-06-04 09:44:52,808.0,1326005
2021-06-04 09:44:53,808.3,1326275
2021-06-04 09:44:54,808.3,1326275
2021-06-04 09:44:54,808.05,1326295
2021-06-04 09:44:56,808.2,1326297
2021-06-04 09:44:57,808.2,1326297
2021-06-04 09:44:58,808.2,1326564
2021-06-04 09:44:59,808.0,1326645
2021-06-04 09:45:00,808.0,1326645
2021-06-04 09:45:01,808.2,1326647
2021-06-04 09:45:02,808.0,1326912
2021-06-04 09:45:03,808.2,1326913
2021-06-04 09:45:04,808.15,1326922
2021-06-04 09:45:05,808.1,1327022
2021-06-04 09:45:06,808.0,1328226
2021-06-04 09:45:07,808.2,1328257
2021-06-04 09:45:08,808.2,1328277
2021-06-04 09:45:09,808.0,1328506
2021-06-04 09:45:10,808.0,1328530
2021-06-04 09:45:11,808.0,1328570
2021-06-04 09:45:12,808.0,1331220
2021-06-04 09:45:13,808.15,1331230
2021-06-04 09:45:14,808.15,1331282
2021-06-04 09:45:15,807.5,1335312
2021-06-04 09:45:17,807.5,1335517
2021-06-04 09:45:18,808.0,1335539
2021-06-04 09:45:19,807.55,1335540
2021-06-04 09:45:20,808.0,1336740
2021-06-04 09:45:20,808.0,1336740
2021-06-04 09:45:21,808.0,1336904
2021-06-04 09:45:23,807.55,1336910
2021-06-04 09:45:24,807.95,1336945
2021-06-04 09:45:25,807.55,1337020
2021-06-04 09:45:26,807.9,1337256
2021-06-04 09:45:27,807.9,1337256
2021-06-04 09:45:28,807.55,1337324
2021-06-04 09:45:28,807.9,1337314
2021-06-04 09:45:29,807.9,1337334
2021-06-04 09:45:31,807.55,1337585
2021-06-04 09:45:32,807.9,1337685
2021-06-04 09:45:33,807.55,1337814
2021-06-04 09:45:34,807.75,1338174
2021-06-04 09:45:35,807.75,1338174
2021-06-04 09:45:36,807.9,1339216
2021-06-04 09:45:37,807.9,1339216
2021-06-04 09:45:38,808.4,1342377
2021-06-04 09:45:39,808.95,1343734
2021-06-04 09:45:40,809.0,1345225
2021-06-04 09:45:41,808.5,1346285
2021-06-04 09:45:42,808.5,1346348
2021-06-04 09:45:43,808.5,1346392
2021-06-04 09:45:44,808.95,1347402
2021-06-04 09:45:44,809.0,1347442
2021-06-04 09:45:45,809.0,1347544
2021-06-04 09:45:46,809.0,1348099
2021-06-04 09:45:47,808.6,1348112
2021-06-04 09:45:49,808.85,1348295
2021-06-04 09:45:50,809.0,1348808
2021-06-04 09:45:51,808.55,1348988
2021-06-04 09:45:52,809.0,1349205
2021-06-04 09:45:53,809.0,1349241
2021-06-04 09:45:54,808.7,1349541
2021-06-04 09:45:55,809.0,1349581
2021-06-04 09:45:56,808.55,1349650
2021-06-04 09:45:57,808.85,1349675
2021-06-04 09:45:58,809.0,1350117
2021-06-04 09:45:59,809.0,1350117
2021-06-04 09:46:00,808.45,1351173
2021-06-04 09:46:01,808.4,1351270
2021-06-04 09:46:02,808.35,1351470
2021-06-04 09:46:03,808.35,1351470
2021-06-04 09:46:04,808.0,1351521
2021-06-04 09:46:06,808.15,1351581
2021-06-04 09:46:07,808.05,1351595
2021-06-04 09:46:08,808.05,1351595
2021-06-04 09:46:09,808.05,1351825
2021-06-04 09:46:10,808.05,1351826
2021-06-04 09:46:11,807.8,1351938
2021-06-04 09:46:12,807.7,1355763
2021-06-04 09:46:13,807.7,1355763
2021-06-04 09:46:14,807.7,1355816
2021-06-04 09:46:15,807.7,1355816
2021-06-04 09:46:16,807.6,1356008
2021-06-04 09:46:17,807.75,1356279
2021-06-04 09:46:18,807.9,1356445
2021-06-04 09:46:20,808.0,1356512
2021-06-04 09:46:23,807.65,1357259
2021-06-04 09:46:24,807.7,1357447
2021-06-04 09:46:25,807.95,1357457
2021-06-04 09:46:26,807.5,1358103
2021-06-04 09:46:27,807.9,1358153
2021-06-04 09:46:28,807.55,1358206
2021-06-04 09:46:29,807.7,1358221
2021-06-04 09:46:30,807.7,1358656
2021-06-04 09:46:31,807.9,1359896
2021-06-04 09:46:32,807.9,1359898
2021-06-04 09:46:33,807.9,1360055
2021-06-04 09:46:34,808.4,1361948
2021-06-04 09:46:35,808.35,1362799
2021-06-04 09:46:36,808.35,1362819
2021-06-04 09:46:37,808.4,1362970
2021-06-04 09:46:38,808.4,1362986
2021-06-04 09:46:40,808.45,1363098
2021-06-04 09:46:41,808.5,1363439
2021-06-04 09:46:42,808.8,1363643
2021-06-04 09:46:43,808.8,1363659
2021-06-04 09:46:44,809.0,1365135
2021-06-04 09:46:47,808.95,1365297
2021-06-04 09:46:46,808.95,1365296
2021-06-04 09:46:48,808.95,1365311
2021-06-04 09:46:49,808.6,1365642
2021-06-04 09:46:50,808.9,1365684
2021-06-04 09:46:51,808.4,1365803
2021-06-04 09:46:52,808.9,1366233
2021-06-04 09:46:55,808.6,1366721
2021-06-04 09:46:54,808.9,1366720
2021-06-04 09:46:56,808.9,1366926
2021-06-04 09:46:57,808.85,1367304
2021-06-04 09:46:58,808.45,1367316
2021-06-04 09:46:59,808.35,1367796
2021-06-04 09:47:00,808.35,1368054
2021-06-04 09:47:01,807.75,1370690
2021-06-04 09:47:02,807.9,1370830
2021-06-04 09:47:03,808.0,1370848
2021-06-04 09:47:04,808.05,1370870
2021-06-04 09:47:05,808.0,1370979
2021-06-04 09:47:06,807.9,1371142
2021-06-04 09:47:07,807.8,1371221
2021-06-04 09:47:08,807.8,1371280
2021-06-04 09:47:10,807.8,1371355
2021-06-04 09:47:11,807.8,1371355
2021-06-04 09:47:12,808.15,1371399
2021-06-04 09:47:13,807.85,1371466
2021-06-04 09:47:14,807.85,1371579
2021-06-04 09:47:15,808.2,1371683
2021-06-04 09:47:16,808.5,1371727
2021-06-04 09:47:17,808.5,1371770
2021-06-04 09:47:18,808.4,1371844
2021-06-04 09:47:19,808.25,1371958
2021-06-04 09:47:21,808.25,1372137
2021-06-04 09:47:20,808.4,1371975
2021-06-04 09:47:22,808.15,1372489
2021-06-04 09:47:23,808.2,1372513
2021-06-04 09:47:24,808.2,1372561
2021-06-04 09:47:25,808.2,1372597
2021-06-04 09:47:26,808.05,1372718
2021-06-04 09:47:28,808.2,1372921
2021-06-04 09:47:27,808.2,1372921
2021-06-04 09:47:30,808.2,1374352
2021-06-04 09:47:31,808.2,1374482
2021-06-04 09:47:33,808.2,1374557
2021-06-04 09:47:34,808.2,1374558
2021-06-04 09:47:35,808.2,1374645
2021-06-04 09:47:36,808.2,1375154
2021-06-04 09:47:37,808.2,1375198
2021-06-04 09:47:38,808.25,1376905
2021-06-04 09:47:39,808.4,1378105
2021-06-04 09:47:40,808.2,1378122
2021-06-04 09:47:42,808.1,1378202
2021-06-04 09:47:43,808.1,1378202
2021-06-04 09:47:44,808.2,1378337
2021-06-04 09:47:45,808.95,1381667
2021-06-04 09:47:46,809.0,1381769
2021-06-04 09:47:47,808.45,1381889
2021-06-04 09:47:48,808.6,1385363
2021-06-04 09:47:49,808.6,1385363
2021-06-04 09:47:50,808.55,1385973
2021-06-04 09:47:52,808.15,1386322
2021-06-04 09:47:53,808.45,1386422
2021-06-04 09:47:54,808.45,1386422
2021-06-04 09:47:55,808.25,1386591
2021-06-04 09:47:56,808.25,1386848
2021-06-04 09:47:57,808.6,1386888
2021-06-04 09:47:58,808.6,1386998
2021-06-04 09:48:00,807.95,1398953
2021-06-04 09:48:00,807.95,1399034
2021-06-04 09:48:01,807.65,1406063
2021-06-04 09:48:02,807.75,1406343
2021-06-04 09:48:03,807.75,1406545
2021-06-04 09:48:04,807.85,1406878
2021-06-04 09:48:05,807.85,1407099
2021-06-04 09:48:06,807.6,1407462
2021-06-04 09:48:07,807.9,1407752
2021-06-04 09:48:08,807.85,1407862
2021-06-04 09:48:09,807.6,1407864
2021-06-04 09:48:11,807.95,1407992
2021-06-04 09:48:11,807.95,1407992
2021-06-04 09:48:12,807.95,1408007
2021-06-04 09:48:13,808.0,1408176
2021-06-04 09:48:14,807.65,1408363
2021-06-04 09:48:18,807.8,1409287
2021-06-04 09:48:18,807.7,1409288
2021-06-04 09:48:19,807.6,1409502
2021-06-04 09:48:20,807.6,1409578
2021-06-04 09:48:21,807.6,1409771
2021-06-04 09:48:22,807.65,1409892
2021-06-04 09:48:23,807.7,1409917
2021-06-04 09:48:25,807.8,1410143
2021-06-04 09:48:25,807.75,1410041
2021-06-04 09:48:26,807.95,1410662
2021-06-04 09:48:27,808.4,1410733
2021-06-04 09:48:29,808.0,1410905
2021-06-04 09:48:30,808.35,1411183
2021-06-04 09:48:32,807.75,1411547
2021-06-04 09:48:33,807.75,1411767
2021-06-04 09:48:34,808.0,1412536
2021-06-04 09:48:35,807.85,1412774
2021-06-04 09:48:36,807.85,1412949
2021-06-04 09:48:37,807.85,1412966
2021-06-04 09:48:39,807.85,1412978
2021-06-04 09:48:39,807.85,1412982
2021-06-04 09:48:40,807.85,1413232
2021-06-04 09:48:42,808.0,1413661
2021-06-04 09:48:43,807.9,1413805
2021-06-04 09:48:44,808.05,1413997
2021-06-04 09:48:45,808.05,1414041
2021-06-04 09:48:46,808.05,1414079
2021-06-04 09:48:47,808.0,1414414
2021-06-04 09:48:48,808.0,1414430
2021-06-04 09:48:49,808.05,1414456
2021-06-04 09:48:50,808.2,1414738
2021-06-04 09:48:52,808.2,1415017
2021-06-04 09:48:52,808.2,1415017
2021-06-04 09:48:53,808.3,1417922
2021-06-04 09:48:54,808.05,1417926
2021-06-04 09:48:55,808.35,1418319
2021-06-04 09:48:56,808.35,1418319
2021-06-04 09:48:58,808.35,1418370
2021-06-04 09:48:59,808.2,1418528
2021-06-04 09:48:59,808.2,1418528
2021-06-04 09:49:00,808.0,1418532
2021-06-04 09:49:01,807.85,1419912
2021-06-04 09:49:02,807.85,1420007
2021-06-04 09:49:03,807.85,1421010
2021-06-04 09:49:04,808.0,1421035
2021-06-04 09:49:05,807.95,1421036
2021-06-04 09:49:07,807.85,1421200
2021-06-04 09:49:07,807.85,1421200
2021-06-04 09:49:09,807.85,1421507
2021-06-04 09:49:10,807.85,1421510
2021-06-04 09:49:11,808.05,1422420
2021-06-04 09:49:12,808.15,1422490
2021-06-04 09:49:14,808.25,1422502
2021-06-04 09:49:14,808.25,1422502
2021-06-04 09:49:15,807.85,1422597
2021-06-04 09:49:16,807.85,1422597
2021-06-04 09:49:17,808.0,1422622
2021-06-04 09:49:19,807.95,1422642
2021-06-04 09:49:19,807.95,1422642
2021-06-04 09:49:20,807.95,1422642
2021-06-04 09:49:21,807.85,1422904
2021-06-04 09:49:22,807.85,1422904
2021-06-04 09:49:23,807.85,1423404
2021-06-04 09:49:24,808.0,1424494
2021-06-04 09:49:26,808.0,1424547
2021-06-04 09:49:26,808.0,1424547
2021-06-04 09:49:27,808.0,1424577
2021-06-04 09:49:28,808.0,1424609
2021-06-04 09:49:29,807.85,1425133
2021-06-04 09:49:30,807.85,1425133
2021-06-04 09:49:31,807.85,1425244
2021-06-04 09:49:32,807.85,1425744
2021-06-04 09:49:33,807.85,1425752
2021-06-04 09:49:36,808.0,1426072
2021-06-04 09:49:36,808.0,1426072
2021-06-04 09:49:37,807.8,1426867
2021-06-04 09:49:38,807.8,1426867
2021-06-04 09:49:39,807.8,1426926
2021-06-04 09:49:41,807.8,1426966
2021-06-04 09:49:43,807.85,1426968
2021-06-04 09:49:44,807.8,1427010
2021-06-04 09:49:45,807.8,1427311
2021-06-04 09:49:45,807.9,1427339
2021-06-04 09:49:46,807.9,1427370
2021-06-04 09:49:47,808.05,1427671
2021-06-04 09:49:48,807.9,1427752
2021-06-04 09:49:49,807.9,1427752
2021-06-04 09:49:51,807.9,1427915
2021-06-04 09:49:52,807.9,1427950
2021-06-04 09:49:52,807.9,1427950
2021-06-04 09:49:53,807.9,1427950
2021-06-04 09:49:54,808.05,1427960
2021-06-04 09:49:55,807.9,1428127
2021-06-04 09:49:56,808.1,1428297
2021-06-04 09:49:57,808.1,1428397
2021-06-04 09:49:58,807.9,1428459
2021-06-04 09:50:00,807.8,1429011
2021-06-04 09:50:01,807.85,1429054
2021-06-04 09:50:01,807.85,1429054
2021-06-04 09:50:02,808.0,1429155
2021-06-04 09:50:03,807.9,1429185
2021-06-04 09:50:05,808.0,1429194
2021-06-04 09:50:05,807.9,1429204
2021-06-04 09:50:06,807.85,1429465
2021-06-04 09:50:07,807.85,1429465
2021-06-04 09:50:09,808.0,1429917
2021-06-04 09:50:10,808.0,1429927
2021-06-04 09:50:11,808.0,1430480
2021-06-04 09:50:12,807.9,1430486
2021-06-04 09:50:13,808.0,1430584
2021-06-04 09:50:14,808.0,1431148
2021-06-04 09:50:16,808.05,1431150
2021-06-04 09:50:17,808.05,1431802
2021-06-04 09:50:17,808.05,1431802
2021-06-04 09:50:18,807.85,1431822
2021-06-04 09:50:19,808.1,1432121
2021-06-04 09:50:21,807.85,1432241
2021-06-04 09:50:22,807.85,1432386
2021-06-04 09:50:23,808.05,1432436
2021-06-04 09:50:24,808.1,1432524
2021-06-04 09:50:24,808.15,1432574
2021-06-04 09:50:25,808.15,1432596
2021-06-04 09:50:26,808.2,1432962
2021-06-04 09:50:27,808.5,1433666
2021-06-04 09:50:29,808.55,1433767
2021-06-04 09:50:30,808.25,1433773
2021-06-04 09:50:31,808.15,1433827
2021-06-04 09:50:31,808.15,1433827
2021-06-04 09:50:32,808.25,1433831
2021-06-04 09:50:33,808.25,1433939
2021-06-04 09:50:34,808.5,1434164
2021-06-04 09:50:35,808.5,1434224
2021-06-04 09:50:37,808.5,1435326
2021-06-04 09:50:38,808.8,1437213
2021-06-04 09:50:39,808.5,1437263
2021-06-04 09:50:39,808.5,1437263
2021-06-04 09:50:40,808.8,1437363
2021-06-04 09:50:41,808.8,1437363
2021-06-04 09:50:42,808.8,1437365
2021-06-04 09:50:44,808.5,1437507
2021-06-04 09:50:45,808.5,1437587
2021-06-04 09:50:46,808.65,1437677
2021-06-04 09:50:47,808.5,1437767
2021-06-04 09:50:51,808.5,1438085
2021-06-04 09:50:52,808.65,1438185
2021-06-04 09:50:54,808.65,1438187
2021-06-04 09:50:55,808.65,1438208
2021-06-04 09:50:56,808.7,1438290
2021-06-04 09:50:57,808.5,1438334
2021-06-04 09:50:58,808.65,1438337
2021-06-04 09:51:00,808.75,1438338
2021-06-04 09:51:01,808.75,1438344
2021-06-04 09:51:02,808.75,1438344
2021-06-04 09:51:02,808.6,1438394
2021-06-04 09:51:03,808.75,1438480
2021-06-04 09:51:04,808.8,1438504
2021-06-04 09:51:05,808.8,1438529
2021-06-04 09:51:07,808.85,1438928
2021-06-04 09:51:08,808.85,1438943
2021-06-04 09:51:08,808.85,1438943
2021-06-04 09:51:09,808.8,1438958
2021-06-04 09:51:10,808.95,1439119
2021-06-04 09:51:12,808.95,1439169
2021-06-04 09:51:13,808.85,1439394
2021-06-04 09:51:13,808.8,1439421
2021-06-04 09:51:14,809.0,1439621
2021-06-04 09:51:15,808.85,1439669
2021-06-04 09:51:16,808.85,1439669
2021-06-04 09:51:17,809.0,1439769
2021-06-04 09:51:18,809.0,1439769
2021-06-04 09:51:20,809.0,1441533
2021-06-04 09:51:21,809.0,1441929
2021-06-04 09:51:21,808.85,1441923
2021-06-04 09:51:22,809.0,1441929
2021-06-04 09:51:23,809.0,1443190
2021-06-04 09:51:24,809.0,1443195
2021-06-04 09:51:25,808.9,1443348
2021-06-04 09:51:27,808.85,1443913
2021-06-04 09:51:28,808.8,1443977
2021-06-04 09:51:28,808.8,1444041
2021-06-04 09:51:29,808.85,1444149
2021-06-04 09:51:31,808.85,1444235
2021-06-04 09:51:32,808.9,1445035
2021-06-04 09:51:33,808.45,1449045
2021-06-04 09:51:34,808.0,1449173
2021-06-04 09:51:36,808.25,1449534
2021-06-04 09:51:37,808.05,1449634
2021-06-04 09:51:38,808.05,1449634
2021-06-04 09:51:39,808.0,1460160
2021-06-04 09:51:40,808.0,1460369
2021-06-04 09:51:42,808.0,1460800
2021-06-04 09:51:43,808.05,1460935
2021-06-04 09:51:44,807.85,1460978
2021-06-04 09:51:45,808.05,1461033
2021-06-04 09:51:46,808.0,1461187
2021-06-04 09:51:48,808.0,1461901
2021-06-04 09:51:49,808.0,1461901
2021-06-04 09:51:50,808.0,1461926
2021-06-04 09:51:51,807.8,1462221
2021-06-04 09:51:52,807.85,1463030
2021-06-04 09:51:53,808.0,1463033
2021-06-04 09:51:54,808.05,1463438
2021-06-04 09:51:55,807.8,1463477
2021-06-04 09:51:57,807.8,1463488
2021-06-04 09:51:57,808.0,1463593
2021-06-04 09:51:58,807.8,1463835
2021-06-04 09:51:59,808.0,1463845
2021-06-04 09:52:00,807.8,1463847
2021-06-04 09:52:02,807.8,1463847
2021-06-04 09:52:03,808.0,1463849
2021-06-04 09:52:03,808.0,1463849
2021-06-04 09:52:04,807.75,1464630
2021-06-04 09:52:05,808.2,1464638
2021-06-04 09:52:06,808.2,1464802
2021-06-04 09:52:08,808.05,1464983
2021-06-04 09:52:09,807.9,1465483
2021-06-04 09:52:10,807.9,1465483
2021-06-04 09:52:11,808.0,1465484
2021-06-04 09:52:12,808.2,1465628
2021-06-04 09:52:13,808.35,1466138
2021-06-04 09:52:13,808.35,1466138
2021-06-04 09:52:14,808.35,1466148
2021-06-04 09:52:16,808.0,1466149
2021-06-04 09:52:17,808.0,1466149
2021-06-04 09:52:18,808.0,1466150
2021-06-04 09:52:19,808.0,1466150
2021-06-04 09:52:20,808.0,1466186
2021-06-04 09:52:21,807.9,1466383
2021-06-04 09:52:22,807.9,1466383
2021-06-04 09:52:23,808.0,1466884
2021-06-04 09:52:24,808.4,1466964
2021-06-04 09:52:25,808.25,1466989
2021-06-04 09:52:26,808.25,1466989
2021-06-04 09:52:27,808.45,1467032
2021-06-04 09:52:28,808.45,1467032
2021-06-04 09:52:29,808.5,1467055
2021-06-04 09:52:30,808.8,1467065
2021-06-04 09:52:31,808.8,1467125
2021-06-04 09:52:32,808.35,1467493
2021-06-04 09:52:32,808.35,1467493
2021-06-04 09:52:33,808.45,1467543
2021-06-04 09:52:35,808.4,1467574
2021-06-04 09:52:35,808.4,1467574
2021-06-04 09:52:37,808.35,1468250
2021-06-04 09:52:37,808.35,1468250
2021-06-04 09:52:38,808.35,1468267
2021-06-04 09:52:39,808.0,1468486
2021-06-04 09:52:41,807.9,1468527
2021-06-04 09:52:41,807.9,1468527
2021-06-04 09:52:42,808.1,1468547
2021-06-04 09:52:43,807.85,1468820
2021-06-04 09:52:45,807.7,1470357
2021-06-04 09:52:46,808.0,1470857
2021-06-04 09:52:47,807.95,1471020
2021-06-04 09:52:48,807.95,1471023
2021-06-04 09:52:48,807.95,1471023
2021-06-04 09:52:49,808.35,1472560
2021-06-04 09:52:50,808.35,1472560
2021-06-04 09:52:51,808.35,1472660
2021-06-04 09:52:53,808.2,1472735
2021-06-04 09:52:54,808.2,1472735
2021-06-04 09:52:55,808.4,1472760
2021-06-04 09:52:57,808.2,1474009
2021-06-04 09:52:58,808.0,1474064
2021-06-04 09:52:59,808.0,1474116
2021-06-04 09:53:00,807.95,1474218
2021-06-04 09:53:01,807.8,1475746
2021-06-04 09:53:02,807.8,1475746
2021-06-04 09:53:02,807.8,1475746
2021-06-04 09:53:03,808.1,1476093
2021-06-04 09:53:04,808.1,1476093
2021-06-04 09:53:05,808.2,1476255
2021-06-04 09:53:06,807.85,1476337
2021-06-04 09:53:08,807.85,1476337
2021-06-04 09:53:08,807.85,1476337
2021-06-04 09:53:11,808.0,1476491
2021-06-04 09:53:12,808.0,1476491
2021-06-04 09:53:13,808.0,1476491
2021-06-04 09:53:14,808.25,1476588
2021-06-04 09:53:15,808.25,1476589
2021-06-04 09:53:16,808.3,1476652
2021-06-04 09:53:17,808.3,1476652
2021-06-04 09:53:18,807.95,1476852
2021-06-04 09:53:19,807.9,1476911
2021-06-04 09:53:20,808.2,1476937
2021-06-04 09:53:21,808.2,1476982
2021-06-04 09:53:22,808.1,1477398
2021-06-04 09:53:24,808.1,1477440
2021-06-04 09:53:24,808.1,1477440
2021-06-04 09:53:25,808.1,1477440
2021-06-04 09:53:27,808.3,1477489
2021-06-04 09:53:28,808.1,1477502
2021-06-04 09:53:29,808.05,1477553
2021-06-04 09:53:30,808.3,1477601
2021-06-04 09:53:31,808.3,1477607
2021-06-04 09:53:33,808.15,1477616
2021-06-04 09:53:33,808.15,1477616
2021-06-04 09:53:35,808.35,1479539
2021-06-04 09:53:36,808.1,1479686
2021-06-04 09:53:37,808.3,1479741
2021-06-04 09:53:37,808.3,1479739
2021-06-04 09:53:39,808.4,1480267
2021-06-04 09:53:40,808.5,1480277
2021-06-04 09:53:41,808.3,1480354
2021-06-04 09:53:41,808.3,1480354
2021-06-04 09:53:42,808.3,1480354
2021-06-04 09:53:43,808.3,1480454
2021-06-04 09:53:45,808.3,1480454
2021-06-04 09:53:45,808.3,1480454
2021-06-04 09:53:46,808.3,1480454
2021-06-04 09:53:48,808.4,1480580
2021-06-04 09:53:49,808.4,1480580
2021-06-04 09:53:50,808.3,1481012
2021-06-04 09:53:51,808.15,1481223
2021-06-04 09:53:52,808.3,1481245
2021-06-04 09:53:53,808.1,1481307
2021-06-04 09:53:54,808.1,1481307
2021-06-04 09:53:55,808.3,1481421
2021-06-04 09:53:56,808.1,1481460
2021-06-04 09:53:57,808.1,1481710
2021-06-04 09:53:57,808.1,1481710
2021-06-04 09:53:58,808.0,1481942
2021-06-04 09:53:59,808.05,1482892
2021-06-04 09:54:03,808.3,1483978
2021-06-04 09:54:05,808.2,1483986
2021-06-04 09:54:06,808.0,1484149
2021-06-04 09:54:07,808.0,1484149
2021-06-04 09:54:09,808.05,1484209
2021-06-04 09:54:10,808.2,1484915
2021-06-04 09:54:13,808.0,1484955
2021-06-04 09:54:13,808.0,1484955
2021-06-04 09:54:15,808.4,1485455
2021-06-04 09:54:15,808.4,1485455
2021-06-04 09:54:16,808.5,1485686
2021-06-04 09:54:17,808.5,1485687
2021-06-04 09:54:18,808.5,1485788
2021-06-04 09:54:19,808.55,1486088
2021-06-04 09:54:21,808.15,1486329
2021-06-04 09:54:22,808.2,1486429
2021-06-04 09:54:23,808.2,1486429
2021-06-04 09:54:24,808.05,1486581
2021-06-04 09:54:25,808.0,1486731
2021-06-04 09:54:25,808.0,1486732
2021-06-04 09:54:27,808.05,1487192
2021-06-04 09:54:28,808.15,1487307
2021-06-04 09:54:29,808.15,1487307
2021-06-04 09:54:30,808.15,1487307
2021-06-04 09:54:31,808.2,1487481
2021-06-04 09:54:31,808.2,1487481
2021-06-04 09:54:33,808.05,1487500
2021-06-04 09:54:34,808.05,1487500
2021-06-04 09:54:35,808.05,1487880
2021-06-04 09:54:36,808.2,1487970
2021-06-04 09:54:37,808.0,1488118
2021-06-04 09:54:38,808.2,1489119
2021-06-04 09:54:38,808.2,1489119
2021-06-04 09:54:40,808.05,1491342
2021-06-04 09:54:41,807.85,1491384
2021-06-04 09:54:42,808.2,1491490
2021-06-04 09:54:43,807.75,1493503
2021-06-04 09:54:44,807.9,1493571
2021-06-04 09:54:45,807.9,1493571
2021-06-04 09:54:46,807.85,1493582
2021-06-04 09:54:47,807.7,1493693
2021-06-04 09:54:48,807.85,1493696
2021-06-04 09:54:49,807.85,1493706
2021-06-04 09:54:50,807.85,1493706
2021-06-04 09:54:51,807.7,1493871
2021-06-04 09:54:52,807.85,1494121
2021-06-04 09:54:53,807.7,1494131
2021-06-04 09:54:54,807.7,1494440
2021-06-04 09:54:55,807.85,1494490
2021-06-04 09:54:56,807.6,1494529
2021-06-04 09:54:57,807.6,1494529
2021-06-04 09:54:58,807.85,1494530
2021-06-04 09:54:59,807.85,1494773
2021-06-04 09:55:00,807.85,1495004
2021-06-04 09:55:01,807.85,1495019
2021-06-04 09:55:02,807.6,1495569
2021-06-04 09:55:03,807.8,1495724
2021-06-04 09:55:04,807.8,1495724
2021-06-04 09:55:05,807.8,1495992
2021-06-04 09:55:06,807.8,1496254
2021-06-04 09:55:06,807.8,1496254
2021-06-04 09:55:08,807.8,1496254
2021-06-04 09:55:08,807.8,1496254
2021-06-04 09:55:10,807.8,1496254
2021-06-04 09:55:10,807.8,1496758
2021-06-04 09:55:11,807.8,1496758
2021-06-04 09:55:13,807.85,1497395
2021-06-04 09:55:14,807.85,1497397
2021-06-04 09:55:16,807.85,1497450
2021-06-04 09:55:18,808.0,1497562
2021-06-04 09:55:19,808.0,1497612
2021-06-04 09:55:20,808.0,1497826
2021-06-04 09:55:21,808.0,1497835
2021-06-04 09:55:23,807.85,1497936
2021-06-04 09:55:24,807.85,1497936
2021-06-04 09:55:25,808.05,1498506
2021-06-04 09:55:26,807.85,1498546
2021-06-04 09:55:27,807.9,1498626
2021-06-04 09:55:28,808.05,1498648
2021-06-04 09:55:29,807.9,1498781
2021-06-04 09:55:30,807.85,1498831
2021-06-04 09:55:31,807.95,1498987
2021-06-04 09:55:32,807.95,1499108
2021-06-04 09:55:33,807.95,1499110
2021-06-04 09:55:34,807.95,1499113
2021-06-04 09:55:35,807.95,1499125
2021-06-04 09:55:35,807.85,1499200
2021-06-04 09:55:36,807.85,1499257
2021-06-04 09:55:38,807.85,1499610
2021-06-04 09:55:39,807.8,1499630
2021-06-04 09:55:40,807.75,1499821
2021-06-04 09:55:40,807.85,1499781
2021-06-04 09:55:42,807.75,1500016
2021-06-04 09:55:42,807.75,1500016
2021-06-04 09:55:43,807.65,1500208
2021-06-04 09:55:45,807.65,1500268
2021-06-04 09:55:46,807.95,1500269
2021-06-04 09:55:47,807.85,1500276
2021-06-04 09:55:48,807.85,1500286
2021-06-04 09:55:49,807.85,1500286
2021-06-04 09:55:50,807.85,1500286
2021-06-04 09:55:51,807.6,1500579
2021-06-04 09:55:52,807.65,1502379
2021-06-04 09:55:53,807.65,1502379
2021-06-04 09:55:54,807.55,1502437
2021-06-04 09:55:55,807.55,1502438
2021-06-04 09:55:56,807.55,1502566
2021-06-04 09:55:57,807.55,1504321
2021-06-04 09:55:58,807.55,1504463
2021-06-04 09:55:59,807.55,1506450
2021-06-04 09:55:59,807.55,1506450
2021-06-04 09:56:01,807.65,1506736
2021-06-04 09:56:02,807.65,1506736
2021-06-04 09:56:03,807.65,1506736
2021-06-04 09:56:04,807.65,1507170
2021-06-04 09:56:05,807.65,1507216
2021-06-04 09:56:06,807.55,1508027
2021-06-04 09:56:06,807.55,1508027
2021-06-04 09:56:08,807.5,1511788
2021-06-04 09:56:08,807.5,1514326
2021-06-04 09:56:10,807.6,1514616
2021-06-04 09:56:11,807.25,1517735
2021-06-04 09:56:12,807.5,1518118
2021-06-04 09:56:13,807.5,1518119
2021-06-04 09:56:14,807.2,1518270
2021-06-04 09:56:15,807.2,1518315
2021-06-04 09:56:16,807.45,1518420
2021-06-04 09:56:17,807.2,1518660
2021-06-04 09:56:18,807.2,1519054
2021-06-04 09:56:19,807.45,1519131
2021-06-04 09:56:20,807.45,1519131
2021-06-04 09:56:21,807.2,1519318
2021-06-04 09:56:22,807.15,1519673
2021-06-04 09:56:23,807.4,1519679
2021-06-04 09:56:23,807.4,1519699
2021-06-04 09:56:24,807.4,1519709
2021-06-04 09:56:25,807.2,1519748
2021-06-04 09:56:26,807.2,1519753
2021-06-04 09:56:28,807.2,1519834
2021-06-04 09:56:28,807.2,1519876
2021-06-04 09:56:29,807.1,1521059
2021-06-04 09:56:31,807.1,1521131
2021-06-04 09:56:32,807.1,1521156
2021-06-04 09:56:33,807.4,1521786
2021-06-04 09:56:34,807.25,1521820
2021-06-04 09:56:35,807.1,1521846
2021-06-04 09:56:36,807.1,1521913
2021-06-04 09:56:37,807.1,1522063
2021-06-04 09:56:38,807.3,1522333
2021-06-04 09:56:39,807.3,1522333
2021-06-04 09:56:40,807.1,1522358
2021-06-04 09:56:41,807.1,1522414
2021-06-04 09:56:42,807.1,1522415
2021-06-04 09:56:43,807.45,1523476
2021-06-04 09:56:44,807.45,1523476
2021-06-04 09:56:45,807.15,1523486
2021-06-04 09:56:46,807.15,1523486
2021-06-04 09:56:47,807.15,1523486
2021-06-04 09:56:48,807.15,1523596
2021-06-04 09:56:49,807.15,1523596
2021-06-04 09:56:50,807.4,1523597
2021-06-04 09:56:51,807.25,1523846
2021-06-04 09:56:52,807.4,1523858
2021-06-04 09:56:53,807.4,1523909
2021-06-04 09:56:54,807.4,1523909
2021-06-04 09:56:55,807.25,1524009
2021-06-04 09:56:56,807.2,1524248
2021-06-04 09:56:57,807.2,1524248
2021-06-04 09:56:58,807.2,1524248
2021-06-04 09:56:59,807.15,1524471
2021-06-04 09:57:00,807.1,1525106
2021-06-04 09:57:01,807.35,1525336
2021-06-04 09:57:02,807.35,1525336
2021-06-04 09:57:03,807.2,1525406
2021-06-04 09:57:04,807.2,1525486
2021-06-04 09:57:05,807.2,1525486
2021-06-04 09:57:06,807.1,1525699
2021-06-04 09:57:07,807.35,1525769
2021-06-04 09:57:08,807.35,1525769
2021-06-04 09:57:09,807.2,1525773
2021-06-04 09:57:10,807.2,1525798
2021-06-04 09:57:12,807.2,1526040
2021-06-04 09:57:13,807.35,1526151
2021-06-04 09:57:14,807.1,1526193
2021-06-04 09:57:15,807.1,1526543
2021-06-04 09:57:16,807.3,1526563
2021-06-04 09:57:17,807.35,1526668
2021-06-04 09:57:18,807.35,1526668
2021-06-04 09:57:19,807.35,1526668
2021-06-04 09:57:20,807.35,1526668
2021-06-04 09:57:21,807.2,1526800
2021-06-04 09:57:22,807.15,1526900
2021-06-04 09:57:23,807.2,1527000
2021-06-04 09:57:24,807.2,1527010
2021-06-04 09:57:25,807.25,1527060
2021-06-04 09:57:26,807.2,1527102
2021-06-04 09:57:27,807.5,1528732
2021-06-04 09:57:28,807.5,1528748
2021-06-04 09:57:29,807.5,1528759
2021-06-04 09:57:30,807.6,1528760
2021-06-04 09:57:32,807.6,1528761
2021-06-04 09:57:33,807.6,1528771
2021-06-04 09:57:34,807.6,1528871
2021-06-04 09:57:35,807.55,1528875
2021-06-04 09:57:36,807.5,1529138
2021-06-04 09:57:37,807.5,1529148
2021-06-04 09:57:38,807.5,1529148
2021-06-04 09:57:39,807.5,1529148
2021-06-04 09:57:40,807.5,1529178
2021-06-04 09:57:41,807.5,1529819
2021-06-04 09:57:42,807.5,1529819
2021-06-04 09:57:43,807.6,1530116
2021-06-04 09:57:44,807.6,1530256
2021-06-04 09:57:45,807.8,1530356
2021-06-04 09:57:46,807.8,1530359
2021-06-04 09:57:47,807.8,1530385
2021-06-04 09:57:48,807.8,1530385
2021-06-04 09:57:49,807.8,1530385
2021-06-04 09:57:50,807.5,1530885
2021-06-04 09:57:51,807.5,1531072
2021-06-04 09:57:52,807.5,1531073
2021-06-04 09:57:53,807.5,1531073
2021-06-04 09:57:54,807.5,1531073
2021-06-04 09:57:55,807.5,1531162
2021-06-04 09:57:56,807.5,1531200
2021-06-04 09:57:57,807.5,1531200
2021-06-04 09:57:58,807.5,1531392
2021-06-04 09:57:59,807.5,1531392
2021-06-04 09:58:00,807.5,1531529
2021-06-04 09:58:01,807.5,1531618
2021-06-04 09:58:02,807.5,1531720
2021-06-04 09:58:03,807.5,1531720
2021-06-04 09:58:04,807.75,1532270
2021-06-04 09:58:06,807.95,1534404
2021-06-04 09:58:07,807.95,1534404
2021-06-04 09:58:08,807.95,1534404
2021-06-04 09:58:09,807.7,1534504
2021-06-04 09:58:10,807.7,1534504
2021-06-04 09:58:11,807.75,1534555
2021-06-04 09:58:12,807.95,1534715
2021-06-04 09:58:13,807.95,1534715
2021-06-04 09:58:14,807.95,1534787
2021-06-04 09:58:15,807.95,1534797
2021-06-04 09:58:16,807.75,1534807
2021-06-04 09:58:17,807.75,1534807
2021-06-04 09:58:18,807.75,1534927
2021-06-04 09:58:19,807.95,1534929
2021-06-04 09:58:20,807.65,1535131
2021-06-04 09:58:21,807.65,1535298
2021-06-04 09:58:22,807.65,1535298
2021-06-04 09:58:23,807.95,1535301
2021-06-04 09:58:24,807.65,1535303
2021-06-04 09:58:26,807.75,1535574
2021-06-04 09:58:27,807.75,1535575
2021-06-04 09:58:28,807.75,1535679
2021-06-04 09:58:30,807.75,1535680
2021-06-04 09:58:32,807.65,1535737
2021-06-04 09:58:33,807.6,1535767
2021-06-04 09:58:34,807.65,1535775
2021-06-04 09:58:35,807.75,1535805
2021-06-04 09:58:36,807.6,1535968
2021-06-04 09:58:37,807.6,1536007
2021-06-04 09:58:38,807.6,1536007
2021-06-04 09:58:39,807.75,1536052
2021-06-04 09:58:40,807.6,1536054
2021-06-04 09:58:41,807.75,1536144
2021-06-04 09:58:42,807.7,1536294
2021-06-04 09:58:43,807.6,1536336
2021-06-04 09:58:46,807.65,1536482
2021-06-04 09:58:46,807.7,1536516
2021-06-04 09:58:47,807.7,1536516
2021-06-04 09:58:48,807.7,1536516
2021-06-04 09:58:49,807.65,1536551
2021-06-04 09:58:50,807.65,1536566
2021-06-04 09:58:52,807.65,1536780
2021-06-04 09:58:53,807.65,1536780
2021-06-04 09:58:54,807.65,1536810
2021-06-04 09:58:55,807.65,1536900
2021-06-04 09:58:56,807.4,1538302
2021-06-04 09:58:58,807.4,1538327
2021-06-04 09:58:59,807.2,1538371
2021-06-04 09:59:00,807.2,1538371
2021-06-04 09:59:01,807.4,1538436
2021-06-04 09:59:02,807.25,1538497
2021-06-04 09:59:03,807.25,1538497
2021-06-04 09:59:04,807.25,1538506
2021-06-04 09:59:05,807.25,1538506
2021-06-04 09:59:06,807.15,1538670
2021-06-04 09:59:07,807.15,1538670
2021-06-04 09:59:08,807.15,1538670
2021-06-04 09:59:09,807.25,1539170
2021-06-04 09:59:11,807.25,1539537
2021-06-04 09:59:13,807.25,1539581
2021-06-04 09:59:14,807.25,1539581
2021-06-04 09:59:16,807.15,1539583
2021-06-04 09:59:17,807.25,1539587
2021-06-04 09:59:18,807.25,1539718
2021-06-04 09:59:19,807.25,1539815
2021-06-04 09:59:20,807.25,1539815
2021-06-04 09:59:21,807.1,1539977
2021-06-04 09:59:22,807.3,1540317
2021-06-04 09:59:23,807.3,1540317
2021-06-04 09:59:24,807.25,1540322
2021-06-04 09:59:25,807.1,1540458
2021-06-04 09:59:26,807.25,1540614
2021-06-04 09:59:27,807.2,1541184
2021-06-04 09:59:28,807.15,1541235
2021-06-04 09:59:29,807.1,1541405
2021-06-04 09:59:30,807.25,1541435
2021-06-04 09:59:31,807.25,1541754
2021-06-04 09:59:32,807.5,1542000
2021-06-04 09:59:34,807.25,1542001
2021-06-04 09:59:35,807.4,1542010
2021-06-04 09:59:36,807.55,1542250
2021-06-04 09:59:36,807.55,1542250
2021-06-04 09:59:37,807.5,1542258
2021-06-04 09:59:38,807.5,1542258
2021-06-04 09:59:39,807.1,1543058
2021-06-04 09:59:40,807.5,1543061
2021-06-04 09:59:41,807.55,1543294
2021-06-04 09:59:43,807.5,1543390
2021-06-04 09:59:44,807.5,1543391
2021-06-04 09:59:46,807.5,1543546
2021-06-04 09:59:47,807.5,1543547
2021-06-04 09:59:48,807.5,1543573
2021-06-04 09:59:49,807.5,1543623
2021-06-04 09:59:50,807.55,1543625
2021-06-04 09:59:52,807.5,1543887
2021-06-04 09:59:51,807.5,1543887
2021-06-04 09:59:53,807.5,1543887
2021-06-04 09:59:54,807.55,1543897
2021-06-04 09:59:55,807.55,1543897
2021-06-04 09:59:56,807.5,1543978
2021-06-04 09:59:57,807.5,1544029
2021-06-04 09:59:58,807.25,1544080
2021-06-04 09:59:59,807.2,1544164
2021-06-04 10:00:00,807.5,1545341
2021-06-04 10:00:01,807.5,1545373
2021-06-04 10:00:02,807.5,1545513
2021-06-04 10:00:03,807.5,1545513
2021-06-04 10:00:04,807.1,1545683
2021-06-04 10:00:05,807.5,1545927
2021-06-04 10:00:06,807.15,1546090
2021-06-04 10:00:07,807.15,1546090
2021-06-04 10:00:08,807.5,1546141
2021-06-04 10:00:09,807.15,1546148
2021-06-04 10:00:10,807.15,1546157
2021-06-04 10:00:11,807.15,1546202
2021-06-04 10:00:12,807.45,1546232
2021-06-04 10:00:13,807.15,1546504
2021-06-04 10:00:14,807.45,1546509
2021-06-04 10:00:15,807.45,1546509
2021-06-04 10:00:16,807.45,1546619
2021-06-04 10:00:17,807.15,1546784
2021-06-04 10:00:18,807.45,1547285
2021-06-04 10:00:19,807.45,1547285
2021-06-04 10:00:20,807.45,1547285
2021-06-04 10:00:21,807.45,1547468
2021-06-04 10:00:23,807.45,1547678
2021-06-04 10:00:25,807.45,1548072
2021-06-04 10:00:27,807.45,1548073
2021-06-04 10:00:27,807.45,1548072
2021-06-04 10:00:28,807.2,1548223
2021-06-04 10:00:29,807.45,1548365
2021-06-04 10:00:30,807.45,1548370
2021-06-04 10:00:31,807.45,1548370
2021-06-04 10:00:32,807.45,1548370
2021-06-04 10:00:33,807.2,1548395
2021-06-04 10:00:34,807.45,1548441
2021-06-04 10:00:35,807.4,1548450
2021-06-04 10:00:36,807.2,1548613
2021-06-04 10:00:37,807.4,1548815
2021-06-04 10:00:38,807.15,1548825
2021-06-04 10:00:40,807.4,1549000
2021-06-04 10:00:41,807.25,1549040
2021-06-04 10:00:42,807.2,1549155
2021-06-04 10:00:43,807.15,1549298
2021-06-04 10:00:44,807.15,1549499
2021-06-04 10:00:45,807.15,1549499
2021-06-04 10:00:46,807.15,1549524
2021-06-04 10:00:47,807.15,1549524
2021-06-04 10:00:48,807.15,1549524
2021-06-04 10:00:49,807.15,1549524
2021-06-04 10:00:50,807.4,1549624
2021-06-04 10:00:51,807.15,1549786
2021-06-04 10:00:52,807.15,1549786
2021-06-04 10:00:53,807.15,1549786
2021-06-04 10:00:54,807.15,1549831
2021-06-04 10:00:55,807.45,1550128
2021-06-04 10:00:56,807.4,1550354
2021-06-04 10:00:57,807.4,1550354
2021-06-04 10:00:59,807.4,1550496
2021-06-04 10:00:59,807.45,1550546
2021-06-04 10:01:00,807.45,1551079
2021-06-04 10:01:01,807.45,1551079
2021-06-04 10:01:02,807.4,1551081
2021-06-04 10:01:03,807.4,1551101
2021-06-04 10:01:04,807.45,1551109
2021-06-04 10:01:05,807.45,1551190
2021-06-04 10:01:07,807.45,1551645
2021-06-04 10:01:08,807.45,1551645
2021-06-04 10:01:09,807.45,1551645
2021-06-04 10:01:10,807.4,1551798
2021-06-04 10:01:10,807.4,1551798
2021-06-04 10:01:11,807.5,1551889
2021-06-04 10:01:12,807.4,1552069
2021-06-04 10:01:13,807.4,1552126
2021-06-04 10:01:14,807.4,1552136
2021-06-04 10:01:16,807.55,1554172
2021-06-04 10:01:17,807.55,1554173
2021-06-04 10:01:18,807.55,1554213
2021-06-04 10:01:18,807.55,1554213
2021-06-04 10:01:19,807.4,1554300
2021-06-04 10:01:20,807.55,1554385
2021-06-04 10:01:21,807.55,1554558
2021-06-04 10:01:22,807.55,1554608
2021-06-04 10:01:23,807.55,1554608
2021-06-04 10:01:25,807.5,1554610
2021-06-04 10:01:26,807.55,1554663
2021-06-04 10:01:27,807.55,1554673
2021-06-04 10:01:27,807.55,1554678
2021-06-04 10:01:28,807.4,1554746
2021-06-04 10:01:29,807.55,1554766
2021-06-04 10:01:30,807.55,1554766
2021-06-04 10:01:31,807.3,1554811
2021-06-04 10:01:33,807.3,1554852
2021-06-04 10:01:34,807.4,1554902
2021-06-04 10:01:35,807.4,1554902
2021-06-04 10:01:36,807.25,1555006
2021-06-04 10:01:37,807.25,1555269
2021-06-04 10:01:38,807.5,1555837
2021-06-04 10:01:38,807.5,1555837
2021-06-04 10:01:39,807.5,1555888
2021-06-04 10:01:41,807.5,1555888
2021-06-04 10:01:42,807.55,1555897
2021-06-04 10:01:43,807.55,1555897
2021-06-04 10:01:43,807.55,1555897
2021-06-04 10:01:44,807.55,1555964
2021-06-04 10:01:46,807.5,1556001
2021-06-04 10:01:50,807.55,1556681
2021-06-04 10:01:54,807.5,1557179
2021-06-04 10:01:58,807.55,1557305
2021-06-04 10:02:02,807.55,1557703
2021-06-04 10:02:06,807.5,1557884
2021-06-04 10:02:10,807.55,1558215
2021-06-04 10:02:14,807.5,1558453
2021-06-04 10:02:18,807.5,1558626
2021-06-04 10:02:22,807.55,1558950
2021-06-04 10:02:31,807.45,1559334
2021-06-04 10:02:34,807.55,1559810
2021-06-04 10:02:38,807.5,1560593
2021-06-04 10:02:42,807.55,1560834
2021-06-04 10:02:45,807.55,1560987
2021-06-04 10:02:49,807.6,1561088
2021-06-04 10:02:53,807.55,1562275
2021-06-04 10:02:58,807.45,1562497
2021-06-04 10:03:03,807.55,1564149
2021-06-04 10:03:07,807.25,1564522
2021-06-04 10:03:11,807.55,1564748
2021-06-04 10:03:15,807.2,1564841
2021-06-04 10:03:19,807.55,1564847
2021-06-04 10:03:23,807.4,1565026
2021-06-04 10:03:27,807.25,1565108
2021-06-04 10:03:30,807.45,1565499
2021-06-04 10:03:34,807.25,1565779
2021-06-04 10:03:39,807.35,1566411
2021-06-04 10:03:43,807.5,1566464
2021-06-04 10:03:46,807.2,1567020
2021-06-04 10:03:50,807.25,1567100
2021-06-04 10:03:53,807.2,1567277
2021-06-04 10:03:57,807.25,1568316
2021-06-04 10:04:01,807.25,1568804
2021-06-04 10:04:05,807.55,1568914
2021-06-04 10:04:09,807.2,1569051
2021-06-04 10:04:13,807.25,1569143
2021-06-04 10:04:16,807.3,1569205
2021-06-04 10:04:20,807.25,1569207
2021-06-04 10:04:23,807.3,1569779
2021-06-04 10:04:27,807.3,1569919
2021-06-04 10:04:30,807.3,1570070
2021-06-04 10:04:34,807.3,1570251
2021-06-04 10:04:37,807.2,1570414
2021-06-04 10:04:40,807.55,1571503
2021-06-04 10:04:44,807.5,1571529
2021-06-04 10:04:47,807.5,1571584
2021-06-04 10:04:50,807.6,1571963
2021-06-04 10:04:54,807.6,1572152
2021-06-04 10:04:57,807.55,1572557
2021-06-04 10:05:01,807.65,1573321
2021-06-04 10:05:06,807.5,1573490
2021-06-04 10:05:09,807.55,1574095
2021-06-04 10:05:13,807.55,1574235
2021-06-04 10:05:24,807.5,1574523
2021-06-04 10:05:28,807.35,1575356
2021-06-04 10:05:32,807.55,1576871
2021-06-04 10:05:36,807.55,1576880
2021-06-04 10:05:39,807.55,1576986
2021-06-04 10:05:42,807.55,1577144
2021-06-04 10:05:46,807.55,1577273
2021-06-04 10:05:54,807.45,1578484
2021-06-04 10:05:58,807.45,1578802
2021-06-04 10:06:02,807.4,1581161
2021-06-04 10:06:07,807.45,1581745
2021-06-04 10:06:11,807.2,1582382
2021-06-04 10:06:15,807.2,1582524
2021-06-04 10:06:19,807.4,1582684
2021-06-04 10:06:23,807.4,1583051
2021-06-04 10:06:26,807.2,1583404
2021-06-04 10:06:30,807.4,1585780
2021-06-04 10:06:33,807.1,1586247
2021-06-04 10:06:36,807.05,1586478
2021-06-04 10:06:40,807.35,1587010
2021-06-04 10:06:44,807.1,1587465
2021-06-04 10:06:48,807.25,1588042
2021-06-04 10:06:52,807.25,1588504
2021-06-04 10:06:56,807.25,1589974
2021-06-04 10:06:59,807.0,1591190
2021-06-04 10:07:03,807.0,1606078
2021-06-04 10:07:08,806.75,1606635
2021-06-04 10:07:12,806.75,1607013
2021-06-04 10:07:16,807.0,1607635
2021-06-04 10:07:20,806.9,1608776
2021-06-04 10:07:24,806.75,1609049
2021-06-04 10:07:27,806.9,1609496
2021-06-04 10:07:31,806.8,1609704
2021-06-04 10:07:35,806.75,1612080
2021-06-04 10:07:39,807.0,1612161
2021-06-04 10:07:42,806.9,1612319
2021-06-04 10:07:50,807.0,1612835
2021-06-04 10:07:54,807.05,1614442
2021-06-04 10:07:58,807.0,1614992
2021-06-04 10:08:01,807.0,1615117
2021-06-04 10:08:06,807.0,1615376
2021-06-04 10:08:10,807.0,1615451
2021-06-04 10:08:13,807.15,1615655
2021-06-04 10:08:17,807.0,1616890
2021-06-04 10:08:21,807.25,1617249
2021-06-04 10:08:24,807.25,1617319
2021-06-04 10:08:28,807.0,1617375
2021-06-04 10:08:32,807.05,1618403
2021-06-04 10:08:36,807.15,1618434
2021-06-04 10:08:39,807.45,1618590
2021-06-04 10:08:43,807.45,1618693
2021-06-04 10:08:46,807.45,1618748
2021-06-04 10:08:50,807.45,1618848
2021-06-04 10:08:54,807.15,1619022
2021-06-04 10:08:57,807.45,1619121
2021-06-04 10:09:00,807.0,1622164
2021-06-04 10:09:03,807.0,1623184
2021-06-04 10:09:07,807.25,1623467
2021-06-04 10:09:10,807.15,1623535
2021-06-04 10:09:14,807.15,1623734
2021-06-04 10:09:18,807.25,1623810
2021-06-04 10:09:22,807.5,1624960
2021-06-04 10:09:25,807.5,1624960
2021-06-04 10:09:29,807.4,1625606
2021-06-04 10:09:33,807.4,1625667
2021-06-04 10:09:37,807.4,1625841
2021-06-04 10:09:41,807.15,1625898
2021-06-04 10:09:45,807.4,1626120
2021-06-04 10:09:49,807.4,1626224
2021-06-04 10:09:53,807.4,1626531
2021-06-04 10:09:57,807.4,1626762
2021-06-04 10:10:01,807.4,1627003
2021-06-04 10:10:05,807.0,1627656
2021-06-04 10:10:09,807.35,1627867
2021-06-04 10:10:12,807.5,1630173
2021-06-04 10:10:16,807.45,1630234
2021-06-04 10:10:19,808.0,1636481
2021-06-04 10:10:23,807.9,1636572
2021-06-04 10:10:27,807.9,1636728
2021-06-04 10:10:30,807.65,1637143
2021-06-04 10:10:34,807.7,1637376
2021-06-04 10:10:37,807.7,1637914
2021-06-04 10:10:41,807.7,1638005
2021-06-04 10:10:45,807.6,1638244
2021-06-04 10:10:49,807.5,1638328
2021-06-04 10:10:53,807.5,1638501
2021-06-04 10:10:57,807.7,1638672
2021-06-04 10:11:00,807.5,1639839
2021-06-04 10:11:04,807.25,1640169
2021-06-04 10:11:07,807.5,1640361
2021-06-04 10:11:11,807.2,1640494
2021-06-04 10:11:15,807.2,1640775
2021-06-04 10:11:19,807.2,1640805
2021-06-04 10:11:23,807.2,1641723
2021-06-04 10:11:27,807.2,1642024
2021-06-04 10:11:30,807.25,1642586
2021-06-04 10:11:34,807.2,1642784
2021-06-04 10:11:38,807.0,1644292
2021-06-04 10:11:41,807.4,1644446
2021-06-04 10:11:44,807.1,1644576
2021-06-04 10:11:45,807.2,1644582
2021-06-04 10:11:46,807.2,1644584
2021-06-04 10:11:47,807.35,1644784
2021-06-04 10:11:48,807.2,1644799
2021-06-04 10:11:49,807.2,1644799
2021-06-04 10:11:50,807.2,1644799
2021-06-04 10:11:51,807.2,1644961
2021-06-04 10:11:52,807.2,1644961
2021-06-04 10:11:53,807.25,1644982
2021-06-04 10:11:54,807.2,1645032
2021-06-04 10:11:55,807.2,1645034
2021-06-04 10:11:56,807.4,1646253
2021-06-04 10:11:57,807.35,1646362
2021-06-04 10:12:00,807.05,1647758
2021-06-04 10:12:01,807.0,1649462
2021-06-04 10:12:01,807.0,1649462
2021-06-04 10:12:02,807.0,1649462
2021-06-04 10:12:03,807.55,1651772
2021-06-04 10:12:04,807.0,1651904
2021-06-04 10:12:05,807.1,1652203
2021-06-04 10:12:06,807.1,1652203
2021-06-04 10:12:07,807.3,1652230
2021-06-04 10:12:08,807.3,1652240
2021-06-04 10:12:09,807.3,1652240
2021-06-04 10:12:10,807.3,1652240
2021-06-04 10:12:11,807.0,1652292
2021-06-04 10:12:12,807.0,1652292
2021-06-04 10:12:13,807.0,1652334
2021-06-04 10:12:14,807.25,1652340
2021-06-04 10:12:15,807.25,1652340
2021-06-04 10:12:16,807.0,1652343
2021-06-04 10:12:17,807.0,1652343
2021-06-04 10:12:18,807.2,1652349
2021-06-04 10:12:19,807.25,1652449
2021-06-04 10:12:20,807.05,1652457
2021-06-04 10:12:22,807.0,1652620
2021-06-04 10:12:23,807.0,1652620
2021-06-04 10:12:23,807.0,1652620
2021-06-04 10:12:24,807.0,1652621
2021-06-04 10:12:25,807.0,1652661
2021-06-04 10:12:26,807.05,1652711
2021-06-04 10:12:27,807.0,1652717
2021-06-04 10:12:28,807.0,1652779
2021-06-04 10:12:29,807.05,1653352
2021-06-04 10:12:30,807.0,1653642
2021-06-04 10:12:31,807.0,1653668
2021-06-04 10:12:32,807.05,1653681
2021-06-04 10:12:33,807.05,1654008
2021-06-04 10:12:34,807.0,1654027
2021-06-04 10:12:35,807.05,1654032
2021-06-04 10:12:37,807.0,1654195
2021-06-04 10:12:37,807.1,1654548
2021-06-04 10:12:39,807.2,1654757
2021-06-04 10:12:40,807.0,1654795
2021-06-04 10:12:40,807.0,1654795
2021-06-04 10:12:41,807.0,1654795
2021-06-04 10:12:43,807.0,1654795
2021-06-04 10:12:44,807.0,1654848
2021-06-04 10:12:45,807.0,1654848
2021-06-04 10:12:45,807.0,1655118
2021-06-04 10:12:46,807.0,1655118
2021-06-04 10:12:47,807.0,1655118
2021-06-04 10:12:48,807.0,1655118
2021-06-04 10:12:49,807.0,1655118
2021-06-04 10:12:50,807.0,1655118
2021-06-04 10:12:51,807.05,1655286
2021-06-04 10:12:52,807.05,1655904
2021-06-04 10:12:53,807.05,1655904
2021-06-04 10:12:54,807.2,1656204
2021-06-04 10:12:55,807.2,1656204
2021-06-04 10:12:56,807.2,1656264
2021-06-04 10:12:57,807.05,1656269
2021-06-04 10:12:58,807.05,1656311
2021-06-04 10:12:59,807.05,1656311
2021-06-04 10:13:01,807.05,1656311
2021-06-04 10:13:01,807.2,1656536
2021-06-04 10:13:03,807.2,1656536
2021-06-04 10:13:04,807.2,1656536
2021-06-04 10:13:05,807.15,1656540
2021-06-04 10:13:06,807.05,1656705
2021-06-04 10:13:07,807.05,1656709
2021-06-04 10:13:07,807.05,1656705
2021-06-04 10:13:08,807.05,1656709
2021-06-04 10:13:11,807.35,1657580
2021-06-04 10:13:12,807.35,1657582
2021-06-04 10:13:13,807.35,1657583
2021-06-04 10:13:14,807.35,1657583
2021-06-04 10:13:15,807.35,1657583
2021-06-04 10:13:16,807.35,1657583
2021-06-04 10:13:17,807.2,1657633
2021-06-04 10:13:18,807.35,1657683
2021-06-04 10:13:19,807.1,1657733
2021-06-04 10:13:21,807.4,1658296
2021-06-04 10:13:22,807.4,1658381
2021-06-04 10:13:23,807.55,1658896
2021-06-04 10:13:24,807.55,1658899
2021-06-04 10:13:25,807.4,1660314
2021-06-04 10:13:26,807.8,1660334
2021-06-04 10:13:28,807.8,1660584
2021-06-04 10:13:28,807.8,1660584
2021-06-04 10:13:29,807.75,1660634
2021-06-04 10:13:30,807.7,1660661
2021-06-04 10:13:31,807.45,1660736
2021-06-04 10:13:33,807.75,1661427
2021-06-04 10:13:34,807.75,1661427
2021-06-04 10:13:35,807.75,1661427
2021-06-04 10:13:36,807.9,1661627
2021-06-04 10:13:37,807.9,1661627
2021-06-04 10:13:38,807.8,1661630
2021-06-04 10:13:39,807.8,1661630
2021-06-04 10:13:40,807.8,1661630
2021-06-04 10:13:40,807.8,1661630
2021-06-04 10:13:41,807.75,1661691
2021-06-04 10:13:42,807.8,1661706
2021-06-04 10:13:43,807.75,1661748
2021-06-04 10:13:44,807.9,1661868
2021-06-04 10:13:47,807.8,1661948
2021-06-04 10:13:47,807.9,1661908
2021-06-04 10:13:48,807.8,1661948
2021-06-04 10:13:50,807.9,1661957
2021-06-04 10:13:50,807.9,1661957
2021-06-04 10:13:51,807.8,1662147
