timestamp,ltp,volume
2021-06-07 09:17:45,3069.95,44039
2021-06-07 09:17:48,3070.0,44541
2021-06-07 09:17:49,3071.7,46190
2021-06-07 09:17:51,3068.5,46916
2021-06-07 09:17:52,3071.0,47039
2021-06-07 09:17:53,3070.0,47055
2021-06-07 09:17:54,3071.1,47090
2021-06-07 09:17:55,3068.8,47196
2021-06-07 09:17:56,3068.75,47941
2021-06-07 09:17:57,3068.65,47946
2021-06-07 09:17:59,3068.65,48041
2021-06-07 09:17:59,3067.35,48187
2021-06-07 09:18:00,3069.05,48253
2021-06-07 09:18:01,3068.1,48363
2021-06-07 09:18:02,3069.55,48377
2021-06-07 09:18:03,3069.55,48385
2021-06-07 09:18:04,3068.7,48405
2021-06-07 09:18:06,3069.75,48406
2021-06-07 09:18:07,3069.7,48439
2021-06-07 09:18:08,3069.1,48539
2021-06-07 09:18:09,3069.1,48592
2021-06-07 09:18:10,3069.1,48782
2021-06-07 09:18:11,3067.1,48861
2021-06-07 09:18:12,3068.0,48862
2021-06-07 09:18:12,3068.0,48862
2021-06-07 09:18:13,3067.0,48866
2021-06-07 09:18:15,3068.3,48970
2021-06-07 09:18:16,3067.85,49303
2021-06-07 09:18:17,3069.5,50408
2021-06-07 09:18:17,3067.65,50444
2021-06-07 09:18:18,3066.95,50467
2021-06-07 09:18:20,3068.45,50480
2021-06-07 09:18:20,3067.0,50492
2021-06-07 09:18:21,3067.0,50492
2021-06-07 09:18:22,3066.05,50608
2021-06-07 09:18:25,3066.95,50751
2021-06-07 09:18:26,3065.6,50931
2021-06-07 09:18:27,3067.55,50985
2021-06-07 09:18:28,3067.05,51016
2021-06-07 09:18:29,3067.05,51024
2021-06-07 09:18:30,3068.7,51404
2021-06-07 09:18:31,3069.45,51755
2021-06-07 09:18:31,3069.45,51756
2021-06-07 09:18:32,3067.45,51761
2021-06-07 09:18:34,3066.55,51986
2021-06-07 09:18:35,3068.35,52045
2021-06-07 09:18:36,3068.3,52085
2021-06-07 09:18:37,3068.4,52110
2021-06-07 09:18:38,3067.55,52111
2021-06-07 09:18:39,3066.45,52134
2021-06-07 09:18:41,3067.3,52156
2021-06-07 09:18:41,3067.3,52168
2021-06-07 09:18:43,3067.3,52229
2021-06-07 09:18:44,3066.2,52250
2021-06-07 09:18:45,3066.2,52250
2021-06-07 09:18:46,3067.3,52260
2021-06-07 09:18:47,3066.05,52324
2021-06-07 09:18:47,3066.05,52324
2021-06-07 09:18:48,3067.35,52362
2021-06-07 09:18:49,3067.35,52362
2021-06-07 09:18:50,3066.0,52627
2021-06-07 09:18:52,3065.7,52891
2021-06-07 09:18:53,3067.45,52942
2021-06-07 09:18:55,3065.2,53197
2021-06-07 09:18:55,3065.2,53197
2021-06-07 09:18:57,3067.35,53242
2021-06-07 09:18:57,3065.9,53247
2021-06-07 09:18:59,3066.35,53267
2021-06-07 09:19:00,3065.0,53284
2021-06-07 09:19:01,3066.35,53343
2021-06-07 09:19:01,3066.35,53441
2021-06-07 09:19:02,3065.35,53487
2021-06-07 09:19:03,3066.0,53513
2021-06-07 09:19:04,3066.0,53523
2021-06-07 09:19:06,3066.0,53523
2021-06-07 09:19:07,3065.7,53596
2021-06-07 09:19:08,3066.1,54271
2021-06-07 09:19:09,3067.45,54361
2021-06-07 09:19:10,3067.8,54364
2021-06-07 09:19:11,3067.55,54431
2021-06-07 09:19:11,3066.5,54443
2021-06-07 09:19:12,3067.5,54560
2021-06-07 09:19:14,3067.4,54616
2021-06-07 09:19:15,3065.85,54618
2021-06-07 09:19:16,3067.35,54619
2021-06-07 09:19:17,3067.35,55260
2021-06-07 09:19:18,3067.05,55270
2021-06-07 09:19:19,3065.95,56291
2021-06-07 09:19:20,3066.0,56295
2021-06-07 09:19:21,3066.0,56295
2021-06-07 09:19:22,3066.0,56322
2021-06-07 09:19:22,3066.0,56570
2021-06-07 09:19:23,3066.05,56594
2021-06-07 09:19:24,3067.5,56611
2021-06-07 09:19:25,3065.95,57560
2021-06-07 09:19:26,3065.9,57562
2021-06-07 09:19:27,3066.15,57638
2021-06-07 09:19:29,3066.15,57749
2021-06-07 09:19:30,3067.9,58361
2021-06-07 09:19:31,3069.0,58509
2021-06-07 09:19:32,3067.2,58629
2021-06-07 09:19:33,3068.8,58647
2021-06-07 09:19:34,3068.8,58656
2021-06-07 09:19:34,3069.4,58756
2021-06-07 09:19:35,3069.7,58808
2021-06-07 09:19:36,3067.85,59051
2021-06-07 09:19:37,3069.0,59058
2021-06-07 09:19:38,3069.05,59131
2021-06-07 09:19:39,3068.5,59251
2021-06-07 09:19:40,3068.35,59314
2021-06-07 09:19:42,3067.9,59774
2021-06-07 09:19:44,3067.0,60457
2021-06-07 09:19:45,3067.0,60457
2021-06-07 09:19:47,3065.4,60563
2021-06-07 09:19:48,3064.35,60664
2021-06-07 09:19:49,3063.0,60925
2021-06-07 09:19:50,3064.5,61036
2021-06-07 09:19:51,3064.45,61065
2021-06-07 09:19:51,3064.45,61065
2021-06-07 09:19:52,3064.4,61067
2021-06-07 09:19:53,3064.4,61088
2021-06-07 09:19:54,3064.4,61092
2021-06-07 09:19:56,3063.1,61476
2021-06-07 09:19:59,3061.1,62247
2021-06-07 09:20:00,3057.05,63427
2021-06-07 09:20:01,3058.6,63527
2021-06-07 09:20:01,3059.25,63571
2021-06-07 09:20:02,3059.3,63814
2021-06-07 09:20:03,3061.8,63839
2021-06-07 09:20:04,3059.25,64025
2021-06-07 09:20:05,3060.6,64073
2021-06-07 09:20:06,3061.0,64749
2021-06-07 09:20:08,3058.8,64750
2021-06-07 09:20:08,3058.8,64760
2021-06-07 09:20:10,3058.6,64960
2021-06-07 09:20:11,3058.6,64960
2021-06-07 09:20:12,3060.0,65032
2021-06-07 09:20:13,3060.35,65048
2021-06-07 09:20:14,3060.0,65594
2021-06-07 09:20:15,3060.0,65594
2021-06-07 09:20:16,3059.4,65600
2021-06-07 09:20:17,3059.4,65623
2021-06-07 09:20:17,3059.4,65623
2021-06-07 09:20:18,3059.95,65680
2021-06-07 09:20:19,3059.0,65695
2021-06-07 09:20:20,3059.0,65842
2021-06-07 09:20:22,3060.0,66232
2021-06-07 09:20:23,3060.0,66333
2021-06-07 09:20:24,3060.7,66403
2021-06-07 09:20:25,3060.0,66573
2021-06-07 09:20:26,3061.55,66825
2021-06-07 09:20:27,3061.55,66825
2021-06-07 09:20:28,3061.55,66825
2021-06-07 09:20:28,3060.0,67028
2021-06-07 09:20:30,3060.0,67218
2021-06-07 09:20:30,3060.85,67247
2021-06-07 09:20:32,3060.0,67529
2021-06-07 09:20:32,3060.0,67599
2021-06-07 09:20:33,3060.0,67604
2021-06-07 09:20:34,3060.75,67621
2021-06-07 09:20:35,3060.75,67675
2021-06-07 09:20:37,3059.4,67676
2021-06-07 09:20:38,3060.0,67810
2021-06-07 09:20:39,3060.25,67895
2021-06-07 09:20:40,3057.75,68208
2021-06-07 09:20:41,3058.9,68433
2021-06-07 09:20:43,3056.95,68782
2021-06-07 09:20:42,3057.05,68655
2021-06-07 09:20:44,3058.7,68812
2021-06-07 09:20:45,3058.7,68814
2021-06-07 09:20:46,3057.1,69075
2021-06-07 09:20:47,3057.15,69635
2021-06-07 09:20:48,3057.05,69726
2021-06-07 09:20:49,3057.1,69742
2021-06-07 09:20:50,3058.75,69935
2021-06-07 09:20:51,3057.1,69947
2021-06-07 09:20:52,3058.75,69957
2021-06-07 09:20:53,3057.3,70213
2021-06-07 09:20:54,3059.4,70219
2021-06-07 09:20:55,3059.4,70221
2021-06-07 09:20:56,3057.0,70656
2021-06-07 09:20:57,3059.0,70779
2021-06-07 09:20:58,3059.1,70781
2021-06-07 09:21:00,3057.3,71048
2021-06-07 09:21:01,3057.2,71058
2021-06-07 09:21:02,3058.95,71065
2021-06-07 09:21:03,3058.95,71116
2021-06-07 09:21:04,3058.95,71126
2021-06-07 09:21:05,3058.95,71150
2021-06-07 09:21:06,3058.9,71191
2021-06-07 09:21:07,3057.55,71216
2021-06-07 09:21:08,3057.55,71226
2021-06-07 09:21:09,3057.0,71322
2021-06-07 09:21:10,3057.6,71325
2021-06-07 09:21:11,3057.6,71504
2021-06-07 09:21:12,3057.6,71554
2021-06-07 09:21:13,3057.6,71757
2021-06-07 09:21:14,3057.0,71821
2021-06-07 09:21:15,3057.6,71822
2021-06-07 09:21:16,3057.85,71870
2021-06-07 09:21:17,3058.0,71901
2021-06-07 09:21:18,3058.0,71953
2021-06-07 09:21:19,3058.0,71987
2021-06-07 09:21:20,3057.2,72094
2021-06-07 09:21:21,3058.5,72104
2021-06-07 09:21:22,3058.5,72123
2021-06-07 09:21:23,3057.2,72143
2021-06-07 09:21:24,3058.5,72156
2021-06-07 09:21:25,3058.5,72182
2021-06-07 09:21:26,3058.5,72182
2021-06-07 09:21:27,3057.2,72202
2021-06-07 09:21:28,3057.2,72228
2021-06-07 09:21:29,3058.4,72229
2021-06-07 09:21:30,3058.4,72235
2021-06-07 09:21:31,3057.6,72305
2021-06-07 09:21:32,3057.6,72309
2021-06-07 09:21:33,3057.6,72319
2021-06-07 09:21:34,3057.25,72364
2021-06-07 09:21:35,3058.45,72487
2021-06-07 09:21:36,3057.55,72489
2021-06-07 09:21:37,3059.0,72615
2021-06-07 09:21:38,3059.0,72615
2021-06-07 09:21:39,3059.0,72630
2021-06-07 09:21:40,3059.0,72630
2021-06-07 09:21:41,3057.5,72730
2021-06-07 09:21:42,3058.8,72785
2021-06-07 09:21:43,3058.8,72791
2021-06-07 09:21:44,3058.8,72791
2021-06-07 09:21:45,3058.8,72833
2021-06-07 09:21:46,3058.8,72859
2021-06-07 09:21:47,3058.8,72860
2021-06-07 09:21:48,3058.8,72948
2021-06-07 09:21:49,3058.8,72948
2021-06-07 09:21:51,3058.05,73012
2021-06-07 09:21:51,3059.0,73017
2021-06-07 09:21:53,3059.5,73112
2021-06-07 09:21:54,3058.8,73117
2021-06-07 09:21:55,3059.0,73124
2021-06-07 09:21:57,3059.0,73132
2021-06-07 09:21:58,3059.0,73132
2021-06-07 09:21:59,3059.0,73198
2021-06-07 09:22:00,3058.15,73207
2021-06-07 09:22:01,3060.0,73301
2021-06-07 09:22:01,3060.0,73301
2021-06-07 09:22:03,3059.15,73409
2021-06-07 09:22:04,3060.0,73432
2021-06-07 09:22:05,3060.0,73432
2021-06-07 09:22:06,3060.0,73482
2021-06-07 09:22:07,3060.0,73594
2021-06-07 09:22:08,3061.0,73784
2021-06-07 09:22:09,3062.0,73785
2021-06-07 09:22:10,3061.8,73801
2021-06-07 09:22:11,3061.8,73801
2021-06-07 09:22:12,3060.35,74004
2021-06-07 09:22:13,3061.8,74045
2021-06-07 09:22:14,3062.4,74403
2021-06-07 09:22:15,3062.4,74403
2021-06-07 09:22:16,3060.7,74418
2021-06-07 09:22:17,3060.0,75068
2021-06-07 09:22:18,3059.55,75081
2021-06-07 09:22:19,3060.65,75082
2021-06-07 09:22:20,3060.65,75087
2021-06-07 09:22:21,3060.65,75148
2021-06-07 09:22:22,3060.65,75149
2021-06-07 09:22:23,3060.6,75175
2021-06-07 09:22:24,3060.6,75176
2021-06-07 09:22:25,3060.6,75181
2021-06-07 09:22:26,3060.6,75195
2021-06-07 09:22:27,3060.0,75313
2021-06-07 09:22:28,3061.35,75467
2021-06-07 09:22:29,3061.75,75594
2021-06-07 09:22:30,3061.75,75598
2021-06-07 09:22:32,3061.45,75632
2021-06-07 09:22:33,3061.7,75682
2021-06-07 09:22:34,3061.75,75697
2021-06-07 09:22:35,3061.75,75697
2021-06-07 09:22:36,3062.0,75754
2021-06-07 09:22:37,3061.0,75805
2021-06-07 09:22:38,3062.1,75838
2021-06-07 09:22:39,3062.05,76341
2021-06-07 09:22:41,3061.0,76881
2021-06-07 09:22:42,3060.55,76905
2021-06-07 09:22:44,3059.9,77602
2021-06-07 09:22:45,3059.9,77605
2021-06-07 09:22:46,3059.9,77605
2021-06-07 09:22:47,3060.2,77853
2021-06-07 09:22:48,3060.5,77888
2021-06-07 09:22:49,3060.5,77896
2021-06-07 09:22:50,3060.5,77897
2021-06-07 09:22:51,3059.9,77963
2021-06-07 09:22:52,3062.0,78472
2021-06-07 09:22:53,3061.5,78522
2021-06-07 09:22:54,3060.95,78594
2021-06-07 09:22:55,3060.95,78604
2021-06-07 09:22:56,3060.95,78604
2021-06-07 09:22:57,3060.5,78614
2021-06-07 09:22:58,3060.5,78614
2021-06-07 09:22:59,3060.0,78709
2021-06-07 09:23:00,3060.5,78710
2021-06-07 09:23:01,3060.45,78732
2021-06-07 09:23:02,3060.0,78839
2021-06-07 09:23:03,3058.85,79366
2021-06-07 09:23:04,3058.75,79573
2021-06-07 09:23:05,3058.65,79605
2021-06-07 09:23:06,3058.35,79681
2021-06-07 09:23:07,3058.35,79691
2021-06-07 09:23:08,3058.35,79693
2021-06-07 09:23:09,3058.35,79719
2021-06-07 09:23:10,3058.35,79730
2021-06-07 09:23:11,3058.35,79732
2021-06-07 09:23:12,3057.2,79884
2021-06-07 09:23:13,3058.35,79939
2021-06-07 09:23:14,3058.0,79942
2021-06-07 09:23:15,3058.0,79942
2021-06-07 09:23:18,3056.7,81160
2021-06-07 09:23:19,3057.3,81203
2021-06-07 09:23:20,3057.3,81203
2021-06-07 09:23:21,3056.7,81234
2021-06-07 09:23:22,3056.7,81234
2021-06-07 09:23:23,3057.35,81347
2021-06-07 09:23:24,3058.15,81404
2021-06-07 09:23:25,3057.2,81434
2021-06-07 09:23:26,3058.15,81436
2021-06-07 09:23:27,3058.15,81436
2021-06-07 09:23:28,3058.95,81593
2021-06-07 09:23:29,3058.95,81597
2021-06-07 09:23:30,3058.25,81697
2021-06-07 09:23:31,3058.55,81724
2021-06-07 09:23:32,3060.0,81754
2021-06-07 09:23:33,3060.0,81754
2021-06-07 09:23:34,3060.0,81854
2021-06-07 09:23:35,3056.95,81999
2021-06-07 09:23:36,3056.95,81999
2021-06-07 09:23:37,3056.2,82070
2021-06-07 09:23:38,3057.55,82100
2021-06-07 09:23:39,3058.05,82110
2021-06-07 09:23:40,3059.65,82660
2021-06-07 09:23:41,3058.4,82731
2021-06-07 09:23:42,3058.45,82744
2021-06-07 09:23:43,3056.45,82853
2021-06-07 09:23:44,3056.25,82879
2021-06-07 09:23:45,3057.75,82885
2021-06-07 09:23:46,3057.75,82890
2021-06-07 09:23:47,3057.75,82898
2021-06-07 09:23:48,3057.75,82898
2021-06-07 09:23:50,3057.1,83404
2021-06-07 09:23:51,3057.1,83404
2021-06-07 09:23:52,3058.5,83407
2021-06-07 09:23:53,3057.75,83411
2021-06-07 09:23:54,3058.0,83426
2021-06-07 09:23:55,3058.0,83426
2021-06-07 09:23:56,3058.0,83440
2021-06-07 09:23:57,3058.55,83460
2021-06-07 09:23:58,3057.75,83523
2021-06-07 09:24:00,3056.1,83689
2021-06-07 09:24:01,3057.25,83710
2021-06-07 09:24:03,3057.25,83751
2021-06-07 09:24:05,3057.0,84056
2021-06-07 09:24:06,3059.0,84092
2021-06-07 09:24:07,3059.0,84092
2021-06-07 09:24:08,3059.9,84094
2021-06-07 09:24:09,3059.7,84186
2021-06-07 09:24:10,3059.85,84193
2021-06-07 09:24:11,3058.25,84194
2021-06-07 09:24:12,3059.8,84209
2021-06-07 09:24:13,3059.6,84241
2021-06-07 09:24:14,3057.55,84293
2021-06-07 09:24:15,3057.35,84296
2021-06-07 09:24:16,3058.3,84306
2021-06-07 09:24:17,3059.05,84381
2021-06-07 09:24:18,3057.25,84486
2021-06-07 09:24:19,3058.75,84494
2021-06-07 09:24:20,3058.75,84505
2021-06-07 09:24:21,3057.25,84727
2021-06-07 09:24:22,3057.25,84727
2021-06-07 09:24:23,3058.75,84783
2021-06-07 09:24:24,3058.75,84802
2021-06-07 09:24:25,3058.75,84802
2021-06-07 09:24:26,3059.0,84852
2021-06-07 09:24:27,3059.0,84852
2021-06-07 09:24:28,3058.85,84864
2021-06-07 09:24:29,3058.85,84864
2021-06-07 09:24:30,3058.55,84872
2021-06-07 09:24:31,3058.55,84872
2021-06-07 09:24:32,3058.0,84882
2021-06-07 09:24:33,3058.0,84882
2021-06-07 09:24:35,3058.0,84887
2021-06-07 09:24:37,3058.0,85058
2021-06-07 09:24:38,3058.0,85058
2021-06-07 09:24:39,3057.9,85078
2021-06-07 09:24:40,3057.9,85128
2021-06-07 09:24:41,3056.75,85138
2021-06-07 09:24:42,3057.9,85249
2021-06-07 09:24:43,3057.9,85269
2021-06-07 09:24:44,3057.9,85269
2021-06-07 09:24:45,3057.9,85281
2021-06-07 09:24:46,3058.0,85442
2021-06-07 09:24:47,3057.4,85512
2021-06-07 09:24:48,3057.25,85515
2021-06-07 09:24:49,3058.55,85517
2021-06-07 09:24:50,3058.55,85517
2021-06-07 09:24:51,3058.55,85524
2021-06-07 09:24:52,3058.55,85524
2021-06-07 09:24:53,3058.55,85539
2021-06-07 09:24:54,3057.25,85589
2021-06-07 09:24:55,3058.55,85595
2021-06-07 09:24:56,3057.6,85746
2021-06-07 09:24:57,3057.5,85756
2021-06-07 09:24:58,3057.45,85770
2021-06-07 09:25:00,3058.85,85889
2021-06-07 09:25:01,3058.0,85907
2021-06-07 09:25:02,3060.0,85972
2021-06-07 09:25:03,3060.0,85972
2021-06-07 09:25:04,3059.95,86149
2021-06-07 09:25:05,3059.95,86149
2021-06-07 09:25:06,3060.0,86159
2021-06-07 09:25:07,3060.0,86161
2021-06-07 09:25:08,3060.0,86181
2021-06-07 09:25:10,3058.4,86386
2021-06-07 09:25:11,3057.5,86394
2021-06-07 09:25:12,3057.5,86394
2021-06-07 09:25:13,3057.5,86397
2021-06-07 09:25:14,3057.5,86397
2021-06-07 09:25:15,3058.35,86645
2021-06-07 09:25:16,3058.35,86646
2021-06-07 09:25:16,3058.35,86646
2021-06-07 09:25:18,3057.5,86649
2021-06-07 09:25:19,3057.5,86689
2021-06-07 09:25:19,3057.5,86689
2021-06-07 09:25:20,3059.3,87099
2021-06-07 09:25:21,3058.9,87152
2021-06-07 09:25:22,3059.8,87201
2021-06-07 09:25:23,3059.4,87240
2021-06-07 09:25:24,3059.9,87320
2021-06-07 09:25:25,3059.9,87326
2021-06-07 09:25:26,3058.5,87332
2021-06-07 09:25:27,3058.5,87332
2021-06-07 09:25:28,3059.7,87337
2021-06-07 09:25:29,3060.0,87529
2021-06-07 09:25:30,3059.95,87552
2021-06-07 09:25:31,3058.5,87713
2021-06-07 09:25:32,3059.65,87716
2021-06-07 09:25:33,3057.9,87776
2021-06-07 09:25:34,3058.1,88374
2021-06-07 09:25:35,3058.1,88374
2021-06-07 09:25:36,3059.9,88376
2021-06-07 09:25:37,3060.2,88390
2021-06-07 09:25:39,3060.45,88444
2021-06-07 09:25:40,3060.5,88470
2021-06-07 09:25:43,3060.5,88654
2021-06-07 09:25:44,3059.4,88685
2021-06-07 09:25:46,3058.0,89185
2021-06-07 09:25:47,3059.95,89189
2021-06-07 09:25:48,3060.0,89195
2021-06-07 09:25:50,3061.0,89459
2021-06-07 09:25:51,3061.0,89472
2021-06-07 09:25:52,3061.0,89476
2021-06-07 09:25:53,3061.0,89476
2021-06-07 09:25:54,3061.0,89516
2021-06-07 09:25:55,3061.0,89520
2021-06-07 09:25:56,3060.0,89540
2021-06-07 09:25:57,3061.0,89545
2021-06-07 09:25:58,3061.0,89545
2021-06-07 09:25:59,3060.45,89548
2021-06-07 09:26:00,3060.5,89555
2021-06-07 09:26:01,3060.5,89555
2021-06-07 09:26:02,3060.5,89563
2021-06-07 09:26:03,3060.0,89594
2021-06-07 09:26:04,3061.6,89851
2021-06-07 09:26:05,3061.5,89876
2021-06-07 09:26:06,3061.5,89910
2021-06-07 09:26:07,3061.5,89911
2021-06-07 09:26:08,3061.5,89947
2021-06-07 09:26:09,3060.65,90024
2021-06-07 09:26:10,3061.5,90057
2021-06-07 09:26:11,3061.5,90057
2021-06-07 09:26:14,3061.8,90120
2021-06-07 09:26:15,3061.9,90304
2021-06-07 09:26:15,3061.75,90306
2021-06-07 09:26:16,3061.1,90390
2021-06-07 09:26:17,3061.05,90408
2021-06-07 09:26:18,3060.65,90415
2021-06-07 09:26:19,3059.55,90488
2021-06-07 09:26:20,3059.75,90626
2021-06-07 09:26:21,3061.05,90735
2021-06-07 09:26:23,3062.0,90928
2021-06-07 09:26:24,3062.0,90929
2021-06-07 09:26:25,3062.0,90981
2021-06-07 09:26:26,3060.65,91097
2021-06-07 09:26:27,3060.65,91097
2021-06-07 09:26:28,3062.05,91125
2021-06-07 09:26:29,3061.0,91178
2021-06-07 09:26:30,3062.45,91248
2021-06-07 09:26:31,3062.45,91251
2021-06-07 09:26:32,3062.9,91312
2021-06-07 09:26:33,3063.0,91432
2021-06-07 09:26:33,3062.9,91390
2021-06-07 09:26:35,3064.15,92616
2021-06-07 09:26:36,3064.15,92616
2021-06-07 09:26:37,3064.15,92616
2021-06-07 09:26:37,3064.15,92616
2021-06-07 09:26:38,3065.75,92741
2021-06-07 09:26:39,3064.15,92742
2021-06-07 09:26:40,3065.4,92748
2021-06-07 09:26:42,3063.8,93060
2021-06-07 09:26:43,3064.8,93122
2021-06-07 09:26:44,3063.95,93133
2021-06-07 09:26:45,3063.95,93133
2021-06-07 09:26:46,3063.75,93182
2021-06-07 09:26:47,3063.75,93182
2021-06-07 09:26:48,3063.75,93182
2021-06-07 09:26:49,3063.9,93251
2021-06-07 09:26:50,3063.9,93262
2021-06-07 09:26:52,3063.25,93383
2021-06-07 09:26:53,3063.55,93384
2021-06-07 09:26:54,3063.55,93385
2021-06-07 09:26:55,3063.55,93386
2021-06-07 09:26:56,3063.55,93386
2021-06-07 09:26:57,3063.5,93389
2021-06-07 09:26:58,3063.55,93440
2021-06-07 09:26:59,3064.0,93518
2021-06-07 09:27:00,3062.65,93562
2021-06-07 09:27:01,3064.0,93615
2021-06-07 09:27:02,3063.95,93645
2021-06-07 09:27:03,3060.25,93991
2021-06-07 09:27:04,3060.25,93991
2021-06-07 09:27:05,3062.25,94119
2021-06-07 09:27:05,3062.25,94138
2021-06-07 09:27:06,3062.3,94188
2021-06-07 09:27:07,3061.25,94270
2021-06-07 09:27:08,3062.25,94330
2021-06-07 09:27:09,3062.25,94372
2021-06-07 09:27:10,3062.25,94372
2021-06-07 09:27:11,3063.65,94398
2021-06-07 09:27:12,3063.55,94403
2021-06-07 09:27:13,3063.55,94436
2021-06-07 09:27:14,3063.55,94436
2021-06-07 09:27:15,3064.0,94662
2021-06-07 09:27:16,3064.0,94662
2021-06-07 09:27:17,3064.0,94664
2021-06-07 09:27:18,3064.0,94664
2021-06-07 09:27:19,3064.0,94684
2021-06-07 09:27:20,3064.0,94684
2021-06-07 09:27:21,3062.05,94714
2021-06-07 09:27:22,3062.05,94714
2021-06-07 09:27:23,3062.05,94714
2021-06-07 09:27:24,3060.55,95102
2021-06-07 09:27:25,3062.1,95114
2021-06-07 09:27:26,3060.65,95122
2021-06-07 09:27:27,3061.95,95271
2021-06-07 09:27:28,3061.95,95276
2021-06-07 09:27:29,3061.45,95380
2021-06-07 09:27:30,3061.45,95380
2021-06-07 09:27:31,3060.3,95705
2021-06-07 09:27:32,3060.3,95705
2021-06-07 09:27:33,3060.0,95894
2021-06-07 09:27:34,3060.25,95933
2021-06-07 09:27:35,3059.2,96572
2021-06-07 09:27:36,3060.0,96640
2021-06-07 09:27:37,3060.0,96640
2021-06-07 09:27:38,3059.2,96665
2021-06-07 09:27:39,3059.2,96665
2021-06-07 09:27:40,3060.6,96711
2021-06-07 09:27:41,3060.6,96746
2021-06-07 09:27:42,3059.55,96806
2021-06-07 09:27:43,3060.6,96814
2021-06-07 09:27:44,3060.6,96814
2021-06-07 09:27:45,3059.65,96830
2021-06-07 09:27:46,3060.0,96892
2021-06-07 09:27:47,3060.0,96905
2021-06-07 09:27:48,3060.0,96925
2021-06-07 09:27:49,3059.15,96933
2021-06-07 09:27:50,3060.0,97000
2021-06-07 09:27:51,3060.0,97001
2021-06-07 09:27:52,3060.0,97156
2021-06-07 09:27:53,3058.5,97241
2021-06-07 09:27:54,3058.5,97251
2021-06-07 09:27:55,3058.5,97264
2021-06-07 09:27:56,3059.2,97435
2021-06-07 09:27:57,3059.2,97438
2021-06-07 09:27:58,3059.05,97588
2021-06-07 09:27:59,3059.05,97588
2021-06-07 09:28:00,3060.7,97846
2021-06-07 09:28:02,3060.7,97846
2021-06-07 09:28:03,3060.65,97951
2021-06-07 09:28:04,3060.0,98052
2021-06-07 09:28:05,3060.45,98062
2021-06-07 09:28:06,3060.45,98082
2021-06-07 09:28:07,3060.2,98107
2021-06-07 09:28:08,3059.6,98149
2021-06-07 09:28:09,3059.6,98149
2021-06-07 09:28:10,3059.0,98153
2021-06-07 09:28:11,3058.0,98273
2021-06-07 09:28:12,3058.15,98419
2021-06-07 09:28:13,3059.6,98420
2021-06-07 09:28:14,3059.6,98425
2021-06-07 09:28:15,3059.5,98430
2021-06-07 09:28:16,3058.85,98435
2021-06-07 09:28:17,3058.3,98460
2021-06-07 09:28:18,3058.3,98460
2021-06-07 09:28:19,3058.85,98467
2021-06-07 09:28:19,3058.3,98470
2021-06-07 09:28:21,3058.85,98760
2021-06-07 09:28:22,3059.5,98917
2021-06-07 09:28:22,3058.3,98942
2021-06-07 09:28:23,3059.5,98949
2021-06-07 09:28:24,3058.45,98951
2021-06-07 09:28:25,3058.45,98951
2021-06-07 09:28:27,3058.45,98951
2021-06-07 09:28:29,3058.3,99321
2021-06-07 09:28:30,3058.45,99392
2021-06-07 09:28:31,3058.45,99392
2021-06-07 09:28:32,3058.5,99465
2021-06-07 09:28:33,3059.6,99466
2021-06-07 09:28:34,3059.6,99466
2021-06-07 09:28:35,3059.6,99466
2021-06-07 09:28:36,3060.6,99667
2021-06-07 09:28:37,3060.6,99667
2021-06-07 09:28:38,3059.0,99724
2021-06-07 09:28:39,3059.0,99727
2021-06-07 09:28:40,3059.0,99754
2021-06-07 09:28:41,3059.0,99755
2021-06-07 09:28:42,3059.0,99768
2021-06-07 09:28:43,3059.0,99768
2021-06-07 09:28:44,3058.65,99770
2021-06-07 09:28:45,3058.65,99770
2021-06-07 09:28:46,3060.6,100070
2021-06-07 09:28:47,3060.6,100070
2021-06-07 09:28:48,3060.6,100070
2021-06-07 09:28:50,3059.05,100184
2021-06-07 09:28:53,3059.15,100248
2021-06-07 09:28:54,3059.15,100248
2021-06-07 09:28:55,3060.55,100257
2021-06-07 09:28:56,3060.55,100257
2021-06-07 09:28:57,3060.55,100765
2021-06-07 09:28:59,3060.5,100785
2021-06-07 09:29:00,3059.6,101039
2021-06-07 09:29:01,3059.5,101095
2021-06-07 09:29:02,3060.6,101182
2021-06-07 09:29:03,3062.1,101392
2021-06-07 09:29:04,3060.7,101395
2021-06-07 09:29:05,3060.7,101410
2021-06-07 09:29:06,3062.1,101417
2021-06-07 09:29:07,3062.1,101427
2021-06-07 09:29:08,3062.1,101430
2021-06-07 09:29:09,3062.1,101433
2021-06-07 09:29:10,3061.55,101542
2021-06-07 09:29:11,3062.1,101559
2021-06-07 09:29:12,3062.1,101559
2021-06-07 09:29:13,3061.35,101609
2021-06-07 09:29:14,3061.35,101617
2021-06-07 09:29:15,3061.4,101645
2021-06-07 09:29:15,3061.4,101645
2021-06-07 09:29:16,3063.25,101776
2021-06-07 09:29:17,3060.85,101834
2021-06-07 09:29:18,3060.8,101856
2021-06-07 09:29:19,3062.35,101916
2021-06-07 09:29:20,3062.35,101916
2021-06-07 09:29:21,3062.35,101916
2021-06-07 09:29:22,3062.0,101920
2021-06-07 09:29:23,3062.0,101920
2021-06-07 09:29:24,3062.6,101950
2021-06-07 09:29:25,3061.0,101997
2021-06-07 09:29:26,3061.0,101997
2021-06-07 09:29:27,3061.3,102031
2021-06-07 09:29:28,3062.65,102049
2021-06-07 09:29:29,3062.65,102051
2021-06-07 09:29:30,3062.6,102053
2021-06-07 09:29:31,3062.65,102073
2021-06-07 09:29:32,3062.65,102073
2021-06-07 09:29:33,3062.95,102105
2021-06-07 09:29:34,3062.95,102105
2021-06-07 09:29:36,3061.75,102325
2021-06-07 09:29:37,3061.65,102438
2021-06-07 09:29:38,3061.65,102468
2021-06-07 09:29:40,3061.7,102499
2021-06-07 09:29:41,3061.7,102577
2021-06-07 09:29:42,3061.7,102647
2021-06-07 09:29:43,3061.7,102647
2021-06-07 09:29:44,3061.8,102844
2021-06-07 09:29:45,3061.8,102844
2021-06-07 09:29:46,3061.8,102844
2021-06-07 09:29:47,3060.0,103209
2021-06-07 09:29:48,3060.0,103354
2021-06-07 09:29:49,3060.0,103376
2021-06-07 09:29:50,3061.35,103404
2021-06-07 09:29:51,3061.35,103404
2021-06-07 09:29:52,3061.35,103404
2021-06-07 09:29:53,3060.4,103446
2021-06-07 09:29:54,3061.0,103453
2021-06-07 09:29:55,3061.35,103458
2021-06-07 09:29:55,3061.0,103460
2021-06-07 09:29:57,3061.0,103490
2021-06-07 09:29:58,3061.0,103623
2021-06-07 09:29:59,3060.95,103628
2021-06-07 09:30:00,3060.95,103628
2021-06-07 09:30:01,3060.95,103628
2021-06-07 09:30:02,3060.9,103629
2021-06-07 09:30:05,3061.0,103636
2021-06-07 09:30:06,3061.0,103636
2021-06-07 09:30:07,3060.9,103666
2021-06-07 09:30:08,3061.0,103671
2021-06-07 09:30:09,3061.0,103678
2021-06-07 09:30:10,3060.0,103688
2021-06-07 09:30:11,3061.0,103720
2021-06-07 09:30:12,3061.0,103824
2021-06-07 09:30:13,3060.1,103834
2021-06-07 09:30:14,3061.0,103862
2021-06-07 09:30:15,3060.1,103912
2021-06-07 09:30:16,3060.9,103962
2021-06-07 09:30:17,3060.9,103968
2021-06-07 09:30:18,3060.9,103968
2021-06-07 09:30:19,3060.95,104090
2021-06-07 09:30:20,3060.75,104191
2021-06-07 09:30:21,3060.75,104191
2021-06-07 09:30:22,3060.5,104192
2021-06-07 09:30:23,3060.5,104192
2021-06-07 09:30:24,3060.8,104237
2021-06-07 09:30:25,3060.0,104288
2021-06-07 09:30:26,3060.0,104288
2021-06-07 09:30:27,3061.6,104929
2021-06-07 09:30:28,3061.6,104929
2021-06-07 09:30:29,3061.75,105002
2021-06-07 09:30:31,3060.65,105003
2021-06-07 09:30:32,3061.75,105016
2021-06-07 09:30:33,3061.4,105120
2021-06-07 09:30:34,3061.4,105130
2021-06-07 09:30:35,3061.5,105136
2021-06-07 09:30:36,3061.5,105136
2021-06-07 09:30:37,3060.55,105146
2021-06-07 09:30:38,3061.5,105258
2021-06-07 09:30:39,3061.5,105258
2021-06-07 09:30:40,3061.0,105261
2021-06-07 09:30:41,3061.2,105311
2021-06-07 09:30:42,3061.2,105311
2021-06-07 09:30:43,3061.2,105329
2021-06-07 09:30:44,3061.2,105329
2021-06-07 09:30:45,3061.4,105330
2021-06-07 09:30:46,3061.4,105333
2021-06-07 09:30:47,3060.95,105577
2021-06-07 09:30:48,3061.5,105719
2021-06-07 09:30:49,3060.5,105751
2021-06-07 09:30:50,3059.5,106070
2021-06-07 09:30:51,3059.5,106070
2021-06-07 09:30:52,3059.75,106075
2021-06-07 09:30:53,3059.75,106075
2021-06-07 09:30:54,3059.75,106075
2021-06-07 09:30:55,3058.3,106141
2021-06-07 09:30:56,3059.75,106151
2021-06-07 09:30:57,3059.95,106205
2021-06-07 09:30:58,3061.15,106230
2021-06-07 09:30:58,3061.15,106230
2021-06-07 09:31:00,3061.15,106250
2021-06-07 09:31:01,3061.15,106250
2021-06-07 09:31:02,3059.0,106396
2021-06-07 09:31:05,3060.3,106552
2021-06-07 09:31:06,3060.3,106557
2021-06-07 09:31:07,3060.3,106558
2021-06-07 09:31:08,3060.3,106558
2021-06-07 09:31:09,3059.0,106559
2021-06-07 09:31:10,3059.0,106559
2021-06-07 09:31:11,3059.0,106559
2021-06-07 09:31:12,3060.15,106568
2021-06-07 09:31:13,3060.15,106568
2021-06-07 09:31:14,3059.15,106594
2021-06-07 09:31:15,3060.15,106645
2021-06-07 09:31:16,3060.15,106674
2021-06-07 09:31:17,3060.15,106674
2021-06-07 09:31:18,3060.4,106688
2021-06-07 09:31:18,3060.4,106688
2021-06-07 09:31:20,3060.3,107240
2021-06-07 09:31:21,3060.3,107240
2021-06-07 09:31:22,3060.25,107253
2021-06-07 09:31:23,3058.65,107283
2021-06-07 09:31:24,3060.15,107293
2021-06-07 09:31:25,3060.0,107297
2021-06-07 09:31:25,3060.0,107297
2021-06-07 09:31:27,3060.0,107322
2021-06-07 09:31:27,3060.0,107322
2021-06-07 09:31:28,3060.0,107322
2021-06-07 09:31:29,3060.0,107322
2021-06-07 09:31:30,3060.0,107322
2021-06-07 09:31:31,3059.0,107349
2021-06-07 09:31:32,3059.0,107369
2021-06-07 09:31:33,3059.0,107369
2021-06-07 09:31:34,3059.0,107369
2021-06-07 09:31:35,3058.2,107391
2021-06-07 09:31:36,3059.0,107408
2021-06-07 09:31:38,3059.0,107411
2021-06-07 09:31:39,3060.15,107653
2021-06-07 09:31:40,3059.0,107658
2021-06-07 09:31:41,3059.0,107658
2021-06-07 09:31:42,3059.0,107658
2021-06-07 09:31:43,3059.0,107665
2021-06-07 09:31:44,3059.0,107665
2021-06-07 09:31:45,3059.0,107666
2021-06-07 09:31:46,3059.0,107666
2021-06-07 09:31:47,3060.05,107801
2021-06-07 09:31:48,3060.05,107801
2021-06-07 09:31:48,3060.05,107801
2021-06-07 09:31:49,3059.0,107877
2021-06-07 09:31:51,3059.0,107882
2021-06-07 09:31:53,3060.0,107885
2021-06-07 09:31:54,3059.0,107891
2021-06-07 09:31:54,3059.0,107891
2021-06-07 09:31:56,3059.0,107911
2021-06-07 09:31:57,3059.05,107912
2021-06-07 09:31:58,3059.95,107937
2021-06-07 09:31:59,3059.95,107937
2021-06-07 09:32:00,3059.95,107937
2021-06-07 09:32:01,3059.05,107965
2021-06-07 09:32:02,3059.05,107965
2021-06-07 09:32:03,3059.05,107965
2021-06-07 09:32:04,3059.05,107967
2021-06-07 09:32:04,3059.05,107967
2021-06-07 09:32:06,3059.9,107999
2021-06-07 09:32:06,3059.9,107999
2021-06-07 09:32:08,3058.0,108252
2021-06-07 09:32:09,3059.0,108262
2021-06-07 09:32:10,3058.15,108268
2021-06-07 09:32:11,3059.0,108284
2021-06-07 09:32:12,3058.9,108585
2021-06-07 09:32:13,3058.9,108585
2021-06-07 09:32:15,3058.9,108626
2021-06-07 09:32:18,3057.5,108717
2021-06-07 09:32:18,3057.5,108717
2021-06-07 09:32:20,3058.9,108727
2021-06-07 09:32:21,3058.9,108743
2021-06-07 09:32:22,3058.9,108743
2021-06-07 09:32:23,3058.9,108743
2021-06-07 09:32:24,3057.5,108814
2021-06-07 09:32:25,3058.0,108819
2021-06-07 09:32:27,3057.5,108821
2021-06-07 09:32:28,3058.0,108922
2021-06-07 09:32:29,3058.0,108927
2021-06-07 09:32:30,3058.0,108947
2021-06-07 09:32:31,3058.0,108961
2021-06-07 09:32:32,3058.0,108964
2021-06-07 09:32:33,3058.0,109064
2021-06-07 09:32:34,3058.0,109094
2021-06-07 09:32:35,3058.0,109094
2021-06-07 09:32:36,3058.0,109094
2021-06-07 09:32:37,3057.7,109099
2021-06-07 09:32:38,3058.0,109112
2021-06-07 09:32:39,3057.55,109132
2021-06-07 09:32:40,3057.55,109132
2021-06-07 09:32:41,3057.55,109132
2021-06-07 09:32:43,3058.0,109133
2021-06-07 09:32:42,3058.0,109133
2021-06-07 09:32:44,3058.0,109140
2021-06-07 09:32:46,3058.0,109190
2021-06-07 09:32:47,3058.0,109190
2021-06-07 09:32:49,3058.0,109195
2021-06-07 09:32:50,3058.0,109262
2021-06-07 09:32:52,3058.0,109618
2021-06-07 09:32:53,3058.0,109618
2021-06-07 09:32:54,3058.0,109618
2021-06-07 09:32:55,3057.55,110148
2021-06-07 09:32:56,3057.55,110148
2021-06-07 09:32:57,3057.2,110158
2021-06-07 09:32:58,3058.0,110209
2021-06-07 09:32:59,3058.0,110211
2021-06-07 09:33:00,3058.05,110454
2021-06-07 09:33:01,3058.0,110464
2021-06-07 09:33:02,3057.0,110486
2021-06-07 09:33:03,3057.9,110516
2021-06-07 09:33:04,3057.0,110619
2021-06-07 09:33:05,3057.0,110619
2021-06-07 09:33:06,3057.95,110620
2021-06-07 09:33:07,3057.0,110623
2021-06-07 09:33:08,3057.0,110633
2021-06-07 09:33:09,3057.95,110639
2021-06-07 09:33:10,3058.0,110648
2021-06-07 09:33:11,3058.0,110683
2021-06-07 09:33:12,3058.0,110708
2021-06-07 09:33:13,3058.0,110708
2021-06-07 09:33:14,3057.0,110778
2021-06-07 09:33:15,3058.0,110779
2021-06-07 09:33:16,3058.0,110779
2021-06-07 09:33:17,3057.0,110856
2021-06-07 09:33:18,3057.0,110856
2021-06-07 09:33:19,3057.05,110858
2021-06-07 09:33:20,3057.95,110968
2021-06-07 09:33:21,3057.95,110968
2021-06-07 09:33:22,3057.0,111196
2021-06-07 09:33:23,3057.0,111196
2021-06-07 09:33:24,3058.0,111301
2021-06-07 09:33:25,3056.6,111329
2021-06-07 09:33:26,3056.6,111329
2021-06-07 09:33:27,3056.6,111329
2021-06-07 09:33:28,3057.75,111332
2021-06-07 09:33:29,3057.75,111345
2021-06-07 09:33:30,3057.75,111345
2021-06-07 09:33:31,3056.5,111346
2021-06-07 09:33:32,3057.6,111372
2021-06-07 09:33:34,3057.6,111397
2021-06-07 09:33:35,3057.05,111497
2021-06-07 09:33:36,3057.6,111547
2021-06-07 09:33:37,3057.6,111547
2021-06-07 09:33:38,3057.6,111547
2021-06-07 09:33:39,3057.05,111595
2021-06-07 09:33:40,3057.05,111595
2021-06-07 09:33:41,3057.05,111595
2021-06-07 09:33:43,3056.0,111868
2021-06-07 09:33:44,3056.0,111968
2021-06-07 09:33:45,3057.6,113068
2021-06-07 09:33:46,3057.0,113073
2021-06-07 09:33:47,3057.0,113073
2021-06-07 09:33:48,3056.15,113076
2021-06-07 09:33:49,3056.0,113078
2021-06-07 09:33:50,3056.0,113078
2021-06-07 09:33:51,3056.0,113078
2021-06-07 09:33:52,3056.65,113298
2021-06-07 09:33:53,3056.5,113313
2021-06-07 09:33:54,3057.6,113324
2021-06-07 09:33:55,3056.45,113364
2021-06-07 09:33:56,3056.45,113364
2021-06-07 09:33:57,3056.45,113364
2021-06-07 09:33:58,3057.0,113394
2021-06-07 09:33:59,3056.25,113444
2021-06-07 09:34:00,3056.25,113451
2021-06-07 09:34:01,3056.25,113451
2021-06-07 09:34:02,3057.0,113454
2021-06-07 09:34:03,3057.0,113454
2021-06-07 09:34:04,3057.0,113454
2021-06-07 09:34:05,3057.0,113462
2021-06-07 09:34:06,3057.0,113462
2021-06-07 09:34:07,3057.0,113467
2021-06-07 09:34:08,3057.0,113472
2021-06-07 09:34:09,3057.0,113477
2021-06-07 09:34:12,3058.0,113640
2021-06-07 09:34:13,3058.0,113640
2021-06-07 09:34:14,3057.05,113661
2021-06-07 09:34:15,3058.0,113761
2021-06-07 09:34:16,3057.15,113772
2021-06-07 09:34:17,3057.95,113805
2021-06-07 09:34:18,3057.95,113817
2021-06-07 09:34:19,3057.95,113817
2021-06-07 09:34:20,3057.0,113827
2021-06-07 09:34:21,3057.0,113827
2021-06-07 09:34:22,3057.0,113827
2021-06-07 09:34:23,3057.0,113836
2021-06-07 09:34:24,3057.0,113849
2021-06-07 09:34:25,3057.0,113849
2021-06-07 09:34:26,3057.0,113880
2021-06-07 09:34:27,3057.15,113893
2021-06-07 09:34:28,3057.15,113929
2021-06-07 09:34:29,3057.15,113954
2021-06-07 09:34:30,3057.0,113955
2021-06-07 09:34:31,3057.0,113955
2021-06-07 09:34:32,3057.0,113955
2021-06-07 09:34:33,3057.0,114089
2021-06-07 09:34:34,3057.0,114089
2021-06-07 09:34:35,3056.75,114119
2021-06-07 09:34:37,3057.1,114150
2021-06-07 09:34:38,3057.1,114150
2021-06-07 09:34:39,3057.1,114150
2021-06-07 09:34:40,3057.1,114150
2021-06-07 09:34:41,3057.1,114150
2021-06-07 09:34:42,3056.75,114152
2021-06-07 09:34:43,3056.75,114153
2021-06-07 09:34:44,3057.1,114158
2021-06-07 09:34:45,3056.75,114162
2021-06-07 09:34:46,3056.75,114162
2021-06-07 09:34:47,3057.1,114167
2021-06-07 09:34:49,3056.75,114172
2021-06-07 09:34:50,3057.1,114178
2021-06-07 09:34:51,3057.1,114178
2021-06-07 09:34:52,3057.1,114190
2021-06-07 09:34:54,3057.1,114321
2021-06-07 09:34:54,3057.1,114321
2021-06-07 09:34:56,3056.5,114322
2021-06-07 09:34:57,3057.1,114343
2021-06-07 09:35:00,3057.1,114358
2021-06-07 09:35:01,3057.1,114358
2021-06-07 09:35:02,3057.1,114358
2021-06-07 09:35:03,3057.1,114358
2021-06-07 09:35:05,3056.5,114368
2021-06-07 09:35:06,3056.5,114368
2021-06-07 09:35:07,3057.0,114373
2021-06-07 09:35:08,3057.0,114373
2021-06-07 09:35:09,3057.0,114373
2021-06-07 09:35:10,3056.15,114481
2021-06-07 09:35:11,3056.15,114481
2021-06-07 09:35:12,3055.55,114646
2021-06-07 09:35:13,3055.55,114666
2021-06-07 09:35:14,3055.6,114670
2021-06-07 09:35:15,3055.6,114676
2021-06-07 09:35:16,3055.6,114679
2021-06-07 09:35:17,3055.6,114694
2021-06-07 09:35:19,3056.6,114789
2021-06-07 09:35:20,3055.5,114830
2021-06-07 09:35:21,3056.6,114888
2021-06-07 09:35:23,3055.5,114904
2021-06-07 09:35:24,3056.9,114906
2021-06-07 09:35:25,3055.5,114956
2021-06-07 09:35:26,3056.9,114958
2021-06-07 09:35:27,3055.5,114965
2021-06-07 09:35:28,3056.85,114975
2021-06-07 09:35:29,3056.85,114975
2021-06-07 09:35:30,3056.9,114997
2021-06-07 09:35:32,3056.0,115014
2021-06-07 09:35:32,3056.9,115017
2021-06-07 09:35:33,3056.9,115017
2021-06-07 09:35:34,3056.85,115042
2021-06-07 09:35:35,3056.85,115042
2021-06-07 09:35:36,3056.85,115042
2021-06-07 09:35:37,3056.85,115067
2021-06-07 09:35:38,3056.85,115070
2021-06-07 09:35:40,3056.85,115070
2021-06-07 09:35:41,3056.85,115071
2021-06-07 09:35:42,3056.85,115073
2021-06-07 09:35:43,3056.85,115073
2021-06-07 09:35:44,3056.0,115100
2021-06-07 09:35:45,3055.5,115181
2021-06-07 09:35:46,3056.0,115191
2021-06-07 09:35:46,3055.5,115192
2021-06-07 09:35:48,3056.0,115197
2021-06-07 09:35:48,3056.0,115197
2021-06-07 09:35:52,3055.5,115229
2021-06-07 09:35:55,3055.6,115371
2021-06-07 09:35:59,3055.5,115421
2021-06-07 09:36:02,3056.0,115430
2021-06-07 09:36:06,3056.0,115442
2021-06-07 09:36:09,3055.0,117097
2021-06-07 09:36:12,3054.05,117686
2021-06-07 09:36:16,3054.0,117946
2021-06-07 09:36:19,3054.95,118386
2021-06-07 09:36:23,3054.75,118548
2021-06-07 09:36:26,3054.9,119197
2021-06-07 09:36:29,3054.9,119209
2021-06-07 09:36:36,3050.45,121132
2021-06-07 09:36:43,3051.85,121512
2021-06-07 09:36:47,3052.4,121666
2021-06-07 09:36:50,3051.0,121742
2021-06-07 09:36:54,3050.55,121773
2021-06-07 09:36:57,3050.75,122246
2021-06-07 09:37:01,3050.75,122327
2021-06-07 09:37:04,3051.85,122349
2021-06-07 09:37:07,3050.4,122418
2021-06-07 09:37:11,3050.65,122644
2021-06-07 09:37:14,3050.75,123229
2021-06-07 09:37:18,3049.6,126900
2021-06-07 09:37:21,3050.0,127177
2021-06-07 09:37:24,3049.3,127222
2021-06-07 09:37:27,3049.0,127404
2021-06-07 09:37:31,3049.0,127573
2021-06-07 09:37:34,3049.1,127803
2021-06-07 09:37:38,3049.1,127938
2021-06-07 09:37:41,3049.1,128196
2021-06-07 09:37:45,3049.1,128220
2021-06-07 09:37:48,3049.0,128901
2021-06-07 09:37:52,3049.8,129178
2021-06-07 09:37:55,3049.8,129457
2021-06-07 09:38:05,3050.0,130019
2021-06-07 09:38:09,3050.0,130020
2021-06-07 09:38:12,3050.4,130312
2021-06-07 09:38:19,3050.0,130631
2021-06-07 09:38:22,3052.2,130894
2021-06-07 09:38:25,3053.0,131022
2021-06-07 09:38:29,3053.35,131108
2021-06-07 09:38:32,3054.1,131120
2021-06-07 09:38:35,3054.6,131199
2021-06-07 09:38:39,3053.1,131336
2021-06-07 09:38:42,3054.6,131531
2021-06-07 09:38:45,3054.3,131580
2021-06-07 09:38:49,3053.65,131915
2021-06-07 09:38:52,3053.9,131987
2021-06-07 09:38:56,3053.9,132014
2021-06-07 09:38:59,3054.05,132032
2021-06-07 09:39:02,3053.0,132042
2021-06-07 09:39:06,3053.2,132291
2021-06-07 09:39:10,3050.75,132364
2021-06-07 09:39:13,3050.6,132425
2021-06-07 09:39:16,3051.85,132472
2021-06-07 09:39:20,3051.9,132576
2021-06-07 09:39:23,3051.3,132641
2021-06-07 09:39:27,3051.95,132706
2021-06-07 09:39:30,3051.95,132796
2021-06-07 09:39:33,3052.05,133003
2021-06-07 09:39:36,3052.05,133039
2021-06-07 09:39:40,3053.0,133142
2021-06-07 09:39:43,3052.05,133147
2021-06-07 09:39:46,3052.05,133154
2021-06-07 09:39:53,3053.15,133217
2021-06-07 09:39:56,3053.45,133314
2021-06-07 09:39:59,3054.0,133367
2021-06-07 09:40:02,3054.0,133380
2021-06-07 09:40:08,3054.0,133636
2021-06-07 09:40:11,3053.45,133808
2021-06-07 09:40:15,3054.0,133941
2021-06-07 09:40:18,3054.0,134099
2021-06-07 09:40:22,3054.2,134122
2021-06-07 09:40:25,3054.95,134353
2021-06-07 09:40:28,3057.0,134829
2021-06-07 09:40:32,3057.5,135262
2021-06-07 09:40:35,3057.3,135405
2021-06-07 09:40:39,3057.85,135605
2021-06-07 09:40:42,3055.95,135613
2021-06-07 09:40:45,3056.0,135619
2021-06-07 09:40:48,3056.85,135651
2021-06-07 09:40:50,3056.05,135655
2021-06-07 09:40:51,3056.05,135655
2021-06-07 09:40:52,3056.85,135662
2021-06-07 09:40:52,3056.85,135682
2021-06-07 09:40:53,3056.85,135682
2021-06-07 09:40:54,3056.85,135682
2021-06-07 09:40:55,3056.85,135682
2021-06-07 09:40:56,3056.85,135713
2021-06-07 09:40:57,3056.85,135713
2021-06-07 09:40:58,3056.05,135718
2021-06-07 09:40:59,3056.05,135718
2021-06-07 09:41:02,3056.9,135731
2021-06-07 09:41:03,3056.0,135806
2021-06-07 09:41:03,3056.0,135806
2021-06-07 09:41:05,3056.0,135817
2021-06-07 09:41:06,3056.0,135820
2021-06-07 09:41:06,3056.0,135820
2021-06-07 09:41:07,3056.0,135847
2021-06-07 09:41:08,3056.9,135849
2021-06-07 09:41:09,3056.9,135849
2021-06-07 09:41:10,3056.9,135849
2021-06-07 09:41:11,3056.9,135850
2021-06-07 09:41:12,3056.85,135851
2021-06-07 09:41:13,3056.4,135861
2021-06-07 09:41:14,3056.4,135867
2021-06-07 09:41:15,3056.9,135877
2021-06-07 09:41:16,3056.9,135877
2021-06-07 09:41:17,3056.9,135879
2021-06-07 09:41:18,3056.9,135928
2021-06-07 09:41:20,3056.55,135936
2021-06-07 09:41:22,3056.55,135936
2021-06-07 09:41:23,3056.55,135936
2021-06-07 09:41:24,3056.55,135986
2021-06-07 09:41:25,3056.55,135986
2021-06-07 09:41:26,3056.9,135987
2021-06-07 09:41:27,3056.9,135988
2021-06-07 09:41:28,3056.9,135988
2021-06-07 09:41:29,3056.9,135988
2021-06-07 09:41:30,3056.9,135988
2021-06-07 09:41:31,3056.9,135995
2021-06-07 09:41:33,3056.9,136047
2021-06-07 09:41:34,3056.9,136047
2021-06-07 09:41:35,3056.85,136077
2021-06-07 09:41:36,3056.9,136281
2021-06-07 09:41:37,3057.0,136291
2021-06-07 09:41:38,3056.9,136298
2021-06-07 09:41:39,3056.9,136327
2021-06-07 09:41:39,3056.9,136327
2021-06-07 09:41:40,3057.0,136370
2021-06-07 09:41:41,3057.0,136370
2021-06-07 09:41:43,3057.0,136472
2021-06-07 09:41:44,3057.0,136507
2021-06-07 09:41:46,3057.0,136507
2021-06-07 09:41:47,3057.2,136512
2021-06-07 09:41:48,3057.05,136518
2021-06-07 09:41:48,3057.0,136718
2021-06-07 09:41:49,3057.05,136738
2021-06-07 09:41:50,3057.2,136765
2021-06-07 09:41:52,3057.25,136767
2021-06-07 09:41:52,3057.5,137017
2021-06-07 09:41:53,3057.5,137050
2021-06-07 09:41:55,3057.5,137052
2021-06-07 09:41:56,3057.5,137052
2021-06-07 09:41:57,3057.1,137100
2021-06-07 09:41:57,3057.1,137100
2021-06-07 09:41:58,3057.1,137100
2021-06-07 09:42:00,3057.1,137100
2021-06-07 09:42:00,3057.5,137107
2021-06-07 09:42:01,3057.5,137107
2021-06-07 09:42:04,3058.0,137197
2021-06-07 09:42:05,3057.5,137198
2021-06-07 09:42:05,3058.0,137218
2021-06-07 09:42:07,3058.0,137218
2021-06-07 09:42:08,3058.0,137220
2021-06-07 09:42:09,3058.0,137235
2021-06-07 09:42:10,3058.0,137235
2021-06-07 09:42:11,3057.95,137240
2021-06-07 09:42:12,3057.95,137411
2021-06-07 09:42:13,3057.1,137477
2021-06-07 09:42:13,3057.95,137482
2021-06-07 09:42:14,3058.0,137512
2021-06-07 09:42:16,3058.0,137512
2021-06-07 09:42:17,3057.6,137538
2021-06-07 09:42:17,3057.6,137540
2021-06-07 09:42:19,3057.1,137610
2021-06-07 09:42:19,3057.1,137610
2021-06-07 09:42:20,3057.1,137610
2021-06-07 09:42:21,3057.95,137612
2021-06-07 09:42:23,3057.95,137612
2021-06-07 09:42:24,3057.95,137612
2021-06-07 09:42:25,3058.25,137841
2021-06-07 09:42:25,3057.8,137846
2021-06-07 09:42:27,3058.0,138084
2021-06-07 09:42:28,3057.8,138351
2021-06-07 09:42:29,3057.1,138664
2021-06-07 09:42:29,3057.1,138664
2021-06-07 09:42:30,3057.1,138762
2021-06-07 09:42:31,3057.1,138762
2021-06-07 09:42:32,3057.1,138806
2021-06-07 09:42:34,3057.1,138807
2021-06-07 09:42:34,3057.1,138807
2021-06-07 09:42:36,3057.1,138907
2021-06-07 09:42:37,3057.1,139176
2021-06-07 09:42:38,3057.1,139176
2021-06-07 09:42:39,3057.3,139232
2021-06-07 09:42:40,3057.3,139236
2021-06-07 09:42:41,3057.3,139247
2021-06-07 09:42:42,3058.0,139248
2021-06-07 09:42:42,3058.0,139248
2021-06-07 09:42:43,3058.0,139248
2021-06-07 09:42:44,3057.15,139341
2021-06-07 09:42:45,3058.0,139406
2021-06-07 09:42:46,3058.0,139406
2021-06-07 09:42:47,3057.1,139448
2021-06-07 09:42:48,3057.1,139448
2021-06-07 09:42:49,3058.0,139450
2021-06-07 09:42:50,3058.0,139451
2021-06-07 09:42:52,3057.0,139651
2021-06-07 09:42:53,3057.0,139651
2021-06-07 09:42:54,3058.0,139662
2021-06-07 09:42:55,3058.0,139668
2021-06-07 09:42:56,3058.0,139668
2021-06-07 09:42:57,3058.0,139668
2021-06-07 09:42:58,3058.0,139672
2021-06-07 09:42:58,3058.0,139672
2021-06-07 09:42:59,3058.0,139682
2021-06-07 09:43:00,3058.0,139694
2021-06-07 09:43:01,3058.0,139694
2021-06-07 09:43:03,3057.95,139738
2021-06-07 09:43:03,3057.95,139738
2021-06-07 09:43:04,3057.95,139763
2021-06-07 09:43:05,3057.1,139769
2021-06-07 09:43:06,3057.1,139769
2021-06-07 09:43:07,3058.0,139833
2021-06-07 09:43:08,3057.95,139854
2021-06-07 09:43:09,3057.95,139911
2021-06-07 09:43:10,3058.0,139916
2021-06-07 09:43:12,3058.0,139916
2021-06-07 09:43:12,3058.0,139916
2021-06-07 09:43:13,3058.0,139916
2021-06-07 09:43:15,3057.25,139927
2021-06-07 09:43:16,3058.5,140127
2021-06-07 09:43:17,3058.5,140127
2021-06-07 09:43:18,3058.45,140147
2021-06-07 09:43:19,3058.4,140160
2021-06-07 09:43:20,3058.15,140166
2021-06-07 09:43:21,3058.15,140167
2021-06-07 09:43:22,3058.15,140167
2021-06-07 09:43:23,3058.15,140167
2021-06-07 09:43:24,3058.15,140172
2021-06-07 09:43:25,3058.15,140176
2021-06-07 09:43:26,3058.15,140176
2021-06-07 09:43:27,3058.15,140182
2021-06-07 09:43:28,3058.15,140182
2021-06-07 09:43:29,3058.15,140213
2021-06-07 09:43:30,3058.15,140213
2021-06-07 09:43:31,3058.15,140215
2021-06-07 09:43:32,3058.0,140219
2021-06-07 09:43:33,3058.15,140222
2021-06-07 09:43:34,3058.3,140332
2021-06-07 09:43:35,3058.0,140399
2021-06-07 09:43:36,3058.0,140399
2021-06-07 09:43:37,3058.0,140399
2021-06-07 09:43:38,3057.25,140439
2021-06-07 09:43:39,3058.5,140442
2021-06-07 09:43:40,3058.5,140442
2021-06-07 09:43:41,3058.5,140444
2021-06-07 09:43:42,3058.5,140487
2021-06-07 09:43:43,3059.4,141216
2021-06-07 09:43:44,3059.4,141216
2021-06-07 09:43:45,3058.55,141236
2021-06-07 09:43:46,3058.55,141392
2021-06-07 09:43:47,3058.5,141424
2021-06-07 09:43:48,3058.5,141424
2021-06-07 09:43:49,3058.5,141424
2021-06-07 09:43:50,3059.7,141437
2021-06-07 09:43:51,3059.7,141437
2021-06-07 09:43:52,3059.7,141437
2021-06-07 09:43:53,3059.7,141437
2021-06-07 09:43:54,3059.75,141442
2021-06-07 09:43:55,3060.0,141472
2021-06-07 09:43:56,3060.0,141482
2021-06-07 09:43:57,3060.0,141482
2021-06-07 09:43:58,3060.0,141482
2021-06-07 09:43:59,3058.6,141541
2021-06-07 09:44:01,3059.75,141594
2021-06-07 09:44:02,3059.75,141594
2021-06-07 09:44:03,3059.75,141594
2021-06-07 09:44:04,3059.75,141594
2021-06-07 09:44:05,3059.7,141640
2021-06-07 09:44:06,3059.7,141640
2021-06-07 09:44:07,3059.4,141916
2021-06-07 09:44:08,3059.4,141922
2021-06-07 09:44:09,3059.55,141975
2021-06-07 09:44:10,3059.5,142004
2021-06-07 09:44:11,3059.5,142006
2021-06-07 09:44:12,3059.45,142012
2021-06-07 09:44:13,3059.5,142016
2021-06-07 09:44:14,3059.65,142116
2021-06-07 09:44:16,3059.5,142119
2021-06-07 09:44:17,3059.5,142119
2021-06-07 09:44:18,3059.4,142121
2021-06-07 09:44:19,3058.15,142171
2021-06-07 09:44:20,3058.15,142171
2021-06-07 09:44:21,3058.1,142182
2021-06-07 09:44:22,3059.3,142192
2021-06-07 09:44:23,3059.4,142195
2021-06-07 09:44:24,3059.4,142195
2021-06-07 09:44:25,3059.4,142203
2021-06-07 09:44:26,3059.4,142204
2021-06-07 09:44:27,3059.4,142204
2021-06-07 09:44:28,3058.2,142205
2021-06-07 09:44:29,3059.35,142209
2021-06-07 09:44:30,3058.2,142224
2021-06-07 09:44:31,3059.35,142225
2021-06-07 09:44:32,3059.0,142228
2021-06-07 09:44:33,3059.0,142228
2021-06-07 09:44:34,3059.35,142235
2021-06-07 09:44:35,3058.5,142265
2021-06-07 09:44:36,3058.5,142265
2021-06-07 09:44:38,3059.3,142385
2021-06-07 09:44:39,3059.3,142385
2021-06-07 09:44:40,3058.5,142395
2021-06-07 09:44:41,3058.5,142395
2021-06-07 09:44:42,3058.5,142395
2021-06-07 09:44:43,3058.5,142395
2021-06-07 09:44:44,3058.5,142400
2021-06-07 09:44:45,3059.3,142411
2021-06-07 09:44:46,3059.3,142426
2021-06-07 09:44:47,3059.3,142444
2021-06-07 09:44:48,3059.3,142466
2021-06-07 09:44:49,3059.3,142466
2021-06-07 09:44:50,3059.3,142466
2021-06-07 09:44:51,3059.5,142707
2021-06-07 09:44:52,3059.0,142752
2021-06-07 09:44:53,3059.0,142752
2021-06-07 09:44:54,3059.0,142752
2021-06-07 09:44:55,3058.0,142804
2021-06-07 09:44:56,3059.0,142805
2021-06-07 09:44:57,3059.0,142805
2021-06-07 09:44:58,3059.0,142805
2021-06-07 09:44:59,3059.0,142805
2021-06-07 09:45:00,3059.0,142848
2021-06-07 09:45:01,3059.0,142848
2021-06-07 09:45:02,3059.0,142878
2021-06-07 09:45:03,3059.0,142962
2021-06-07 09:45:04,3059.0,142962
2021-06-07 09:45:05,3058.25,142989
2021-06-07 09:45:06,3059.0,143019
2021-06-07 09:45:07,3059.0,143019
2021-06-07 09:45:08,3059.0,143019
2021-06-07 09:45:09,3059.0,143019
2021-06-07 09:45:10,3058.5,143022
2021-06-07 09:45:11,3058.25,143023
2021-06-07 09:45:12,3058.5,143040
2021-06-07 09:45:13,3058.25,143041
2021-06-07 09:45:14,3058.5,143050
2021-06-07 09:45:15,3058.5,143075
2021-06-07 09:45:16,3058.5,143075
2021-06-07 09:45:17,3058.5,143079
2021-06-07 09:45:18,3058.5,143079
2021-06-07 09:45:19,3058.5,143079
2021-06-07 09:45:20,3057.25,143935
2021-06-07 09:45:21,3057.45,143936
2021-06-07 09:45:22,3057.45,143937
2021-06-07 09:45:23,3057.45,143937
2021-06-07 09:45:24,3057.95,143939
2021-06-07 09:45:25,3057.95,143939
2021-06-07 09:45:26,3057.5,143946
2021-06-07 09:45:27,3058.4,144046
2021-06-07 09:45:28,3058.4,144046
2021-06-07 09:45:29,3058.4,144053
2021-06-07 09:45:30,3057.0,144305
2021-06-07 09:45:31,3057.0,144305
2021-06-07 09:45:32,3057.0,144315
2021-06-07 09:45:33,3057.0,144350
2021-06-07 09:45:34,3057.0,144351
2021-06-07 09:45:35,3057.1,144352
2021-06-07 09:45:36,3057.1,144352
2021-06-07 09:45:37,3057.6,144530
2021-06-07 09:45:38,3057.6,144530
2021-06-07 09:45:39,3057.75,144555
2021-06-07 09:45:40,3057.9,144563
2021-06-07 09:45:41,3057.9,144569
2021-06-07 09:45:42,3057.9,144569
2021-06-07 09:45:43,3058.05,144570
2021-06-07 09:45:44,3058.05,144570
2021-06-07 09:45:45,3058.15,144581
2021-06-07 09:45:46,3058.15,144581
2021-06-07 09:45:47,3058.15,144581
2021-06-07 09:45:48,3058.15,144583
2021-06-07 09:45:49,3058.15,144583
2021-06-07 09:45:51,3058.15,144583
2021-06-07 09:45:54,3057.0,144609
2021-06-07 09:45:58,3057.9,144658
2021-06-07 09:46:02,3057.0,144738
2021-06-07 09:46:05,3057.9,144743
2021-06-07 09:46:09,3057.9,144743
2021-06-07 09:46:12,3057.0,144753
2021-06-07 09:46:15,3057.0,144753
2021-06-07 09:46:19,3057.85,144799
2021-06-07 09:46:22,3057.85,144877
2021-06-07 09:46:26,3057.85,144877
2021-06-07 09:46:29,3057.0,144918
2021-06-07 09:46:32,3058.1,145111
2021-06-07 09:46:36,3057.85,145968
2021-06-07 09:46:39,3057.85,145968
2021-06-07 09:46:42,3057.85,146052
2021-06-07 09:46:45,3058.1,146162
2021-06-07 09:46:48,3057.9,146174
2021-06-07 09:46:51,3058.1,146228
2021-06-07 09:46:55,3057.9,146248
2021-06-07 09:46:58,3058.1,146253
2021-06-07 09:47:02,3057.85,146459
2021-06-07 09:47:05,3057.5,146496
2021-06-07 09:47:09,3056.7,147167
2021-06-07 09:47:12,3056.5,147186
2021-06-07 09:47:15,3056.55,147192
2021-06-07 09:47:18,3056.6,147195
2021-06-07 09:47:22,3057.45,147206
2021-06-07 09:47:25,3057.45,147207
2021-06-07 09:47:28,3057.3,147432
2021-06-07 09:47:32,3058.0,147547
2021-06-07 09:47:35,3057.5,147717
2021-06-07 09:47:39,3058.0,147750
2021-06-07 09:47:42,3058.0,147780
2021-06-07 09:47:45,3057.55,147812
2021-06-07 09:47:48,3057.25,147878
2021-06-07 09:47:52,3057.25,147923
2021-06-07 09:47:55,3057.15,147982
2021-06-07 09:47:59,3056.0,148001
2021-06-07 09:48:02,3056.0,148001
2021-06-07 09:48:05,3056.95,148079
2021-06-07 09:48:09,3056.65,148085
2021-06-07 09:48:12,3056.65,148097
2021-06-07 09:48:15,3056.95,148144
2021-06-07 09:48:19,3056.95,148438
2021-06-07 09:48:22,3056.0,148444
2021-06-07 09:48:25,3056.65,148446
2021-06-07 09:48:28,3056.65,148496
2021-06-07 09:48:32,3056.65,148508
2021-06-07 09:48:35,3056.4,148559
2021-06-07 09:48:38,3056.4,148591
2021-06-07 09:48:41,3056.35,148592
2021-06-07 09:48:44,3056.35,148600
2021-06-07 09:48:47,3056.4,148608
2021-06-07 09:48:51,3056.9,148708
2021-06-07 09:48:54,3056.35,148837
2021-06-07 09:48:57,3056.65,149124
2021-06-07 09:49:00,3056.65,149148
2021-06-07 09:49:03,3055.0,149258
2021-06-07 09:49:07,3056.4,149290
2021-06-07 09:49:10,3054.7,149526
2021-06-07 09:49:13,3054.7,149526
2021-06-07 09:49:17,3055.05,149556
2021-06-07 09:49:20,3055.05,149576
2021-06-07 09:49:24,3055.0,149693
2021-06-07 09:49:27,3055.95,149698
2021-06-07 09:49:31,3055.0,149806
2021-06-07 09:49:34,3055.95,149869
2021-06-07 09:49:37,3055.95,149870
2021-06-07 09:49:41,3055.95,150067
2021-06-07 09:49:44,3055.95,150310
2021-06-07 09:49:47,3055.95,150335
2021-06-07 09:49:51,3055.95,150335
2021-06-07 09:49:54,3055.95,150338
2021-06-07 09:49:57,3056.0,150440
2021-06-07 09:50:00,3056.0,150475
2021-06-07 09:50:06,3055.95,150638
2021-06-07 09:50:09,3055.95,150638
2021-06-07 09:50:13,3056.0,150658
2021-06-07 09:50:16,3055.95,150858
2021-06-07 09:50:19,3056.0,150874
2021-06-07 09:50:22,3055.95,150897
2021-06-07 09:50:25,3056.0,150913
2021-06-07 09:50:28,3055.95,150918
2021-06-07 09:50:31,3056.0,151003
2021-06-07 09:50:35,3056.0,151203
2021-06-07 09:50:38,3056.0,151227
2021-06-07 09:50:41,3056.0,151227
2021-06-07 09:50:45,3056.5,152139
2021-06-07 09:50:48,3056.65,152149
2021-06-07 09:50:51,3056.65,152185
2021-06-07 09:50:54,3056.65,152224
2021-06-07 09:50:58,3056.05,152322
2021-06-07 09:51:01,3056.0,152414
2021-06-07 09:51:05,3056.0,152468
2021-06-07 09:51:08,3056.0,152674
2021-06-07 09:51:11,3056.0,152676
2021-06-07 09:51:15,3055.45,152727
2021-06-07 09:51:18,3055.45,152821
2021-06-07 09:51:21,3056.0,152828
2021-06-07 09:51:25,3056.0,152885
2021-06-07 09:51:28,3055.45,152896
2021-06-07 09:51:32,3055.5,152907
2021-06-07 09:51:35,3055.5,152958
2021-06-07 09:51:39,3055.45,153019
2021-06-07 09:51:42,3055.45,153074
2021-06-07 09:51:46,3055.45,153113
2021-06-07 09:51:53,3055.5,153233
2021-06-07 09:51:56,3055.45,153237
2021-06-07 09:51:59,3055.5,153241
2021-06-07 09:52:02,3055.5,153265
2021-06-07 09:52:05,3055.45,153288
2021-06-07 09:52:09,3055.5,153438
2021-06-07 09:52:12,3055.45,153472
2021-06-07 09:52:15,3055.45,153502
2021-06-07 09:52:18,3055.5,153531
2021-06-07 09:52:21,3055.5,153531
2021-06-07 09:52:24,3055.5,153932
2021-06-07 09:52:28,3055.4,154183
2021-06-07 09:52:31,3054.95,154294
2021-06-07 09:52:34,3054.95,154305
2021-06-07 09:52:37,3054.1,154347
2021-06-07 09:52:40,3054.9,154363
2021-06-07 09:52:43,3054.1,154377
2021-06-07 09:52:46,3054.1,154544
2021-06-07 09:52:49,3053.5,154652
2021-06-07 09:52:52,3054.75,154802
2021-06-07 09:52:55,3054.25,154882
2021-06-07 09:52:58,3054.0,154903
2021-06-07 09:53:01,3053.0,155013
2021-06-07 09:53:04,3054.0,155404
2021-06-07 09:53:11,3053.5,155566
2021-06-07 09:53:15,3053.3,155684
2021-06-07 09:53:18,3053.25,155704
2021-06-07 09:53:21,3054.0,155721
2021-06-07 09:53:28,3054.0,155819
2021-06-07 09:53:31,3053.3,155839
2021-06-07 09:53:34,3053.5,155842
2021-06-07 09:53:38,3054.0,155910
2021-06-07 09:53:41,3053.9,156240
2021-06-07 09:53:44,3053.65,156245
2021-06-07 09:53:48,3053.5,156278
2021-06-07 09:53:54,3052.8,156343
2021-06-07 09:53:57,3052.8,156382
2021-06-07 09:54:00,3052.8,156444
2021-06-07 09:54:03,3052.1,156619
2021-06-07 09:54:06,3052.8,156796
2021-06-07 09:54:09,3052.9,156972
2021-06-07 09:54:12,3052.05,159164
2021-06-07 09:54:16,3052.0,159224
2021-06-07 09:54:19,3052.0,159225
2021-06-07 09:54:23,3052.0,159455
2021-06-07 09:54:26,3051.6,159507
2021-06-07 09:54:29,3052.0,159526
2021-06-07 09:54:32,3051.65,159579
2021-06-07 09:54:35,3051.65,159579
2021-06-07 09:54:38,3052.0,159595
2021-06-07 09:54:41,3052.9,159611
2021-06-07 09:54:44,3052.9,159630
2021-06-07 09:54:47,3052.95,159783
2021-06-07 09:54:50,3052.95,159783
2021-06-07 09:54:53,3052.0,159955
2021-06-07 09:54:56,3052.95,159956
2021-06-07 09:54:59,3052.95,160020
2021-06-07 09:55:03,3052.9,160028
2021-06-07 09:55:06,3052.95,160050
2021-06-07 09:55:09,3052.9,160071
2021-06-07 09:55:12,3052.9,160110
2021-06-07 09:55:15,3052.9,160147
2021-06-07 09:55:18,3052.9,160165
2021-06-07 09:55:21,3052.95,160365
2021-06-07 09:55:24,3052.95,160388
2021-06-07 09:55:27,3052.95,160419
2021-06-07 09:55:30,3053.0,160490
2021-06-07 09:55:33,3052.9,160532
2021-06-07 09:55:36,3053.75,160744
2021-06-07 09:55:39,3053.75,160760
2021-06-07 09:55:42,3053.75,160871
2021-06-07 09:55:46,3053.8,160987
2021-06-07 09:55:49,3053.8,161023
2021-06-07 09:55:52,3053.8,161027
2021-06-07 09:55:56,3053.8,161087
2021-06-07 09:55:59,3053.8,161160
2021-06-07 09:56:02,3053.05,161212
2021-06-07 09:56:05,3053.8,161237
2021-06-07 09:56:09,3053.8,161333
2021-06-07 09:56:12,3053.25,161383
2021-06-07 09:56:15,3053.75,161395
2021-06-07 09:56:18,3053.8,161422
2021-06-07 09:56:21,3053.75,161449
2021-06-07 09:56:24,3053.75,161454
2021-06-07 09:56:27,3053.8,161482
2021-06-07 09:56:30,3053.8,161485
2021-06-07 09:56:33,3053.75,161496
2021-06-07 09:56:37,3053.8,161553
2021-06-07 09:56:40,3053.8,161584
2021-06-07 09:56:43,3053.75,161624
2021-06-07 09:56:47,3053.8,161693
2021-06-07 09:56:50,3053.8,161694
2021-06-07 09:56:53,3053.8,161694
2021-06-07 09:56:56,3053.85,161695
2021-06-07 09:56:59,3053.85,161730
2021-06-07 09:57:02,3053.85,161793
2021-06-07 09:57:05,3053.8,161795
2021-06-07 09:57:08,3053.85,161852
2021-06-07 09:57:11,3053.85,161864
2021-06-07 09:57:15,3053.9,162009
2021-06-07 09:57:17,3053.9,162042
2021-06-07 09:57:21,3053.9,162142
2021-06-07 09:57:24,3053.85,162189
2021-06-07 09:57:27,3053.95,162220
2021-06-07 09:57:30,3053.85,162221
2021-06-07 09:57:36,3053.9,162332
2021-06-07 09:57:39,3053.9,162334
2021-06-07 09:57:42,3053.9,162443
2021-06-07 09:57:45,3053.9,162444
2021-06-07 09:57:49,3053.25,162720
2021-06-07 09:57:52,3053.75,162735
2021-06-07 09:57:55,3053.0,162869
2021-06-07 09:57:58,3053.0,162909
2021-06-07 09:58:01,3053.75,162924
2021-06-07 09:58:05,3053.75,163018
2021-06-07 09:58:08,3053.75,163019
2021-06-07 09:58:11,3053.2,163037
2021-06-07 09:58:15,3053.25,163049
2021-06-07 09:58:18,3053.8,163152
2021-06-07 09:58:20,3053.7,163187
2021-06-07 09:58:23,3053.75,163214
2021-06-07 09:58:26,3053.8,163227
2021-06-07 09:58:29,3053.7,163490
2021-06-07 09:58:32,3053.2,163530
2021-06-07 09:58:36,3053.2,163576
2021-06-07 09:58:39,3053.0,163644
2021-06-07 09:58:42,3053.0,163669
2021-06-07 09:58:45,3053.0,163712
2021-06-07 09:58:48,3053.0,163716
2021-06-07 09:58:51,3053.0,163740
2021-06-07 09:58:54,3052.0,163940
2021-06-07 09:58:57,3052.25,163946
2021-06-07 09:59:00,3052.0,163996
2021-06-07 09:59:03,3053.0,164131
2021-06-07 09:59:06,3053.15,164411
2021-06-07 09:59:09,3053.0,164432
2021-06-07 09:59:11,3053.0,164451
2021-06-07 09:59:14,3053.0,164470
2021-06-07 09:59:18,3053.0,164473
2021-06-07 09:59:21,3052.0,164604
2021-06-07 09:59:24,3052.2,164668
2021-06-07 09:59:28,3052.0,164678
2021-06-07 09:59:31,3053.15,165178
2021-06-07 09:59:34,3053.15,165178
2021-06-07 09:59:37,3053.1,165195
2021-06-07 09:59:40,3053.15,165225
2021-06-07 09:59:43,3052.2,165255
2021-06-07 09:59:46,3052.2,165274
2021-06-07 09:59:49,3053.15,165401
2021-06-07 09:59:52,3053.15,165432
2021-06-07 09:59:55,3053.15,165432
2021-06-07 09:59:58,3053.1,165446
2021-06-07 10:00:02,3052.95,166108
2021-06-07 10:00:05,3052.95,166114
2021-06-07 10:00:08,3053.2,166169
2021-06-07 10:00:11,3052.75,166289
2021-06-07 10:00:14,3053.55,166291
2021-06-07 10:00:17,3053.55,166301
2021-06-07 10:00:21,3053.45,166331
2021-06-07 10:00:24,3053.15,166385
2021-06-07 10:00:27,3053.7,166442
2021-06-07 10:00:31,3053.1,166576
2021-06-07 10:00:34,3052.0,166587
2021-06-07 10:00:38,3053.1,166638
2021-06-07 10:00:41,3053.1,166648
2021-06-07 10:00:44,3053.1,166648
2021-06-07 10:00:48,3053.0,166653
2021-06-07 10:00:51,3052.0,166688
2021-06-07 10:00:55,3053.0,166756
2021-06-07 10:00:58,3053.0,166760
2021-06-07 10:01:01,3053.0,166801
2021-06-07 10:01:05,3052.0,166964
2021-06-07 10:01:08,3051.5,167129
2021-06-07 10:01:11,3051.6,167265
2021-06-07 10:01:14,3051.6,167290
2021-06-07 10:01:18,3053.0,167590
2021-06-07 10:01:21,3053.0,167590
2021-06-07 10:01:24,3052.0,167592
2021-06-07 10:01:27,3051.65,167693
2021-06-07 10:01:30,3053.0,167702
2021-06-07 10:01:33,3053.0,167715
2021-06-07 10:01:37,3051.55,168082
2021-06-07 10:01:40,3052.9,168083
2021-06-07 10:01:43,3052.2,168107
2021-06-07 10:01:46,3052.2,168205
2021-06-07 10:01:49,3051.65,168211
2021-06-07 10:01:53,3051.65,168213
2021-06-07 10:01:56,3051.65,168226
2021-06-07 10:01:59,3052.7,168231
2021-06-07 10:02:03,3052.7,168249
2021-06-07 10:02:06,3051.6,168349
2021-06-07 10:02:10,3051.1,168364
2021-06-07 10:02:13,3051.1,168364
2021-06-07 10:02:15,3051.0,168394
2021-06-07 10:02:19,3051.0,168433
2021-06-07 10:02:22,3051.0,168437
2021-06-07 10:02:28,3051.0,168529
2021-06-07 10:02:31,3051.9,168830
2021-06-07 10:02:34,3051.9,168862
2021-06-07 10:02:36,3051.9,168889
2021-06-07 10:02:39,3051.9,168991
2021-06-07 10:02:43,3050.9,169113
2021-06-07 10:02:46,3050.25,169250
2021-06-07 10:02:49,3050.25,169303
2021-06-07 10:02:52,3051.0,169336
2021-06-07 10:02:55,3050.25,169367
2021-06-07 10:02:57,3050.25,170713
2021-06-07 10:03:00,3050.4,170784
2021-06-07 10:03:03,3050.1,170800
2021-06-07 10:03:06,3050.1,170800
2021-06-07 10:03:09,3050.2,170848
2021-06-07 10:03:12,3050.2,170848
2021-06-07 10:03:15,3049.0,171051
2021-06-07 10:03:18,3050.05,171353
2021-06-07 10:03:23,3047.75,176773
2021-06-07 10:03:26,3045.55,177526
2021-06-07 10:03:29,3045.55,178744
2021-06-07 10:03:32,3046.3,179532
2021-06-07 10:03:35,3048.2,179667
2021-06-07 10:03:38,3046.8,179783
2021-06-07 10:03:41,3046.8,179783
2021-06-07 10:03:44,3048.7,179903
2021-06-07 10:03:47,3050.0,179957
2021-06-07 10:03:50,3050.0,180084
2021-06-07 10:03:53,3049.0,180155
2021-06-07 10:03:56,3049.0,180155
2021-06-07 10:03:59,3047.75,180213
2021-06-07 10:04:02,3049.35,180297
2021-06-07 10:04:05,3049.35,180297
2021-06-07 10:04:08,3049.6,180320
2021-06-07 10:04:11,3049.05,180349
2021-06-07 10:04:14,3049.1,180384
2021-06-07 10:04:17,3049.55,180417
2021-06-07 10:04:20,3049.9,180441
2021-06-07 10:04:23,3049.9,180441
2021-06-07 10:04:26,3049.55,180490
2021-06-07 10:04:29,3049.55,180490
2021-06-07 10:04:32,3049.45,180504
2021-06-07 10:04:35,3049.9,180505
2021-06-07 10:04:38,3050.0,180708
2021-06-07 10:04:41,3049.55,180720
2021-06-07 10:04:44,3050.4,181490
2021-06-07 10:04:47,3050.9,181494
2021-06-07 10:04:50,3050.0,181504
2021-06-07 10:04:52,3050.9,181589
2021-06-07 10:04:56,3050.9,181599
2021-06-07 10:04:58,3050.9,181631
2021-06-07 10:05:01,3050.9,181648
2021-06-07 10:05:04,3050.75,181695
2021-06-07 10:05:07,3049.95,181697
2021-06-07 10:05:10,3049.6,181766
2021-06-07 10:05:12,3050.75,181832
2021-06-07 10:05:15,3050.75,181854
2021-06-07 10:05:18,3050.75,181854
2021-06-07 10:05:21,3049.6,181894
2021-06-07 10:05:24,3050.3,181953
2021-06-07 10:05:27,3050.3,181955
2021-06-07 10:05:30,3050.0,182090
2021-06-07 10:05:33,3050.0,182154
2021-06-07 10:05:36,3049.6,182297
2021-06-07 10:05:39,3050.0,182321
2021-06-07 10:05:42,3050.0,182323
2021-06-07 10:05:45,3050.0,182355
2021-06-07 10:05:48,3050.4,182473
2021-06-07 10:05:50,3050.4,182489
2021-06-07 10:05:52,3050.0,182492
2021-06-07 10:05:53,3050.0,182501
2021-06-07 10:05:54,3050.3,182508
2021-06-07 10:05:55,3050.1,182509
2021-06-07 10:05:56,3050.45,182830
2021-06-07 10:05:57,3050.45,182830
2021-06-07 10:05:58,3050.45,182830
2021-06-07 10:05:59,3052.6,183357
2021-06-07 10:06:00,3050.95,183365
2021-06-07 10:06:01,3052.65,183379
2021-06-07 10:06:02,3051.25,183484
2021-06-07 10:06:03,3051.3,183504
2021-06-07 10:06:04,3052.8,183506
2021-06-07 10:06:05,3052.8,183506
2021-06-07 10:06:06,3052.8,183512
2021-06-07 10:06:07,3052.8,183512
2021-06-07 10:06:08,3052.8,183512
2021-06-07 10:06:09,3052.85,183551
2021-06-07 10:06:12,3052.9,183601
2021-06-07 10:06:11,3052.9,183601
2021-06-07 10:06:13,3052.9,183602
2021-06-07 10:06:14,3052.9,183602
2021-06-07 10:06:15,3052.9,183602
2021-06-07 10:06:16,3052.75,183732
2021-06-07 10:06:17,3052.75,183736
2021-06-07 10:06:18,3052.8,183747
2021-06-07 10:06:19,3052.8,183752
2021-06-07 10:06:21,3052.9,183772
2021-06-07 10:06:22,3053.0,183830
2021-06-07 10:06:24,3053.0,183980
2021-06-07 10:06:25,3052.0,184000
2021-06-07 10:06:26,3053.0,184010
2021-06-07 10:06:27,3053.0,184015
2021-06-07 10:06:28,3053.0,184015
2021-06-07 10:06:29,3053.0,184025
2021-06-07 10:06:30,3053.0,184025
2021-06-07 10:06:31,3053.0,184026
2021-06-07 10:06:32,3053.0,184026
2021-06-07 10:06:33,3053.6,184145
2021-06-07 10:06:35,3053.5,184182
2021-06-07 10:06:36,3053.5,184182
2021-06-07 10:06:37,3053.5,184182
2021-06-07 10:06:37,3054.0,184193
2021-06-07 10:06:38,3054.0,184193
2021-06-07 10:06:39,3054.0,184193
2021-06-07 10:06:40,3053.0,184194
2021-06-07 10:06:41,3054.8,184525
2021-06-07 10:06:42,3053.15,184626
2021-06-07 10:06:43,3054.6,184627
2021-06-07 10:06:44,3054.6,184628
2021-06-07 10:06:45,3053.95,185348
2021-06-07 10:06:46,3053.95,185348
2021-06-07 10:06:47,3054.5,185577
2021-06-07 10:06:48,3054.6,185594
2021-06-07 10:06:49,3054.6,185594
2021-06-07 10:06:50,3054.0,185604
2021-06-07 10:06:51,3054.3,185609
2021-06-07 10:06:52,3054.3,185609
2021-06-07 10:06:53,3054.55,185629
2021-06-07 10:06:54,3054.85,185932
2021-06-07 10:06:55,3054.95,185987
2021-06-07 10:06:56,3054.9,185997
2021-06-07 10:06:57,3054.9,186050
2021-06-07 10:06:58,3054.0,186055
2021-06-07 10:06:59,3054.0,186055
2021-06-07 10:07:00,3054.85,186057
2021-06-07 10:07:01,3055.55,186273
2021-06-07 10:07:02,3055.05,186278
2021-06-07 10:07:03,3055.05,186278
2021-06-07 10:07:04,3056.0,186377
2021-06-07 10:07:05,3055.5,186487
2021-06-07 10:07:06,3055.5,186499
2021-06-07 10:07:07,3055.3,186547
2021-06-07 10:07:08,3055.3,186547
2021-06-07 10:07:09,3055.3,186547
2021-06-07 10:07:10,3056.65,186740
2021-06-07 10:07:12,3057.0,186771
2021-06-07 10:07:13,3057.0,186788
2021-06-07 10:07:14,3057.0,186869
2021-06-07 10:07:15,3057.0,186869
2021-06-07 10:07:16,3057.0,186901
2021-06-07 10:07:17,3057.0,186901
2021-06-07 10:07:18,3057.0,186924
2021-06-07 10:07:19,3056.1,186931
2021-06-07 10:07:20,3057.0,186936
2021-06-07 10:07:21,3057.0,187217
2021-06-07 10:07:22,3057.0,187217
2021-06-07 10:07:23,3057.0,187217
2021-06-07 10:07:24,3057.35,187317
2021-06-07 10:07:25,3056.1,187322
2021-06-07 10:07:26,3056.1,187324
2021-06-07 10:07:27,3057.35,187329
2021-06-07 10:07:28,3057.85,187354
2021-06-07 10:07:29,3057.0,187359
2021-06-07 10:07:30,3057.0,187359
2021-06-07 10:07:31,3057.0,187399
2021-06-07 10:07:32,3057.0,187404
2021-06-07 10:07:34,3057.85,187414
2021-06-07 10:07:35,3058.0,187439
2021-06-07 10:07:35,3058.0,187439
2021-06-07 10:07:37,3058.0,187474
2021-06-07 10:07:38,3058.0,187477
2021-06-07 10:07:38,3058.0,187497
2021-06-07 10:07:39,3058.0,187497
2021-06-07 10:07:40,3059.15,187928
2021-06-07 10:07:41,3059.15,187928
2021-06-07 10:07:42,3059.7,188180
2021-06-07 10:07:43,3059.95,188386
2021-06-07 10:07:45,3059.6,188421
2021-06-07 10:07:44,3059.95,188386
2021-06-07 10:07:46,3058.2,188424
2021-06-07 10:07:47,3059.6,188434
2021-06-07 10:07:49,3058.4,188490
2021-06-07 10:07:50,3058.2,188570
2021-06-07 10:07:51,3058.45,188599
2021-06-07 10:07:52,3058.45,188599
2021-06-07 10:07:53,3059.6,188671
2021-06-07 10:07:54,3060.0,188989
2021-06-07 10:07:55,3060.0,188989
2021-06-07 10:07:56,3060.0,189000
2021-06-07 10:07:57,3060.0,189080
2021-06-07 10:07:58,3060.0,189080
2021-06-07 10:07:59,3060.0,189080
2021-06-07 10:08:00,3060.0,189080
2021-06-07 10:08:01,3059.6,189085
2021-06-07 10:08:02,3059.6,189085
2021-06-07 10:08:03,3059.6,189120
2021-06-07 10:08:04,3058.9,189185
2021-06-07 10:08:05,3060.0,189190
2021-06-07 10:08:06,3060.0,189190
2021-06-07 10:08:07,3060.0,189192
2021-06-07 10:08:08,3060.0,189192
2021-06-07 10:08:09,3058.9,189195
2021-06-07 10:08:10,3058.9,189195
2021-06-07 10:08:11,3058.9,189195
2021-06-07 10:08:12,3058.9,189200
2021-06-07 10:08:13,3058.9,189200
2021-06-07 10:08:14,3060.0,189913
2021-06-07 10:08:15,3060.0,189913
2021-06-07 10:08:16,3060.1,189923
2021-06-07 10:08:17,3060.1,189923
2021-06-07 10:08:18,3060.1,189923
2021-06-07 10:08:19,3059.1,190128
2021-06-07 10:08:20,3059.1,190128
2021-06-07 10:08:21,3060.1,190153
2021-06-07 10:08:22,3060.1,190153
2021-06-07 10:08:23,3060.15,190155
2021-06-07 10:08:24,3059.3,190166
2021-06-07 10:08:25,3059.0,190579
2021-06-07 10:08:26,3060.15,190929
2021-06-07 10:08:27,3060.55,190941
2021-06-07 10:08:28,3060.1,190946
2021-06-07 10:08:29,3060.1,190946
2021-06-07 10:08:30,3060.1,190946
2021-06-07 10:08:32,3059.7,190957
2021-06-07 10:08:33,3059.7,190957
2021-06-07 10:08:34,3061.7,191210
2021-06-07 10:08:35,3061.7,191210
2021-06-07 10:08:36,3060.55,191215
2021-06-07 10:08:37,3060.55,191215
2021-06-07 10:08:38,3060.55,191228
2021-06-07 10:08:40,3061.2,191229
2021-06-07 10:08:41,3061.2,191229
2021-06-07 10:08:42,3061.2,191244
2021-06-07 10:08:42,3061.2,191240
2021-06-07 10:08:45,3061.2,191255
2021-06-07 10:08:45,3061.2,191255
2021-06-07 10:08:46,3061.2,191256
2021-06-07 10:08:47,3061.2,191256
2021-06-07 10:08:48,3061.2,191429
2021-06-07 10:08:49,3061.25,191436
2021-06-07 10:08:51,3061.25,191436
2021-06-07 10:08:51,3061.25,191436
2021-06-07 10:08:52,3061.0,191437
2021-06-07 10:08:53,3061.0,191437
2021-06-07 10:08:54,3060.55,191502
2021-06-07 10:08:55,3061.4,191506
2021-06-07 10:08:56,3061.4,191506
2021-06-07 10:08:57,3061.4,191506
2021-06-07 10:08:59,3061.0,191509
2021-06-07 10:09:00,3061.0,191509
2021-06-07 10:09:01,3061.0,191522
2021-06-07 10:09:01,3061.3,191527
2021-06-07 10:09:02,3061.3,191528
2021-06-07 10:09:04,3060.25,191543
2021-06-07 10:09:05,3060.25,191543
2021-06-07 10:09:05,3060.25,191546
2021-06-07 10:09:07,3060.9,191954
2021-06-07 10:09:07,3060.9,192004
2021-06-07 10:09:08,3060.0,192014
2021-06-07 10:09:09,3060.0,192014
2021-06-07 10:09:10,3060.0,192014
2021-06-07 10:09:11,3060.7,192016
2021-06-07 10:09:12,3060.0,192272
2021-06-07 10:09:13,3059.0,192346
2021-06-07 10:09:14,3060.0,192356
2021-06-07 10:09:15,3060.2,192376
2021-06-07 10:09:16,3060.2,192388
2021-06-07 10:09:17,3060.2,192390
2021-06-07 10:09:18,3060.2,192390
2021-06-07 10:09:19,3060.0,192399
2021-06-07 10:09:20,3060.0,192402
2021-06-07 10:09:22,3060.0,192404
2021-06-07 10:09:23,3059.15,192406
2021-06-07 10:09:24,3059.15,192406
2021-06-07 10:09:25,3059.15,192436
2021-06-07 10:09:25,3059.15,192436
2021-06-07 10:09:26,3059.15,192436
2021-06-07 10:09:27,3060.0,192446
2021-06-07 10:09:28,3059.0,192461
2021-06-07 10:09:29,3059.0,192461
2021-06-07 10:09:30,3059.0,192461
2021-06-07 10:09:31,3060.0,192511
2021-06-07 10:09:32,3060.0,192511
2021-06-07 10:09:33,3060.0,192511
2021-06-07 10:09:36,3059.15,192524
2021-06-07 10:09:37,3060.0,192526
2021-06-07 10:09:38,3060.0,192526
2021-06-07 10:09:41,3060.0,192526
2021-06-07 10:09:40,3060.0,192526
2021-06-07 10:09:42,3060.0,192526
2021-06-07 10:09:42,3060.0,192626
2021-06-07 10:09:44,3059.15,192636
2021-06-07 10:09:45,3059.15,192649
2021-06-07 10:09:46,3059.15,192649
2021-06-07 10:09:47,3058.1,192816
2021-06-07 10:09:48,3058.0,192818
2021-06-07 10:09:48,3058.0,192818
2021-06-07 10:09:49,3058.0,192818
2021-06-07 10:09:50,3058.0,192818
2021-06-07 10:09:51,3058.0,192818
2021-06-07 10:09:52,3058.0,192818
2021-06-07 10:09:53,3059.15,192819
2021-06-07 10:09:55,3059.15,192822
2021-06-07 10:09:56,3059.15,192822
2021-06-07 10:09:58,3059.15,192825
2021-06-07 10:09:59,3059.15,192825
2021-06-07 10:10:00,3060.0,193125
2021-06-07 10:10:01,3060.0,193125
2021-06-07 10:10:01,3060.0,193125
2021-06-07 10:10:02,3060.0,193125
2021-06-07 10:10:03,3060.0,193125
2021-06-07 10:10:04,3060.0,193125
2021-06-07 10:10:05,3059.7,193150
2021-06-07 10:10:06,3059.65,193156
2021-06-07 10:10:07,3059.65,193158
2021-06-07 10:10:08,3059.65,193158
2021-06-07 10:10:09,3059.9,193213
2021-06-07 10:10:10,3059.9,193213
2021-06-07 10:10:12,3058.8,193214
2021-06-07 10:10:12,3058.8,193214
2021-06-07 10:10:14,3058.8,193214
2021-06-07 10:10:14,3058.5,193217
2021-06-07 10:10:15,3059.25,193227
2021-06-07 10:10:16,3059.25,193227
2021-06-07 10:10:17,3058.8,193237
2021-06-07 10:10:18,3058.8,193249
2021-06-07 10:10:19,3058.8,193249
2021-06-07 10:10:22,3058.8,193268
2021-06-07 10:10:23,3058.8,193268
2021-06-07 10:10:23,3058.8,193278
2021-06-07 10:10:25,3058.8,193278
2021-06-07 10:10:26,3058.5,193288
2021-06-07 10:10:27,3058.8,193303
2021-06-07 10:10:27,3058.8,193308
2021-06-07 10:10:29,3058.8,193308
2021-06-07 10:10:30,3058.5,193311
2021-06-07 10:10:31,3058.5,193380
2021-06-07 10:10:31,3058.5,193380
2021-06-07 10:10:32,3058.5,193380
2021-06-07 10:10:33,3058.0,193649
2021-06-07 10:10:34,3057.0,193650
2021-06-07 10:10:35,3058.0,193653
2021-06-07 10:10:37,3058.0,193680
2021-06-07 10:10:38,3056.0,193880
2021-06-07 10:10:39,3056.0,193880
2021-06-07 10:10:39,3056.0,193880
2021-06-07 10:10:41,3056.25,193881
2021-06-07 10:10:42,3057.85,193891
2021-06-07 10:10:43,3056.5,193960
2021-06-07 10:10:44,3056.5,193960
2021-06-07 10:10:45,3057.85,193961
2021-06-07 10:10:46,3057.85,193964
2021-06-07 10:10:47,3057.85,193965
2021-06-07 10:10:48,3056.45,193995
2021-06-07 10:10:49,3056.45,193995
2021-06-07 10:10:50,3056.45,194031
2021-06-07 10:10:50,3057.85,194131
2021-06-07 10:10:51,3057.85,194184
2021-06-07 10:10:52,3057.85,194184
2021-06-07 10:10:53,3057.8,194202
2021-06-07 10:10:54,3056.7,194204
2021-06-07 10:10:55,3056.7,194204
2021-06-07 10:10:56,3056.7,194204
2021-06-07 10:10:57,3056.7,194204
2021-06-07 10:10:58,3056.7,194204
2021-06-07 10:10:59,3057.85,194209
2021-06-07 10:11:02,3056.7,194272
2021-06-07 10:11:03,3056.7,194282
2021-06-07 10:11:04,3056.6,194285
2021-06-07 10:11:05,3056.6,194292
2021-06-07 10:11:05,3056.6,194292
2021-06-07 10:11:06,3056.6,194292
2021-06-07 10:11:07,3057.7,194295
2021-06-07 10:11:08,3057.7,194295
2021-06-07 10:11:09,3057.7,194295
2021-06-07 10:11:10,3057.7,194295
2021-06-07 10:11:11,3057.7,194295
2021-06-07 10:11:12,3057.7,194295
2021-06-07 10:11:13,3057.7,194295
2021-06-07 10:11:14,3057.7,194295
2021-06-07 10:11:15,3057.7,194295
2021-06-07 10:11:16,3057.0,194495
2021-06-07 10:11:18,3057.7,194600
2021-06-07 10:11:19,3056.8,194601
2021-06-07 10:11:20,3057.7,194614
2021-06-07 10:11:21,3056.8,194698
2021-06-07 10:11:22,3056.0,194748
2021-06-07 10:11:23,3057.3,194770
2021-06-07 10:11:24,3057.45,194785
2021-06-07 10:11:24,3057.45,194785
2021-06-07 10:11:26,3057.45,194804
2021-06-07 10:11:27,3057.45,194834
2021-06-07 10:11:28,3057.45,194834
2021-06-07 10:11:29,3057.45,194834
2021-06-07 10:11:30,3057.45,194834
2021-06-07 10:11:31,3057.45,194834
2021-06-07 10:11:31,3057.4,194858
2021-06-07 10:11:33,3057.4,194858
2021-06-07 10:11:34,3057.4,194861
2021-06-07 10:11:35,3057.4,194861
2021-06-07 10:11:36,3057.4,194861
2021-06-07 10:11:37,3056.95,194863
2021-06-07 10:11:38,3056.95,194863
2021-06-07 10:11:39,3057.4,194876
2021-06-07 10:11:40,3056.0,194909
2021-06-07 10:11:41,3056.0,194909
2021-06-07 10:11:42,3056.0,194909
2021-06-07 10:11:43,3057.0,194959
2021-06-07 10:11:43,3057.0,194959
2021-06-07 10:11:44,3057.25,195059
2021-06-07 10:11:45,3057.3,195159
2021-06-07 10:11:46,3057.3,195159
2021-06-07 10:11:47,3057.3,195159
2021-06-07 10:11:48,3057.3,195159
2021-06-07 10:11:49,3057.3,195159
2021-06-07 10:11:50,3057.3,195159
2021-06-07 10:11:51,3056.5,195164
2021-06-07 10:11:52,3057.0,195189
2021-06-07 10:11:53,3056.5,195190
2021-06-07 10:11:54,3057.0,195195
2021-06-07 10:11:55,3057.0,195195
2021-06-07 10:11:56,3057.0,195195
2021-06-07 10:11:57,3056.0,195225
2021-06-07 10:11:58,3057.0,195244
2021-06-07 10:11:59,3057.0,195244
2021-06-07 10:12:01,3057.0,195244
2021-06-07 10:12:02,3057.0,195266
2021-06-07 10:12:02,3057.0,195266
2021-06-07 10:12:03,3057.0,195266
2021-06-07 10:12:04,3056.65,195286
2021-06-07 10:12:05,3057.0,195349
2021-06-07 10:12:06,3057.0,195349
2021-06-07 10:12:07,3057.0,195529
2021-06-07 10:12:08,3057.0,195529
2021-06-07 10:12:09,3057.0,195529
2021-06-07 10:12:10,3057.0,195529
2021-06-07 10:12:11,3057.0,195529
2021-06-07 10:12:16,3058.8,195795
2021-06-07 10:12:17,3058.25,195827
2021-06-07 10:12:18,3058.8,195828
2021-06-07 10:12:19,3058.8,195848
2021-06-07 10:12:19,3058.25,195849
2021-06-07 10:12:20,3058.25,195849
2021-06-07 10:12:21,3058.25,195859
2021-06-07 10:12:23,3058.8,196028
2021-06-07 10:12:24,3057.7,196030
2021-06-07 10:12:25,3058.0,196032
2021-06-07 10:12:26,3058.0,196032
2021-06-07 10:12:27,3058.0,196032
2021-06-07 10:12:27,3058.0,196032
2021-06-07 10:12:29,3058.0,196032
2021-06-07 10:12:30,3058.0,196034
2021-06-07 10:12:31,3058.0,196034
2021-06-07 10:12:32,3058.8,196040
2021-06-07 10:12:33,3058.8,196040
2021-06-07 10:12:34,3058.8,196065
2021-06-07 10:12:35,3058.8,196065
2021-06-07 10:12:36,3057.75,196146
2021-06-07 10:12:37,3057.75,196146
2021-06-07 10:12:38,3057.75,196146
2021-06-07 10:12:39,3058.0,196149
2021-06-07 10:12:40,3058.0,196149
2021-06-07 10:12:42,3058.8,196190
2021-06-07 10:12:43,3058.0,196192
2021-06-07 10:12:44,3058.0,196192
2021-06-07 10:12:45,3058.0,196192
2021-06-07 10:12:46,3058.0,196192
2021-06-07 10:12:47,3058.0,196192
2021-06-07 10:12:48,3058.0,196192
2021-06-07 10:12:51,3058.8,196229
2021-06-07 10:12:52,3058.8,196229
2021-06-07 10:12:53,3058.7,196235
2021-06-07 10:12:54,3058.7,196235
2021-06-07 10:12:55,3058.7,196235
2021-06-07 10:12:56,3058.7,196235
2021-06-07 10:12:57,3058.7,196238
2021-06-07 10:12:58,3058.8,196496
2021-06-07 10:12:59,3057.85,196608
2021-06-07 10:13:00,3058.8,196611
2021-06-07 10:13:01,3058.8,196611
2021-06-07 10:13:02,3058.8,196611
2021-06-07 10:13:04,3058.7,196644
2021-06-07 10:13:05,3058.7,196644
2021-06-07 10:13:06,3058.7,196648
2021-06-07 10:13:07,3058.8,196664
2021-06-07 10:13:08,3058.8,196664
2021-06-07 10:13:09,3058.8,196664
2021-06-07 10:13:09,3058.8,196664
2021-06-07 10:13:10,3059.35,196741
2021-06-07 10:13:11,3058.3,196783
2021-06-07 10:13:13,3058.75,196800
2021-06-07 10:13:14,3058.2,196805
2021-06-07 10:13:15,3058.75,196822
2021-06-07 10:13:16,3058.7,196826
2021-06-07 10:13:17,3058.7,196826
2021-06-07 10:13:18,3058.7,196826
2021-06-07 10:13:19,3058.7,196826
2021-06-07 10:13:20,3058.7,196828
2021-06-07 10:13:21,3058.75,196844
2021-06-07 10:13:22,3058.75,196847
2021-06-07 10:13:23,3058.75,196858
2021-06-07 10:13:24,3058.75,196859
2021-06-07 10:13:25,3058.75,196860
2021-06-07 10:13:26,3058.75,196890
2021-06-07 10:13:27,3058.75,196890
2021-06-07 10:13:28,3058.7,196891
2021-06-07 10:13:29,3058.7,196891
2021-06-07 10:13:29,3058.7,196891
2021-06-07 10:13:31,3058.75,196897
2021-06-07 10:13:32,3058.75,196897
2021-06-07 10:13:33,3058.75,196897
2021-06-07 10:13:35,3058.75,196917
2021-06-07 10:13:36,3058.7,196922
2021-06-07 10:13:37,3058.7,197098
2021-06-07 10:13:38,3058.7,197122
2021-06-07 10:13:38,3058.7,197122
2021-06-07 10:13:39,3058.7,197122
2021-06-07 10:13:41,3058.75,197123
2021-06-07 10:13:42,3058.75,197136
2021-06-07 10:13:43,3058.75,197136
2021-06-07 10:13:44,3058.75,197148
2021-06-07 10:13:46,3058.75,197150
2021-06-07 10:13:47,3058.0,197299
2021-06-07 10:13:48,3058.0,197329
2021-06-07 10:13:49,3058.0,197329
2021-06-07 10:13:50,3058.0,197329
2021-06-07 10:13:51,3058.0,197329
2021-06-07 10:13:51,3058.0,197329
2021-06-07 10:13:52,3058.0,197329
2021-06-07 10:13:54,3057.95,197360
2021-06-07 10:13:55,3057.95,197360
2021-06-07 10:13:56,3057.95,197375
2021-06-07 10:13:57,3057.95,197378
2021-06-07 10:13:58,3057.95,197378
2021-06-07 10:13:59,3057.95,197378
2021-06-07 10:14:00,3057.95,197378
2021-06-07 10:14:01,3056.95,197382
2021-06-07 10:14:02,3057.8,197384
2021-06-07 10:14:03,3056.95,197396
2021-06-07 10:14:03,3056.95,197396
2021-06-07 10:14:05,3056.95,197396
2021-06-07 10:14:06,3056.95,197396
2021-06-07 10:14:07,3057.8,197445
2021-06-07 10:14:08,3057.8,197445
2021-06-07 10:14:09,3057.8,197445
2021-06-07 10:14:10,3057.8,197446
2021-06-07 10:14:11,3057.8,197446
2021-06-07 10:14:12,3057.8,197446
2021-06-07 10:14:13,3057.8,197459
2021-06-07 10:14:14,3057.0,197460
2021-06-07 10:14:14,3057.0,197460
2021-06-07 10:14:16,3057.8,197475
2021-06-07 10:14:17,3057.8,197475
2021-06-07 10:14:18,3057.8,197475
2021-06-07 10:14:18,3057.8,197475
2021-06-07 10:14:19,3057.0,197480
2021-06-07 10:14:21,3057.0,197480
2021-06-07 10:14:21,3057.0,197480
2021-06-07 10:14:23,3057.0,197480
2021-06-07 10:14:24,3057.8,197481
2021-06-07 10:14:25,3057.8,197506
2021-06-07 10:14:26,3057.8,197506
2021-06-07 10:14:27,3057.0,197508
2021-06-07 10:14:28,3057.05,197509
2021-06-07 10:14:29,3057.05,197509
2021-06-07 10:14:30,3057.05,197519
2021-06-07 10:14:31,3057.05,197519
2021-06-07 10:14:32,3057.05,197519
2021-06-07 10:14:34,3057.8,197520
2021-06-07 10:14:35,3057.8,197520
2021-06-07 10:14:36,3057.8,197544
2021-06-07 10:14:37,3057.8,197547
2021-06-07 10:14:38,3057.8,197572
2021-06-07 10:14:39,3057.8,197576
2021-06-07 10:14:40,3057.8,197726
2021-06-07 10:14:41,3057.8,197726
2021-06-07 10:14:42,3057.15,197727
2021-06-07 10:14:43,3056.0,198037
2021-06-07 10:14:45,3057.5,198087
2021-06-07 10:14:44,3056.0,198037
2021-06-07 10:14:46,3057.5,198087
2021-06-07 10:14:47,3056.4,198088
2021-06-07 10:14:48,3056.4,198098
2021-06-07 10:14:49,3056.4,198098
2021-06-07 10:14:50,3057.0,198118
2021-06-07 10:14:51,3057.0,198118
2021-06-07 10:14:53,3057.5,198191
2021-06-07 10:14:55,3057.5,198310
2021-06-07 10:14:56,3057.5,198310
2021-06-07 10:14:57,3057.5,198310
2021-06-07 10:14:58,3057.5,198310
2021-06-07 10:14:59,3057.5,198334
2021-06-07 10:15:00,3058.4,198655
2021-06-07 10:15:01,3058.4,198658
2021-06-07 10:15:02,3058.4,198904
2021-06-07 10:15:03,3058.4,198909
2021-06-07 10:15:04,3058.45,199007
2021-06-07 10:15:05,3058.45,199306
2021-06-07 10:15:06,3058.45,199306
2021-06-07 10:15:07,3057.05,199324
2021-06-07 10:15:08,3057.05,199324
2021-06-07 10:15:09,3057.0,199344
2021-06-07 10:15:10,3057.0,199344
2021-06-07 10:15:11,3058.0,199394
2021-06-07 10:15:12,3058.0,199394
2021-06-07 10:15:13,3058.0,199394
2021-06-07 10:15:14,3057.0,199454
2021-06-07 10:15:15,3057.0,199454
2021-06-07 10:15:16,3057.5,199464
2021-06-07 10:15:17,3056.85,199469
2021-06-07 10:15:18,3056.85,199469
2021-06-07 10:15:19,3056.85,199469
2021-06-07 10:15:20,3056.85,199469
2021-06-07 10:15:21,3056.85,199469
2021-06-07 10:15:22,3057.5,199479
2021-06-07 10:15:24,3057.5,199482
2021-06-07 10:15:25,3057.5,199482
2021-06-07 10:15:26,3057.5,199589
2021-06-07 10:15:27,3057.5,199589
2021-06-07 10:15:28,3057.5,199589
2021-06-07 10:15:29,3056.5,199604
2021-06-07 10:15:30,3056.5,199604
2021-06-07 10:15:31,3057.45,199605
2021-06-07 10:15:32,3057.45,199605
2021-06-07 10:15:33,3057.45,199605
2021-06-07 10:15:34,3056.5,199607
2021-06-07 10:15:35,3057.45,199613
2021-06-07 10:15:36,3057.45,199613
2021-06-07 10:15:37,3057.45,199613
2021-06-07 10:15:38,3057.45,199613
2021-06-07 10:15:39,3057.45,199613
2021-06-07 10:15:42,3057.0,199643
2021-06-07 10:15:41,3057.0,199643
2021-06-07 10:15:43,3057.0,199648
2021-06-07 10:15:44,3057.0,199648
2021-06-07 10:15:45,3057.0,199648
2021-06-07 10:15:46,3057.0,199667
2021-06-07 10:15:47,3056.5,199676
2021-06-07 10:15:48,3057.0,199688
2021-06-07 10:15:49,3057.0,199688
2021-06-07 10:15:50,3056.5,199738
2021-06-07 10:15:53,3057.0,199743
2021-06-07 10:15:56,3057.0,199743
2021-06-07 10:15:58,3057.0,199743
2021-06-07 10:16:01,3056.5,199794
2021-06-07 10:16:04,3056.5,199794
2021-06-07 10:16:07,3057.0,199800
2021-06-07 10:16:10,3056.9,199819
2021-06-07 10:16:13,3056.0,199945
2021-06-07 10:16:16,3056.9,199970
2021-06-07 10:16:19,3056.05,199973
2021-06-07 10:16:22,3056.05,199975
2021-06-07 10:16:25,3056.05,200000
2021-06-07 10:16:28,3056.05,200000
2021-06-07 10:16:31,3056.9,200034
2021-06-07 10:16:34,3056.9,200053
2021-06-07 10:16:37,3056.0,200133
2021-06-07 10:16:39,3056.0,200133
2021-06-07 10:16:42,3056.9,200213
2021-06-07 10:16:45,3056.9,200213
2021-06-07 10:16:48,3056.9,200213
2021-06-07 10:16:52,3056.9,200245
2021-06-07 10:16:55,3056.9,200245
2021-06-07 10:16:58,3056.9,200261
2021-06-07 10:17:01,3056.0,200286
2021-06-07 10:17:04,3056.0,200286
2021-06-07 10:17:07,3056.9,200844
2021-06-07 10:17:10,3056.9,200846
2021-06-07 10:17:13,3056.9,200955
2021-06-07 10:17:16,3056.9,200963
2021-06-07 10:17:18,3056.0,200968
2021-06-07 10:17:21,3056.05,200999
2021-06-07 10:17:24,3056.05,201014
2021-06-07 10:17:28,3056.9,201127
2021-06-07 10:17:33,3056.9,201236
2021-06-07 10:17:36,3057.05,205088
2021-06-07 10:17:39,3058.0,205089
2021-06-07 10:17:42,3058.0,205089
2021-06-07 10:17:45,3058.0,205089
2021-06-07 10:17:47,3056.9,205289
2021-06-07 10:17:50,3056.9,205330
2021-06-07 10:17:54,3056.9,205330
2021-06-07 10:17:56,3056.9,205352
2021-06-07 10:17:59,3056.95,205368
2021-06-07 10:18:02,3058.6,205436
2021-06-07 10:18:05,3058.8,205571
2021-06-07 10:18:08,3058.8,205574
2021-06-07 10:18:10,3058.8,205600
2021-06-07 10:18:13,3058.9,205629
2021-06-07 10:18:16,3058.9,205726
2021-06-07 10:18:19,3059.0,205768
2021-06-07 10:18:25,3058.9,205805
2021-06-07 10:18:28,3058.9,205805
2021-06-07 10:18:30,3058.0,206017
2021-06-07 10:18:33,3058.0,206017
2021-06-07 10:18:36,3058.0,206017
2021-06-07 10:18:39,3058.8,206049
2021-06-07 10:18:42,3058.85,206067
2021-06-07 10:18:44,3058.9,206082
2021-06-07 10:18:47,3058.9,206084
2021-06-07 10:18:50,3058.9,206084
2021-06-07 10:18:53,3058.85,206096
2021-06-07 10:18:56,3058.9,206127
2021-06-07 10:18:59,3058.85,206129
2021-06-07 10:19:02,3058.85,206159
2021-06-07 10:19:06,3058.85,206224
2021-06-07 10:19:09,3058.85,206225
2021-06-07 10:19:12,3058.85,206230
2021-06-07 10:19:15,3058.9,206234
2021-06-07 10:19:18,3058.85,206242
2021-06-07 10:19:21,3059.0,206452
2021-06-07 10:19:24,3058.85,206472
2021-06-07 10:19:27,3059.0,206572
2021-06-07 10:19:30,3058.85,206671
2021-06-07 10:19:34,3059.0,206800
2021-06-07 10:19:37,3059.0,206802
2021-06-07 10:19:40,3059.0,206834
2021-06-07 10:19:43,3059.0,206860
2021-06-07 10:19:45,3059.0,206911
2021-06-07 10:19:48,3059.0,206914
2021-06-07 10:19:51,3058.0,210014
2021-06-07 10:19:54,3057.9,210021
2021-06-07 10:19:57,3057.9,210071
2021-06-07 10:20:00,3057.0,210073
2021-06-07 10:20:03,3056.4,210273
2021-06-07 10:20:06,3057.85,210274
2021-06-07 10:20:09,3057.85,210274
2021-06-07 10:20:11,3057.85,210299
2021-06-07 10:20:14,3057.85,210299
2021-06-07 10:20:18,3057.85,210325
2021-06-07 10:20:20,3058.7,210511
2021-06-07 10:20:23,3058.85,210622
2021-06-07 10:20:26,3058.65,210628
2021-06-07 10:20:29,3058.0,210633
2021-06-07 10:20:32,3057.15,210665
2021-06-07 10:20:34,3058.0,210666
2021-06-07 10:20:37,3058.0,210681
2021-06-07 10:20:40,3058.0,210681
2021-06-07 10:20:43,3058.45,210699
2021-06-07 10:20:45,3058.45,210699
2021-06-07 10:20:48,3058.0,210710
2021-06-07 10:20:51,3058.0,210713
2021-06-07 10:20:54,3058.45,210735
2021-06-07 10:20:56,3058.45,210735
2021-06-07 10:20:59,3058.45,210768
2021-06-07 10:21:02,3058.45,210778
2021-06-07 10:21:05,3058.65,210801
2021-06-07 10:21:07,3058.0,210821
2021-06-07 10:21:10,3058.6,210824
2021-06-07 10:21:12,3058.45,210934
2021-06-07 10:21:15,3058.45,211037
2021-06-07 10:21:18,3058.0,211165
2021-06-07 10:21:21,3058.0,211175
2021-06-07 10:21:24,3058.0,211180
2021-06-07 10:21:27,3058.0,211206
2021-06-07 10:21:29,3058.0,211206
2021-06-07 10:21:32,3058.0,211209
2021-06-07 10:21:35,3058.0,211221
2021-06-07 10:21:37,3058.2,211244
2021-06-07 10:21:40,3058.2,211259
2021-06-07 10:21:43,3058.2,211259
2021-06-07 10:21:45,3058.2,211277
2021-06-07 10:21:48,3058.2,211277
2021-06-07 10:21:50,3058.2,211277
2021-06-07 10:21:53,3058.2,211304
2021-06-07 10:21:55,3058.2,211324
2021-06-07 10:21:58,3058.25,211330
2021-06-07 10:22:00,3058.2,211331
2021-06-07 10:22:03,3058.0,211381
2021-06-07 10:22:06,3058.8,211582
2021-06-07 10:22:09,3058.0,211665
2021-06-07 10:22:12,3057.9,211726
2021-06-07 10:22:15,3058.25,211857
2021-06-07 10:22:17,3058.1,211859
2021-06-07 10:22:20,3058.1,211961
2021-06-07 10:22:23,3058.05,211976
2021-06-07 10:22:25,3058.0,211994
2021-06-07 10:22:28,3058.0,212002
2021-06-07 10:22:31,3056.95,212038
2021-06-07 10:22:33,3056.95,212038
2021-06-07 10:22:36,3057.55,212194
2021-06-07 10:22:39,3057.55,212195
2021-06-07 10:22:42,3057.5,212199
2021-06-07 10:22:44,3057.5,212209
2021-06-07 10:22:47,3057.5,212219
2021-06-07 10:22:50,3056.35,212277
2021-06-07 10:22:53,3056.45,212278
2021-06-07 10:22:58,3055.0,212895
2021-06-07 10:23:00,3055.0,212912
2021-06-07 10:23:03,3053.8,213132
2021-06-07 10:23:06,3055.0,213147
2021-06-07 10:23:09,3055.0,213199
2021-06-07 10:23:11,3055.0,213209
2021-06-07 10:23:14,3055.0,213210
2021-06-07 10:23:17,3055.0,213212
2021-06-07 10:23:19,3055.55,213313
2021-06-07 10:23:22,3053.15,213613
2021-06-07 10:23:25,3054.1,213616
2021-06-07 10:23:28,3054.1,213616
2021-06-07 10:23:31,3054.1,213616
2021-06-07 10:23:33,3054.1,213817
2021-06-07 10:23:36,3055.2,214475
2021-06-07 10:23:39,3055.2,214475
2021-06-07 10:23:41,3056.4,214725
2021-06-07 10:23:44,3055.1,215727
2021-06-07 10:23:47,3055.05,215728
2021-06-07 10:23:49,3055.05,215728
2021-06-07 10:23:52,3055.05,215781
2021-06-07 10:23:54,3055.2,216113
2021-06-07 10:23:57,3055.2,216113
2021-06-07 10:24:00,3055.2,216119
2021-06-07 10:24:03,3054.15,216133
2021-06-07 10:24:05,3054.15,216133
2021-06-07 10:24:08,3054.15,216133
2021-06-07 10:24:11,3055.0,216209
2021-06-07 10:24:14,3055.2,216224
2021-06-07 10:24:17,3055.2,216274
2021-06-07 10:24:19,3055.2,216275
2021-06-07 10:24:22,3055.0,216375
2021-06-07 10:24:25,3055.0,216375
2021-06-07 10:24:27,3055.2,216383
2021-06-07 10:24:30,3054.15,216472
2021-06-07 10:24:33,3054.0,216527
2021-06-07 10:24:35,3054.05,216534
2021-06-07 10:24:38,3054.05,216534
2021-06-07 10:24:41,3055.0,216539
2021-06-07 10:24:44,3055.2,216555
2021-06-07 10:24:47,3055.2,216565
2021-06-07 10:24:50,3055.0,216609
2021-06-07 10:24:53,3054.0,216615
2021-06-07 10:24:56,3054.9,216630
2021-06-07 10:24:59,3054.9,216681
2021-06-07 10:25:04,3054.05,216708
2021-06-07 10:25:07,3054.85,216710
2021-06-07 10:25:10,3054.85,216735
2021-06-07 10:25:13,3054.85,216758
2021-06-07 10:25:16,3054.85,216769
2021-06-07 10:25:18,3054.0,216863
2021-06-07 10:25:21,3053.45,217213
2021-06-07 10:25:24,3054.0,217254
2021-06-07 10:25:26,3054.0,217254
2021-06-07 10:25:29,3053.0,217299
2021-06-07 10:25:32,3054.6,217339
2021-06-07 10:25:35,3054.6,217339
2021-06-07 10:25:38,3054.6,217377
2021-06-07 10:25:40,3054.6,217388
2021-06-07 10:25:43,3054.6,217407
2021-06-07 10:25:46,3054.6,217420
2021-06-07 10:25:48,3054.6,217420
2021-06-07 10:25:50,3054.6,217420
2021-06-07 10:25:51,3054.6,217420
2021-06-07 10:25:52,3054.6,217425
2021-06-07 10:25:53,3054.6,217425
2021-06-07 10:25:54,3054.6,217425
2021-06-07 10:25:55,3054.6,217467
2021-06-07 10:25:56,3054.8,217496
2021-06-07 10:25:57,3054.8,217496
2021-06-07 10:25:58,3054.8,217496
2021-06-07 10:25:59,3054.6,217596
2021-06-07 10:26:00,3054.6,217596
2021-06-07 10:26:01,3054.0,217597
2021-06-07 10:26:02,3054.8,217601
2021-06-07 10:26:03,3054.0,217603
2021-06-07 10:26:04,3054.0,217603
2021-06-07 10:26:06,3054.8,217635
2021-06-07 10:26:07,3054.8,217635
2021-06-07 10:26:08,3054.8,217635
2021-06-07 10:26:09,3054.8,217636
2021-06-07 10:26:10,3054.8,217636
2021-06-07 10:26:11,3054.8,217641
2021-06-07 10:26:12,3054.8,217666
2021-06-07 10:26:14,3054.8,217666
2021-06-07 10:26:15,3054.8,217667
2021-06-07 10:26:17,3054.0,217723
2021-06-07 10:26:18,3054.0,217744
2021-06-07 10:26:19,3054.0,217744
2021-06-07 10:26:20,3053.0,217845
2021-06-07 10:26:21,3054.0,217945
2021-06-07 10:26:22,3054.0,217945
2021-06-07 10:26:23,3054.5,217946
2021-06-07 10:26:24,3054.5,217951
2021-06-07 10:26:25,3054.5,217951
2021-06-07 10:26:26,3054.5,217954
2021-06-07 10:26:27,3053.3,217979
2021-06-07 10:26:28,3053.3,217979
2021-06-07 10:26:29,3053.3,217979
2021-06-07 10:26:30,3053.3,217979
2021-06-07 10:26:31,3054.5,217980
2021-06-07 10:26:32,3054.5,217981
2021-06-07 10:26:33,3054.5,217981
2021-06-07 10:26:34,3054.5,217983
2021-06-07 10:26:35,3054.75,218183
2021-06-07 10:26:36,3053.7,218248
2021-06-07 10:26:38,3054.6,218251
2021-06-07 10:26:41,3053.7,218264
2021-06-07 10:26:42,3053.0,218354
2021-06-07 10:26:43,3053.0,218360
2021-06-07 10:26:44,3053.0,218360
2021-06-07 10:26:45,3053.0,218360
2021-06-07 10:26:46,3053.0,218360
2021-06-07 10:26:47,3052.6,218392
2021-06-07 10:26:48,3052.6,218392
2021-06-07 10:26:49,3053.0,218402
2021-06-07 10:26:50,3052.0,218946
2021-06-07 10:26:51,3052.0,218949
2021-06-07 10:26:52,3052.0,219055
2021-06-07 10:26:53,3050.9,219135
2021-06-07 10:26:54,3050.9,219135
2021-06-07 10:26:55,3050.9,219135
2021-06-07 10:26:56,3050.9,219135
2021-06-07 10:26:57,3051.0,219145
2021-06-07 10:26:58,3051.0,219145
2021-06-07 10:26:59,3052.0,219200
2021-06-07 10:27:00,3052.0,219200
2021-06-07 10:27:01,3052.0,219335
2021-06-07 10:27:02,3052.0,219335
2021-06-07 10:27:03,3052.0,219335
2021-06-07 10:27:04,3051.0,219381
2021-06-07 10:27:05,3051.0,219381
2021-06-07 10:27:06,3051.0,219386
2021-06-07 10:27:07,3051.0,219404
2021-06-07 10:27:08,3051.0,219404
2021-06-07 10:27:09,3051.0,219414
2021-06-07 10:27:10,3051.95,219417
2021-06-07 10:27:11,3051.95,219418
2021-06-07 10:27:12,3051.95,219418
2021-06-07 10:27:13,3051.95,219418
2021-06-07 10:27:14,3051.95,219419
2021-06-07 10:27:15,3051.0,219427
2021-06-07 10:27:16,3051.0,219427
2021-06-07 10:27:17,3051.0,219427
2021-06-07 10:27:18,3051.0,219427
2021-06-07 10:27:19,3051.0,219429
2021-06-07 10:27:20,3051.0,219429
2021-06-07 10:27:21,3051.95,219486
2021-06-07 10:27:22,3051.95,219489
2021-06-07 10:27:23,3051.95,219517
2021-06-07 10:27:24,3051.95,219517
2021-06-07 10:27:25,3051.95,219819
2021-06-07 10:27:27,3051.95,219819
2021-06-07 10:27:28,3052.0,219851
2021-06-07 10:27:29,3052.0,219851
2021-06-07 10:27:30,3052.0,219876
2021-06-07 10:27:31,3051.95,219922
2021-06-07 10:27:32,3052.0,219934
2021-06-07 10:27:33,3052.0,219934
2021-06-07 10:27:34,3052.0,219934
2021-06-07 10:27:35,3052.8,219935
2021-06-07 10:27:36,3052.8,219936
2021-06-07 10:27:37,3052.8,219936
2021-06-07 10:27:38,3052.8,219937
2021-06-07 10:27:39,3052.8,219960
2021-06-07 10:27:40,3052.8,219960
2021-06-07 10:27:42,3052.8,219960
2021-06-07 10:27:42,3052.8,219960
2021-06-07 10:27:43,3052.0,219961
2021-06-07 10:27:44,3052.0,219961
2021-06-07 10:27:46,3051.2,220161
2021-06-07 10:27:46,3051.2,220161
2021-06-07 10:27:47,3051.2,220161
2021-06-07 10:27:49,3052.8,220174
2021-06-07 10:27:50,3052.8,220216
2021-06-07 10:27:51,3051.5,220333
2021-06-07 10:27:52,3051.5,220333
2021-06-07 10:27:53,3051.5,220333
2021-06-07 10:27:54,3051.6,220335
2021-06-07 10:27:55,3052.8,220363
2021-06-07 10:27:56,3052.8,220363
2021-06-07 10:27:57,3052.8,220367
2021-06-07 10:27:59,3052.8,220393
2021-06-07 10:27:59,3052.8,220393
2021-06-07 10:28:00,3052.8,220393
2021-06-07 10:28:01,3051.8,220404
2021-06-07 10:28:03,3051.6,220535
2021-06-07 10:28:04,3051.6,220535
2021-06-07 10:28:05,3051.6,220535
2021-06-07 10:28:06,3051.6,220535
2021-06-07 10:28:10,3052.3,220537
2021-06-07 10:28:11,3052.3,220537
2021-06-07 10:28:12,3052.8,220538
2021-06-07 10:28:14,3052.8,220538
2021-06-07 10:28:14,3052.8,220538
2021-06-07 10:28:15,3052.8,220571
2021-06-07 10:28:16,3052.8,220571
2021-06-07 10:28:17,3052.8,220571
2021-06-07 10:28:18,3052.8,220571
2021-06-07 10:28:19,3052.8,220571
2021-06-07 10:28:21,3052.8,220576
2021-06-07 10:28:22,3052.8,220576
2021-06-07 10:28:23,3052.3,220586
2021-06-07 10:28:24,3052.3,220591
2021-06-07 10:28:25,3052.3,220636
2021-06-07 10:28:26,3052.3,220652
2021-06-07 10:28:26,3052.3,220652
2021-06-07 10:28:27,3052.0,220679
2021-06-07 10:28:28,3052.0,220680
2021-06-07 10:28:30,3052.0,220680
2021-06-07 10:28:30,3052.0,220680
2021-06-07 10:28:31,3052.0,220680
2021-06-07 10:28:32,3052.3,220681
2021-06-07 10:28:33,3052.3,220681
2021-06-07 10:28:34,3052.0,220701
2021-06-07 10:28:35,3052.0,220701
2021-06-07 10:28:36,3052.0,220701
2021-06-07 10:28:37,3052.0,220707
2021-06-07 10:28:39,3052.0,220707
2021-06-07 10:28:41,3052.0,220728
2021-06-07 10:28:41,3052.0,220738
2021-06-07 10:28:43,3052.0,220739
2021-06-07 10:28:43,3052.0,220739
2021-06-07 10:28:44,3052.0,220746
2021-06-07 10:28:45,3052.0,220746
2021-06-07 10:28:46,3052.0,220747
2021-06-07 10:28:47,3052.0,220748
2021-06-07 10:28:48,3052.0,220748
2021-06-07 10:28:49,3052.0,220748
2021-06-07 10:28:50,3052.0,220748
2021-06-07 10:28:51,3052.0,220748
2021-06-07 10:28:53,3052.0,220806
2021-06-07 10:28:53,3052.0,220806
2021-06-07 10:28:54,3051.7,220811
2021-06-07 10:28:55,3051.7,220812
2021-06-07 10:28:56,3051.7,220813
2021-06-07 10:28:57,3051.7,220813
2021-06-07 10:28:58,3052.0,220871
2021-06-07 10:28:59,3052.3,220872
2021-06-07 10:29:00,3052.0,220940
2021-06-07 10:29:01,3052.0,220947
2021-06-07 10:29:02,3052.0,220947
2021-06-07 10:29:03,3052.3,220967
2021-06-07 10:29:05,3052.3,220967
2021-06-07 10:29:05,3052.3,220967
2021-06-07 10:29:06,3052.0,220991
2021-06-07 10:29:07,3052.0,220991
2021-06-07 10:29:08,3052.0,220991
2021-06-07 10:29:09,3052.0,220991
2021-06-07 10:29:10,3052.3,220992
2021-06-07 10:29:11,3052.3,220992
2021-06-07 10:29:12,3052.3,221043
2021-06-07 10:29:13,3052.3,221044
2021-06-07 10:29:14,3052.3,221044
2021-06-07 10:29:15,3052.3,221044
2021-06-07 10:29:16,3051.5,221090
2021-06-07 10:29:17,3051.5,221090
2021-06-07 10:29:19,3051.5,221090
2021-06-07 10:29:19,3051.5,221090
2021-06-07 10:29:21,3052.05,221104
2021-06-07 10:29:22,3052.05,221104
2021-06-07 10:29:23,3052.05,221104
2021-06-07 10:29:24,3051.5,221107
2021-06-07 10:29:25,3052.0,221157
2021-06-07 10:29:26,3052.0,221157
2021-06-07 10:29:27,3052.0,221157
2021-06-07 10:29:28,3052.0,221157
2021-06-07 10:29:29,3052.0,221157
2021-06-07 10:29:30,3052.0,221157
2021-06-07 10:29:31,3052.0,221157
2021-06-07 10:29:32,3052.0,221157
2021-06-07 10:29:33,3052.0,221167
2021-06-07 10:29:35,3052.0,221187
2021-06-07 10:29:35,3052.0,221187
2021-06-07 10:29:36,3052.0,221187
2021-06-07 10:29:37,3052.0,221187
2021-06-07 10:29:38,3052.0,221187
2021-06-07 10:29:39,3052.0,221187
2021-06-07 10:29:42,3052.0,221187
2021-06-07 10:29:42,3052.0,221191
2021-06-07 10:29:44,3052.0,221479
2021-06-07 10:29:45,3052.0,221479
2021-06-07 10:29:46,3052.0,221511
2021-06-07 10:29:46,3051.5,221537
2021-06-07 10:29:47,3052.0,221567
2021-06-07 10:29:49,3052.0,221567
2021-06-07 10:29:50,3052.0,221577
2021-06-07 10:29:51,3052.0,221577
2021-06-07 10:29:52,3052.0,221577
2021-06-07 10:29:53,3052.0,221577
2021-06-07 10:29:54,3052.0,221577
2021-06-07 10:29:55,3052.0,221577
2021-06-07 10:29:56,3052.0,221577
2021-06-07 10:29:56,3052.0,221585
2021-06-07 10:29:57,3052.0,221616
2021-06-07 10:29:58,3051.5,221633
2021-06-07 10:29:59,3051.5,221633
2021-06-07 10:30:00,3051.5,221633
2021-06-07 10:30:01,3051.0,221733
2021-06-07 10:30:02,3051.0,221733
2021-06-07 10:30:04,3052.0,221736
2021-06-07 10:30:04,3052.0,221783
2021-06-07 10:30:06,3051.8,221786
2021-06-07 10:30:07,3051.8,221786
2021-06-07 10:30:07,3051.8,221786
2021-06-07 10:30:08,3051.8,221786
2021-06-07 10:30:09,3052.0,221787
2021-06-07 10:30:10,3052.0,221787
2021-06-07 10:30:12,3053.7,222420
2021-06-07 10:30:13,3053.7,222420
2021-06-07 10:30:14,3052.0,222430
2021-06-07 10:30:15,3051.25,222630
2021-06-07 10:30:16,3052.0,222640
2021-06-07 10:30:17,3052.0,222640
2021-06-07 10:30:18,3052.0,222640
2021-06-07 10:30:19,3052.0,222640
2021-06-07 10:30:20,3052.0,222640
2021-06-07 10:30:20,3052.0,222640
2021-06-07 10:30:21,3052.0,222640
2021-06-07 10:30:23,3053.3,222693
2021-06-07 10:30:23,3053.3,222642
2021-06-07 10:30:25,3053.3,222693
2021-06-07 10:30:26,3053.3,222693
2021-06-07 10:30:27,3053.3,222695
2021-06-07 10:30:28,3053.1,222696
2021-06-07 10:30:29,3051.9,222831
2021-06-07 10:30:29,3053.1,222701
2021-06-07 10:30:30,3053.1,222840
2021-06-07 10:30:31,3053.1,222840
2021-06-07 10:30:32,3053.1,222840
2021-06-07 10:30:33,3051.95,222867
2021-06-07 10:30:34,3051.95,222867
2021-06-07 10:30:35,3051.95,222893
2021-06-07 10:30:37,3053.1,222894
2021-06-07 10:30:38,3051.9,222944
2021-06-07 10:30:39,3050.8,223711
2021-06-07 10:30:40,3050.8,223711
2021-06-07 10:30:41,3050.8,223711
2021-06-07 10:30:42,3050.8,223711
2021-06-07 10:30:43,3050.4,223715
2021-06-07 10:30:44,3050.4,223715
2021-06-07 10:30:45,3050.4,223715
2021-06-07 10:30:46,3050.4,223787
2021-06-07 10:30:46,3050.4,223787
2021-06-07 10:30:47,3050.4,223787
2021-06-07 10:30:48,3050.4,223797
2021-06-07 10:30:49,3050.05,223837
2021-06-07 10:30:50,3050.05,223837
2021-06-07 10:30:53,3051.3,223847
2021-06-07 10:30:55,3051.3,223862
2021-06-07 10:30:58,3051.3,223865
2021-06-07 10:31:01,3049.4,225166
2021-06-07 10:31:04,3050.2,225227
2021-06-07 10:31:07,3049.55,225361
2021-06-07 10:31:09,3049.55,225366
2021-06-07 10:31:12,3049.55,225398
2021-06-07 10:31:15,3049.55,225401
2021-06-07 10:31:17,3049.55,225403
2021-06-07 10:31:20,3049.55,225473
2021-06-07 10:31:23,3052.85,226212
2021-06-07 10:31:28,3051.9,226261
2021-06-07 10:31:34,3050.95,226321
2021-06-07 10:31:37,3051.9,226325
2021-06-07 10:31:39,3052.45,226405
2021-06-07 10:31:42,3052.45,226435
2021-06-07 10:31:45,3052.75,226467
2021-06-07 10:31:47,3051.9,226513
2021-06-07 10:31:50,3051.9,226541
2021-06-07 10:31:52,3052.0,226835
2021-06-07 10:31:55,3052.0,226874
2021-06-07 10:31:58,3052.0,226887
2021-06-07 10:32:01,3051.9,226924
2021-06-07 10:32:04,3052.0,226932
2021-06-07 10:32:07,3052.3,227012
2021-06-07 10:32:10,3051.65,227122
2021-06-07 10:32:13,3051.9,227130
2021-06-07 10:32:16,3052.7,227157
2021-06-07 10:32:18,3052.65,227158
2021-06-07 10:32:24,3052.0,227171
2021-06-07 10:32:26,3052.6,227179
2021-06-07 10:32:29,3052.6,227179
2021-06-07 10:32:32,3052.0,227184
2021-06-07 10:32:35,3052.0,227185
2021-06-07 10:32:38,3052.0,227185
2021-06-07 10:32:41,3052.0,227285
2021-06-07 10:32:43,3051.65,227311
2021-06-07 10:32:46,3051.65,227351
2021-06-07 10:32:49,3052.0,227359
2021-06-07 10:32:51,3052.0,227359
2021-06-07 10:32:54,3052.0,227457
2021-06-07 10:32:57,3052.0,227459
2021-06-07 10:33:00,3052.0,227461
2021-06-07 10:33:03,3052.0,227492
2021-06-07 10:33:06,3051.65,227755
2021-06-07 10:33:09,3050.8,227781
2021-06-07 10:33:11,3051.5,227811
2021-06-07 10:33:14,3051.5,227815
2021-06-07 10:33:17,3051.5,227821
2021-06-07 10:33:20,3051.5,227922
2021-06-07 10:33:23,3051.5,227923
2021-06-07 10:33:25,3051.5,227926
2021-06-07 10:33:28,3051.5,227944
2021-06-07 10:33:31,3051.5,227944
2021-06-07 10:33:36,3050.8,228233
2021-06-07 10:33:39,3050.8,228233
2021-06-07 10:33:41,3050.9,228243
2021-06-07 10:33:44,3050.0,228278
2021-06-07 10:33:47,3050.0,228288
2021-06-07 10:33:50,3050.05,228289
2021-06-07 10:33:52,3050.0,228299
2021-06-07 10:33:55,3050.9,228333
2021-06-07 10:33:58,3050.15,228396
2021-06-07 10:34:01,3050.9,228480
2021-06-07 10:34:04,3050.9,228518
2021-06-07 10:34:07,3049.6,229116
2021-06-07 10:34:09,3049.6,229116
2021-06-07 10:34:12,3049.0,229191
2021-06-07 10:34:15,3050.5,229565
2021-06-07 10:34:17,3050.05,229583
2021-06-07 10:34:20,3049.65,229977
2021-06-07 10:34:23,3050.65,229996
2021-06-07 10:34:26,3050.65,230000
2021-06-07 10:34:29,3050.65,230022
2021-06-07 10:34:31,3049.8,230024
2021-06-07 10:34:34,3049.8,230024
2021-06-07 10:34:37,3050.9,230037
2021-06-07 10:34:39,3050.9,230167
2021-06-07 10:34:42,3051.1,230317
2021-06-07 10:34:44,3050.9,230327
2021-06-07 10:34:47,3050.9,230327
2021-06-07 10:34:50,3050.95,230377
2021-06-07 10:34:52,3050.95,230377
2021-06-07 10:34:55,3050.9,230387
2021-06-07 10:34:57,3051.0,230420
2021-06-07 10:35:01,3050.9,230439
2021-06-07 10:35:03,3051.0,230440
2021-06-07 10:35:06,3051.0,230440
2021-06-07 10:35:09,3051.0,230471
2021-06-07 10:35:11,3051.05,230588
2021-06-07 10:35:14,3051.05,230608
2021-06-07 10:35:16,3051.05,230613
2021-06-07 10:35:19,3051.2,230661
2021-06-07 10:35:21,3050.9,230679
2021-06-07 10:35:24,3050.9,230679
2021-06-07 10:35:26,3050.9,230684
2021-06-07 10:35:29,3050.85,230687
2021-06-07 10:35:32,3050.9,230692
2021-06-07 10:35:34,3050.9,230731
2021-06-07 10:35:37,3050.9,230732
