timestamp,ltp,volume
2021-06-07 09:18:15,727.05,234657
2021-06-07 09:18:16,727.65,236146
2021-06-07 09:18:17,727.7,236340
2021-06-07 09:18:18,727.65,236520
2021-06-07 09:18:19,727.7,236876
2021-06-07 09:18:20,728.0,237063
2021-06-07 09:18:22,727.65,237727
2021-06-07 09:18:23,727.7,237749
2021-06-07 09:18:24,727.8,240710
2021-06-07 09:18:25,727.85,242372
2021-06-07 09:18:26,728.4,244330
2021-06-07 09:18:27,728.05,245330
2021-06-07 09:18:28,728.6,246681
2021-06-07 09:18:29,728.25,248099
2021-06-07 09:18:30,728.45,248533
2021-06-07 09:18:31,728.75,249028
2021-06-07 09:18:32,728.45,249156
2021-06-07 09:18:34,728.9,250322
2021-06-07 09:18:35,728.7,251551
2021-06-07 09:18:36,728.65,251635
2021-06-07 09:18:37,728.4,251668
2021-06-07 09:18:38,728.05,254796
2021-06-07 09:18:39,727.7,256550
2021-06-07 09:18:40,728.05,256847
2021-06-07 09:18:41,728.25,259729
2021-06-07 09:18:42,728.0,260344
2021-06-07 09:18:43,727.9,261099
2021-06-07 09:18:44,727.85,261569
2021-06-07 09:18:45,727.75,261939
2021-06-07 09:18:46,728.1,262433
2021-06-07 09:18:47,727.8,262910
2021-06-07 09:18:48,728.35,266513
2021-06-07 09:18:49,728.0,269709
2021-06-07 09:18:50,728.2,270498
2021-06-07 09:18:51,727.05,274899
2021-06-07 09:18:52,727.15,275058
2021-06-07 09:18:53,726.65,275251
2021-06-07 09:18:54,727.15,276778
2021-06-07 09:18:55,727.25,277064
2021-06-07 09:18:56,727.3,277468
2021-06-07 09:18:57,727.95,279592
2021-06-07 09:18:58,727.6,281608
2021-06-07 09:18:59,727.9,283033
2021-06-07 09:19:00,727.45,284372
2021-06-07 09:19:01,727.45,285085
2021-06-07 09:19:02,727.85,285234
2021-06-07 09:19:03,728.0,286236
2021-06-07 09:19:04,727.9,286479
2021-06-07 09:19:06,728.6,295090
2021-06-07 09:19:07,729.15,311815
2021-06-07 09:19:08,728.85,312161
2021-06-07 09:19:09,729.1,312938
2021-06-07 09:19:10,729.5,315578
2021-06-07 09:19:11,729.0,317507
2021-06-07 09:19:12,729.35,317618
2021-06-07 09:19:12,729.0,317675
2021-06-07 09:19:13,728.5,323145
2021-06-07 09:19:14,728.8,324336
2021-06-07 09:19:15,728.8,324350
2021-06-07 09:19:17,728.5,324618
2021-06-07 09:19:18,728.7,325008
2021-06-07 09:19:19,728.45,325607
2021-06-07 09:19:20,728.7,326096
2021-06-07 09:19:21,728.0,328954
2021-06-07 09:19:22,727.85,330503
2021-06-07 09:19:23,727.85,330571
2021-06-07 09:19:24,728.0,331616
2021-06-07 09:19:25,728.3,333186
2021-06-07 09:19:26,728.3,333791
2021-06-07 09:19:27,727.9,333869
2021-06-07 09:19:28,728.1,334137
2021-06-07 09:19:29,728.25,336201
2021-06-07 09:19:30,728.1,337007
2021-06-07 09:19:31,728.3,337902
2021-06-07 09:19:32,728.6,342991
2021-06-07 09:19:33,728.5,344305
2021-06-07 09:19:34,728.45,344549
2021-06-07 09:19:35,728.75,344970
2021-06-07 09:19:36,728.65,345309
2021-06-07 09:19:37,728.6,346346
2021-06-07 09:19:38,728.75,346923
2021-06-07 09:19:39,729.0,348032
2021-06-07 09:19:40,729.0,348133
2021-06-07 09:19:41,729.05,350029
2021-06-07 09:19:42,729.15,350353
2021-06-07 09:19:43,729.0,350686
2021-06-07 09:19:44,729.5,351327
2021-06-07 09:19:45,729.5,351534
2021-06-07 09:19:46,729.2,353159
2021-06-07 09:19:47,729.1,353881
2021-06-07 09:19:48,729.1,354453
2021-06-07 09:19:49,729.2,356100
2021-06-07 09:19:50,729.15,358157
2021-06-07 09:19:51,729.25,358723
2021-06-07 09:19:52,729.25,358987
2021-06-07 09:19:53,729.35,359706
2021-06-07 09:19:54,729.15,359983
2021-06-07 09:19:55,728.95,360062
2021-06-07 09:19:56,729.0,361422
2021-06-07 09:19:57,729.0,361771
2021-06-07 09:19:58,729.0,362661
2021-06-07 09:20:00,729.3,364023
2021-06-07 09:20:01,729.15,365732
2021-06-07 09:20:03,729.5,367005
2021-06-07 09:20:04,729.35,367862
2021-06-07 09:20:05,729.7,369088
2021-06-07 09:20:06,729.85,370559
2021-06-07 09:20:07,730.0,397509
2021-06-07 09:20:08,730.15,398600
2021-06-07 09:20:09,730.2,399135
2021-06-07 09:20:10,730.0,401145
2021-06-07 09:20:10,729.8,401144
2021-06-07 09:20:11,730.0,401892
2021-06-07 09:20:13,730.0,402241
2021-06-07 09:20:14,729.7,403099
2021-06-07 09:20:15,729.7,403180
2021-06-07 09:20:16,729.7,404591
2021-06-07 09:20:17,729.45,405820
2021-06-07 09:20:18,729.45,412750
2021-06-07 09:20:19,729.2,416669
2021-06-07 09:20:20,729.5,416896
2021-06-07 09:20:21,729.2,417006
2021-06-07 09:20:22,729.2,417178
2021-06-07 09:20:24,729.5,417568
2021-06-07 09:20:25,729.5,417851
2021-06-07 09:20:26,729.3,418907
2021-06-07 09:20:27,729.0,419477
2021-06-07 09:20:28,729.35,419911
2021-06-07 09:20:29,729.0,422368
2021-06-07 09:20:31,729.4,423459
2021-06-07 09:20:32,729.45,424095
2021-06-07 09:20:33,729.25,425203
2021-06-07 09:20:34,729.25,425393
2021-06-07 09:20:35,728.95,426554
2021-06-07 09:20:36,729.35,427381
2021-06-07 09:20:37,728.9,427921
2021-06-07 09:20:38,729.2,428433
2021-06-07 09:20:39,729.0,428771
2021-06-07 09:20:40,728.65,429702
2021-06-07 09:20:41,728.65,429923
2021-06-07 09:20:42,728.75,430831
2021-06-07 09:20:43,729.15,431031
2021-06-07 09:20:44,729.0,431233
2021-06-07 09:20:45,728.45,432573
2021-06-07 09:20:46,728.35,433100
2021-06-07 09:20:48,728.4,433633
2021-06-07 09:20:47,728.75,433217
2021-06-07 09:20:49,728.4,433647
2021-06-07 09:20:49,728.75,433693
2021-06-07 09:20:51,728.8,433769
2021-06-07 09:20:52,728.6,434291
2021-06-07 09:20:53,728.65,434396
2021-06-07 09:20:54,729.0,435566
2021-06-07 09:20:55,728.8,435896
2021-06-07 09:20:56,729.0,436066
2021-06-07 09:20:58,728.3,439502
2021-06-07 09:20:59,728.35,440871
2021-06-07 09:21:00,728.05,441181
2021-06-07 09:21:01,728.0,441623
2021-06-07 09:21:02,728.0,445155
2021-06-07 09:21:03,728.0,445787
2021-06-07 09:21:03,728.35,445789
2021-06-07 09:21:04,727.9,446468
2021-06-07 09:21:06,728.35,446997
2021-06-07 09:21:09,727.25,459929
2021-06-07 09:21:10,727.75,462001
2021-06-07 09:21:11,727.2,472064
2021-06-07 09:21:12,727.25,472143
2021-06-07 09:21:13,727.3,472189
2021-06-07 09:21:14,727.0,472238
2021-06-07 09:21:15,727.25,477182
2021-06-07 09:21:16,727.45,477583
2021-06-07 09:21:17,727.65,477675
2021-06-07 09:21:18,727.9,477682
2021-06-07 09:21:19,727.55,478351
2021-06-07 09:21:20,727.95,480520
2021-06-07 09:21:21,728.4,480872
2021-06-07 09:21:21,728.4,480872
2021-06-07 09:21:23,728.45,481857
2021-06-07 09:21:24,728.2,482031
2021-06-07 09:21:25,728.2,482751
2021-06-07 09:21:26,728.0,482876
2021-06-07 09:21:27,728.05,483025
2021-06-07 09:21:28,728.0,483257
2021-06-07 09:21:29,728.1,483770
2021-06-07 09:21:30,728.15,484136
2021-06-07 09:21:31,728.05,484251
2021-06-07 09:21:32,727.8,487367
2021-06-07 09:21:33,728.0,487547
2021-06-07 09:21:34,727.9,487571
2021-06-07 09:21:35,728.05,487849
2021-06-07 09:21:35,728.05,487849
2021-06-07 09:21:37,728.3,489846
2021-06-07 09:21:39,728.35,491061
2021-06-07 09:21:40,728.8,492683
2021-06-07 09:21:41,728.6,493128
2021-06-07 09:21:43,728.95,493389
2021-06-07 09:21:44,728.55,494463
2021-06-07 09:21:45,729.0,494790
2021-06-07 09:21:46,728.55,494856
2021-06-07 09:21:47,728.55,494856
2021-06-07 09:21:48,728.8,495550
2021-06-07 09:21:49,729.0,495799
2021-06-07 09:21:50,729.0,496186
2021-06-07 09:21:51,728.65,496394
2021-06-07 09:21:52,728.35,498744
2021-06-07 09:21:53,728.05,499167
2021-06-07 09:21:54,728.05,499198
2021-06-07 09:21:55,728.0,499609
2021-06-07 09:21:56,728.5,499803
2021-06-07 09:21:57,728.1,501261
2021-06-07 09:21:58,728.05,504472
2021-06-07 09:21:59,728.05,505038
2021-06-07 09:22:00,728.45,505348
2021-06-07 09:22:01,728.55,505657
2021-06-07 09:22:02,728.4,505702
2021-06-07 09:22:03,728.2,508211
2021-06-07 09:22:04,728.35,510663
2021-06-07 09:22:05,728.5,510809
2021-06-07 09:22:06,728.55,510894
2021-06-07 09:22:07,728.65,512142
2021-06-07 09:22:08,728.65,512217
2021-06-07 09:22:09,728.25,512258
2021-06-07 09:22:10,728.25,513422
2021-06-07 09:22:11,728.05,513704
2021-06-07 09:22:12,728.3,513754
2021-06-07 09:22:13,728.25,513942
2021-06-07 09:22:15,728.25,515017
2021-06-07 09:22:17,727.8,516360
2021-06-07 09:22:18,727.8,519487
2021-06-07 09:22:19,727.8,519564
2021-06-07 09:22:20,727.8,519564
2021-06-07 09:22:21,727.8,519572
2021-06-07 09:22:22,728.0,519875
2021-06-07 09:22:23,728.0,520049
2021-06-07 09:22:24,728.15,520201
2021-06-07 09:22:25,728.0,520429
2021-06-07 09:22:26,728.0,520888
2021-06-07 09:22:27,728.0,521905
2021-06-07 09:22:28,727.8,522311
2021-06-07 09:22:29,727.8,522311
2021-06-07 09:22:30,727.8,522551
2021-06-07 09:22:31,727.85,522766
2021-06-07 09:22:32,727.7,523388
2021-06-07 09:22:33,727.5,524742
2021-06-07 09:22:34,727.75,524817
2021-06-07 09:22:35,727.65,525901
2021-06-07 09:22:36,727.6,526079
2021-06-07 09:22:37,728.0,526182
2021-06-07 09:22:38,727.95,526635
2021-06-07 09:22:39,727.95,527277
2021-06-07 09:22:40,727.95,527277
2021-06-07 09:22:41,727.95,528978
2021-06-07 09:22:42,727.85,529047
2021-06-07 09:22:43,727.95,530134
2021-06-07 09:22:44,727.8,530904
2021-06-07 09:22:46,728.0,531410
2021-06-07 09:22:48,727.6,532360
2021-06-07 09:22:51,727.3,535787
2021-06-07 09:22:52,727.8,536722
2021-06-07 09:22:53,727.5,537538
2021-06-07 09:22:54,727.7,538308
2021-06-07 09:22:55,727.6,539329
2021-06-07 09:22:56,727.35,539349
2021-06-07 09:22:57,727.45,539775
2021-06-07 09:22:58,727.5,543065
2021-06-07 09:22:59,727.45,543441
2021-06-07 09:23:00,727.8,543512
2021-06-07 09:23:01,727.55,544216
2021-06-07 09:23:02,727.5,544362
2021-06-07 09:23:03,727.5,544364
2021-06-07 09:23:04,727.8,544543
2021-06-07 09:23:05,727.55,545094
2021-06-07 09:23:06,727.65,545657
2021-06-07 09:23:07,727.65,545657
2021-06-07 09:23:08,727.55,545707
2021-06-07 09:23:09,727.3,545710
2021-06-07 09:23:10,727.5,545989
2021-06-07 09:23:11,727.3,546065
2021-06-07 09:23:12,727.3,546503
2021-06-07 09:23:13,727.5,546512
2021-06-07 09:23:14,727.25,547151
2021-06-07 09:23:15,727.1,548086
2021-06-07 09:23:16,727.25,548159
2021-06-07 09:23:17,727.3,549296
2021-06-07 09:23:18,727.4,549542
2021-06-07 09:23:19,727.1,550009
2021-06-07 09:23:20,727.2,550036
2021-06-07 09:23:21,727.2,550098
2021-06-07 09:23:22,727.3,550539
2021-06-07 09:23:23,727.35,550609
2021-06-07 09:23:24,727.4,550714
2021-06-07 09:23:25,727.1,552595
2021-06-07 09:23:26,727.05,553361
2021-06-07 09:23:27,727.15,553660
2021-06-07 09:23:28,727.4,554642
2021-06-07 09:23:29,727.35,554855
2021-06-07 09:23:31,727.6,555216
2021-06-07 09:23:32,727.9,555671
2021-06-07 09:23:33,727.5,557539
2021-06-07 09:23:34,727.8,557576
2021-06-07 09:23:35,727.8,557587
2021-06-07 09:23:36,727.45,557816
2021-06-07 09:23:37,727.45,558126
2021-06-07 09:23:38,727.45,558225
2021-06-07 09:23:39,727.45,558410
2021-06-07 09:23:40,727.45,558868
2021-06-07 09:23:41,727.75,559322
2021-06-07 09:23:42,727.95,559371
2021-06-07 09:23:43,728.0,560347
2021-06-07 09:23:44,728.0,564099
2021-06-07 09:23:45,727.85,564284
2021-06-07 09:23:46,727.85,564396
2021-06-07 09:23:47,727.85,564421
2021-06-07 09:23:48,727.85,564447
2021-06-07 09:23:51,727.8,566228
2021-06-07 09:23:52,727.85,566345
2021-06-07 09:23:53,727.1,575362
2021-06-07 09:23:54,727.1,575362
2021-06-07 09:23:55,727.2,576099
2021-06-07 09:23:56,727.6,576636
2021-06-07 09:23:57,727.6,576636
2021-06-07 09:23:58,727.15,576707
2021-06-07 09:23:59,727.05,579746
2021-06-07 09:24:00,727.5,579851
2021-06-07 09:24:01,727.15,579985
2021-06-07 09:24:02,727.15,580129
2021-06-07 09:24:03,727.4,581860
2021-06-07 09:24:05,726.85,587838
2021-06-07 09:24:07,726.7,591428
2021-06-07 09:24:07,726.7,591428
2021-06-07 09:24:08,727.0,591965
2021-06-07 09:24:09,726.9,592073
2021-06-07 09:24:10,726.9,592154
2021-06-07 09:24:11,726.75,592689
2021-06-07 09:24:12,726.95,592802
2021-06-07 09:24:13,727.0,592976
2021-06-07 09:24:14,726.8,593386
2021-06-07 09:24:16,726.9,593484
2021-06-07 09:24:17,726.95,593506
2021-06-07 09:24:18,726.85,596170
2021-06-07 09:24:20,726.25,610928
2021-06-07 09:24:21,726.45,610998
2021-06-07 09:24:21,726.45,610998
2021-06-07 09:24:22,726.75,614783
2021-06-07 09:24:23,726.75,615009
2021-06-07 09:24:24,726.75,615114
2021-06-07 09:24:25,727.0,615622
2021-06-07 09:24:26,727.3,615771
2021-06-07 09:24:27,727.25,616566
2021-06-07 09:24:28,727.55,616815
2021-06-07 09:24:29,727.55,618642
2021-06-07 09:24:31,727.5,618864
2021-06-07 09:24:31,727.35,618865
2021-06-07 09:24:32,727.35,618880
2021-06-07 09:24:34,726.95,619462
2021-06-07 09:24:34,726.95,619462
2021-06-07 09:24:36,727.25,621601
2021-06-07 09:24:36,727.25,621601
2021-06-07 09:24:38,727.15,622291
2021-06-07 09:24:39,726.95,622823
2021-06-07 09:24:40,726.95,622845
2021-06-07 09:24:41,726.9,623239
2021-06-07 09:24:42,726.85,623692
2021-06-07 09:24:44,727.3,623836
2021-06-07 09:24:44,727.0,623936
2021-06-07 09:24:45,727.05,623989
2021-06-07 09:24:47,726.8,627441
2021-06-07 09:24:48,726.85,627997
2021-06-07 09:24:49,726.85,628823
2021-06-07 09:24:50,726.8,629393
2021-06-07 09:24:51,726.75,629443
2021-06-07 09:24:52,726.95,629939
2021-06-07 09:24:53,727.05,630067
2021-06-07 09:24:54,727.1,630168
2021-06-07 09:24:55,727.3,630232
2021-06-07 09:24:56,727.3,631737
2021-06-07 09:24:57,727.3,631740
2021-06-07 09:24:58,727.45,632254
2021-06-07 09:25:01,727.3,632334
2021-06-07 09:25:02,727.5,634630
2021-06-07 09:25:02,727.5,634655
2021-06-07 09:25:03,727.5,634764
2021-06-07 09:25:04,727.8,634776
2021-06-07 09:25:05,728.0,635790
2021-06-07 09:25:06,728.35,640238
2021-06-07 09:25:07,728.1,640276
2021-06-07 09:25:08,728.4,640708
2021-06-07 09:25:09,728.1,640788
2021-06-07 09:25:10,727.95,642707
2021-06-07 09:25:12,728.1,644088
2021-06-07 09:25:14,728.15,644232
2021-06-07 09:25:14,728.25,644277
2021-06-07 09:25:15,728.0,644294
2021-06-07 09:25:16,728.15,644309
2021-06-07 09:25:17,728.0,644432
2021-06-07 09:25:19,728.05,645065
2021-06-07 09:25:20,728.45,645689
2021-06-07 09:25:21,728.1,646049
2021-06-07 09:25:21,728.1,646049
2021-06-07 09:25:22,728.1,646861
2021-06-07 09:25:23,728.15,647289
2021-06-07 09:25:24,728.2,647313
2021-06-07 09:25:25,728.4,648030
2021-06-07 09:25:26,728.35,648503
2021-06-07 09:25:27,728.35,648608
2021-06-07 09:25:29,728.5,649957
2021-06-07 09:25:30,728.5,649998
2021-06-07 09:25:31,728.45,650009
2021-06-07 09:25:32,728.25,650139
2021-06-07 09:25:34,728.25,650307
2021-06-07 09:25:35,728.5,650764
2021-06-07 09:25:35,728.5,650764
2021-06-07 09:25:36,728.5,650881
2021-06-07 09:25:37,728.7,651481
2021-06-07 09:25:38,728.9,652069
2021-06-07 09:25:39,728.9,656244
2021-06-07 09:25:40,729.1,656271
2021-06-07 09:25:41,728.9,656850
2021-06-07 09:25:42,728.8,657337
2021-06-07 09:25:44,729.1,657657
2021-06-07 09:25:45,728.95,657694
2021-06-07 09:25:46,728.9,657833
2021-06-07 09:25:47,728.9,657917
2021-06-07 09:25:48,729.0,658011
2021-06-07 09:25:49,729.0,658713
2021-06-07 09:25:50,729.0,658713
2021-06-07 09:25:50,729.0,659151
2021-06-07 09:25:51,728.9,661595
2021-06-07 09:25:52,728.9,661680
2021-06-07 09:25:53,728.9,661700
2021-06-07 09:25:54,728.9,662178
2021-06-07 09:25:55,729.0,662475
2021-06-07 09:25:56,729.2,662751
2021-06-07 09:25:58,729.0,663906
2021-06-07 09:25:59,728.9,664677
2021-06-07 09:26:00,729.05,664700
2021-06-07 09:26:01,729.05,664894
2021-06-07 09:26:02,729.15,665692
2021-06-07 09:26:03,729.15,666006
2021-06-07 09:26:04,729.05,666116
2021-06-07 09:26:05,729.15,666361
2021-06-07 09:26:06,729.3,667519
2021-06-07 09:26:07,729.35,669124
2021-06-07 09:26:08,729.35,669702
2021-06-07 09:26:09,729.4,669859
2021-06-07 09:26:10,729.4,669923
2021-06-07 09:26:11,729.2,670339
2021-06-07 09:26:12,729.4,670345
2021-06-07 09:26:13,729.45,670905
2021-06-07 09:26:14,729.2,670956
2021-06-07 09:26:14,729.2,670906
2021-06-07 09:26:15,729.2,671710
2021-06-07 09:26:16,729.45,672428
2021-06-07 09:26:17,729.2,672448
2021-06-07 09:26:18,729.45,672771
2021-06-07 09:26:19,729.15,672780
2021-06-07 09:26:20,729.2,672891
2021-06-07 09:26:21,729.2,672940
2021-06-07 09:26:22,729.65,683404
2021-06-07 09:26:23,729.7,683447
2021-06-07 09:26:24,729.7,683472
2021-06-07 09:26:25,729.9,684562
2021-06-07 09:26:26,729.95,685122
2021-06-07 09:26:27,730.0,686167
2021-06-07 09:26:28,729.7,687093
2021-06-07 09:26:29,729.85,687317
2021-06-07 09:26:30,729.55,687386
2021-06-07 09:26:31,729.5,687498
2021-06-07 09:26:33,729.5,687630
2021-06-07 09:26:34,729.5,687632
2021-06-07 09:26:35,729.65,688321
2021-06-07 09:26:36,730.0,688679
2021-06-07 09:26:37,729.85,688802
2021-06-07 09:26:38,729.85,688988
2021-06-07 09:26:39,729.6,690999
2021-06-07 09:26:40,729.6,691015
2021-06-07 09:26:41,729.55,691560
2021-06-07 09:26:42,729.65,694060
2021-06-07 09:26:43,729.8,694411
2021-06-07 09:26:44,729.5,694493
2021-06-07 09:26:45,729.9,694705
2021-06-07 09:26:46,729.9,694852
2021-06-07 09:26:47,729.6,694908
2021-06-07 09:26:48,729.8,695048
2021-06-07 09:26:49,729.65,695757
2021-06-07 09:26:50,729.7,696113
2021-06-07 09:26:52,729.8,697152
2021-06-07 09:26:53,729.8,697237
2021-06-07 09:26:54,729.8,699990
2021-06-07 09:26:55,729.55,700034
2021-06-07 09:26:56,729.85,700584
2021-06-07 09:26:57,729.65,705249
2021-06-07 09:26:58,730.0,709999
2021-06-07 09:26:59,729.8,712646
2021-06-07 09:27:00,729.8,712670
2021-06-07 09:27:02,729.8,719828
2021-06-07 09:27:03,729.7,719953
2021-06-07 09:27:04,730.0,722323
2021-06-07 09:27:04,730.0,722323
2021-06-07 09:27:06,729.7,722796
2021-06-07 09:27:07,729.7,722891
2021-06-07 09:27:08,729.7,723205
2021-06-07 09:27:09,729.8,723249
2021-06-07 09:27:10,729.8,723587
2021-06-07 09:27:12,729.7,723875
2021-06-07 09:27:13,729.7,724546
2021-06-07 09:27:14,730.0,724989
2021-06-07 09:27:14,729.7,725015
2021-06-07 09:27:15,729.7,725138
2021-06-07 09:27:16,729.7,725352
2021-06-07 09:27:17,729.7,725437
2021-06-07 09:27:19,730.0,727962
2021-06-07 09:27:20,729.95,728218
2021-06-07 09:27:21,730.0,731233
2021-06-07 09:27:22,730.0,732188
2021-06-07 09:27:23,730.0,732192
2021-06-07 09:27:24,730.4,734090
2021-06-07 09:27:25,730.15,736850
2021-06-07 09:27:25,730.15,736952
2021-06-07 09:27:26,730.4,737433
2021-06-07 09:27:27,730.4,738167
2021-06-07 09:27:28,730.4,738414
2021-06-07 09:27:29,730.4,738559
2021-06-07 09:27:32,730.1,741292
2021-06-07 09:27:33,730.15,742480
2021-06-07 09:27:34,730.35,743815
2021-06-07 09:27:36,730.1,743930
2021-06-07 09:27:37,730.2,744544
2021-06-07 09:27:37,730.4,744845
2021-06-07 09:27:38,730.4,745121
2021-06-07 09:27:39,730.45,745871
2021-06-07 09:27:40,730.4,746109
2021-06-07 09:27:41,730.25,747060
2021-06-07 09:27:42,730.1,754533
2021-06-07 09:27:43,730.15,754756
2021-06-07 09:27:44,730.0,754985
2021-06-07 09:27:45,730.0,755199
2021-06-07 09:27:46,730.25,755765
2021-06-07 09:27:47,730.25,755910
2021-06-07 09:27:49,730.2,756064
2021-06-07 09:27:51,730.25,756207
2021-06-07 09:27:52,730.25,756365
2021-06-07 09:27:53,730.0,756446
2021-06-07 09:27:54,729.95,758066
2021-06-07 09:27:55,730.1,758145
2021-06-07 09:27:55,730.05,758108
2021-06-07 09:27:56,730.15,758242
2021-06-07 09:27:57,730.15,758252
2021-06-07 09:27:58,730.0,758400
2021-06-07 09:27:59,730.0,758620
2021-06-07 09:28:00,730.0,758929
2021-06-07 09:28:02,729.95,759270
2021-06-07 09:28:03,730.0,759966
2021-06-07 09:28:05,730.0,760241
2021-06-07 09:28:06,730.0,760253
2021-06-07 09:28:07,729.9,761525
2021-06-07 09:28:08,729.9,761905
2021-06-07 09:28:09,729.9,762027
2021-06-07 09:28:10,729.8,762350
2021-06-07 09:28:11,729.8,762351
2021-06-07 09:28:12,729.9,762403
2021-06-07 09:28:13,730.1,765265
2021-06-07 09:28:14,729.9,765312
2021-06-07 09:28:15,729.8,765980
2021-06-07 09:28:16,730.1,766150
2021-06-07 09:28:17,729.9,766664
2021-06-07 09:28:18,729.9,766705
2021-06-07 09:28:19,729.85,767280
2021-06-07 09:28:20,729.85,767280
2021-06-07 09:28:22,730.1,767377
2021-06-07 09:28:23,730.1,767841
2021-06-07 09:28:24,729.85,768001
2021-06-07 09:28:25,730.0,769281
2021-06-07 09:28:26,730.0,771524
2021-06-07 09:28:27,730.0,771527
2021-06-07 09:28:28,730.2,771559
2021-06-07 09:28:29,730.0,771739
2021-06-07 09:28:30,730.15,771792
2021-06-07 09:28:31,730.0,772054
2021-06-07 09:28:31,730.0,772129
2021-06-07 09:28:32,730.0,772377
2021-06-07 09:28:33,730.0,772765
2021-06-07 09:28:35,730.0,773232
2021-06-07 09:28:36,730.1,773468
2021-06-07 09:28:37,730.05,774045
2021-06-07 09:28:38,729.8,778956
2021-06-07 09:28:39,729.95,779473
2021-06-07 09:28:41,730.0,779785
2021-06-07 09:28:42,729.55,780931
2021-06-07 09:28:43,729.85,781014
2021-06-07 09:28:44,729.85,781507
2021-06-07 09:28:45,729.9,782197
2021-06-07 09:28:46,729.9,784367
2021-06-07 09:28:47,730.0,784477
2021-06-07 09:28:48,729.65,784727
2021-06-07 09:28:49,729.9,785518
2021-06-07 09:28:51,729.9,785944
2021-06-07 09:28:53,729.9,786214
2021-06-07 09:28:54,729.85,786384
2021-06-07 09:28:55,729.9,786503
2021-06-07 09:28:56,729.85,786579
2021-06-07 09:28:57,729.9,786589
2021-06-07 09:28:58,729.8,788067
2021-06-07 09:28:59,729.7,788525
2021-06-07 09:29:00,729.55,788646
2021-06-07 09:29:01,729.8,788793
2021-06-07 09:29:02,729.7,789783
2021-06-07 09:29:03,729.5,790259
2021-06-07 09:29:04,729.4,790391
2021-06-07 09:29:04,729.4,790391
2021-06-07 09:29:05,729.4,790503
2021-06-07 09:29:07,729.4,791068
2021-06-07 09:29:08,729.3,791270
2021-06-07 09:29:09,729.3,791281
2021-06-07 09:29:10,729.3,791281
2021-06-07 09:29:11,729.5,791681
2021-06-07 09:29:11,729.5,791681
2021-06-07 09:29:12,729.5,791731
2021-06-07 09:29:13,729.5,791746
2021-06-07 09:29:14,729.35,792403
2021-06-07 09:29:16,729.5,792471
2021-06-07 09:29:17,729.5,792686
2021-06-07 09:29:18,729.5,793280
2021-06-07 09:29:20,729.5,793569
2021-06-07 09:29:20,729.5,793569
2021-06-07 09:29:21,729.5,794567
2021-06-07 09:29:22,729.5,794717
2021-06-07 09:29:23,729.35,794762
2021-06-07 09:29:24,729.5,795512
2021-06-07 09:29:26,729.5,795585
2021-06-07 09:29:27,729.35,795689
2021-06-07 09:29:29,730.0,810558
2021-06-07 09:29:30,729.95,811303
2021-06-07 09:29:31,730.1,811483
2021-06-07 09:29:32,729.8,811943
2021-06-07 09:29:33,730.3,814623
2021-06-07 09:29:34,730.3,815013
2021-06-07 09:29:35,730.65,818734
2021-06-07 09:29:36,730.4,818984
2021-06-07 09:29:37,730.3,819396
2021-06-07 09:29:37,730.3,819400
2021-06-07 09:29:38,730.6,820256
2021-06-07 09:29:39,730.65,821452
2021-06-07 09:29:40,730.55,821610
2021-06-07 09:29:41,730.5,821754
2021-06-07 09:29:42,730.6,821953
2021-06-07 09:29:43,730.3,822237
2021-06-07 09:29:44,730.6,822371
2021-06-07 09:29:46,730.3,823187
2021-06-07 09:29:47,729.15,835490
2021-06-07 09:29:48,729.25,836103
2021-06-07 09:29:49,729.6,836202
2021-06-07 09:29:51,729.6,836307
2021-06-07 09:29:52,729.5,836542
2021-06-07 09:29:53,729.05,838279
2021-06-07 09:29:54,729.3,838656
2021-06-07 09:29:55,729.45,839630
2021-06-07 09:29:55,729.45,839630
2021-06-07 09:29:56,729.5,841930
2021-06-07 09:29:57,729.2,841947
2021-06-07 09:29:59,729.45,842060
2021-06-07 09:30:00,729.2,842176
2021-06-07 09:30:01,729.2,844493
2021-06-07 09:30:02,729.15,845119
2021-06-07 09:30:03,729.3,845278
2021-06-07 09:30:04,729.3,845278
2021-06-07 09:30:05,729.4,848408
2021-06-07 09:30:06,729.2,848630
2021-06-07 09:30:07,728.55,859994
2021-06-07 09:30:08,728.55,860011
2021-06-07 09:30:08,728.9,860035
2021-06-07 09:30:09,729.1,866221
2021-06-07 09:30:11,729.15,866271
2021-06-07 09:30:13,729.0,866605
2021-06-07 09:30:14,729.1,866705
2021-06-07 09:30:15,729.2,866769
2021-06-07 09:30:16,729.35,867221
2021-06-07 09:30:17,729.4,867543
2021-06-07 09:30:18,729.4,867751
2021-06-07 09:30:19,729.4,867793
2021-06-07 09:30:19,729.4,867793
2021-06-07 09:30:20,729.1,867825
2021-06-07 09:30:21,729.1,868025
2021-06-07 09:30:22,729.4,868150
2021-06-07 09:30:23,729.35,868670
2021-06-07 09:30:24,729.35,868671
2021-06-07 09:30:25,729.4,869001
2021-06-07 09:30:27,729.3,869744
2021-06-07 09:30:29,729.7,870528
2021-06-07 09:30:30,729.4,870657
2021-06-07 09:30:31,729.7,870767
2021-06-07 09:30:32,729.5,870801
2021-06-07 09:30:33,729.4,871148
2021-06-07 09:30:34,729.7,871353
2021-06-07 09:30:35,728.7,877844
2021-06-07 09:30:36,728.85,879081
2021-06-07 09:30:36,728.85,879081
2021-06-07 09:30:38,729.0,879531
2021-06-07 09:30:39,729.1,879715
2021-06-07 09:30:40,729.0,880177
2021-06-07 09:30:41,728.95,880233
2021-06-07 09:30:42,729.0,880315
2021-06-07 09:30:43,729.2,881415
2021-06-07 09:30:44,729.25,881718
2021-06-07 09:30:45,729.0,882044
2021-06-07 09:30:46,729.0,882119
2021-06-07 09:30:48,729.3,883828
2021-06-07 09:30:50,729.25,884074
2021-06-07 09:30:51,729.15,885179
2021-06-07 09:30:52,728.85,885199
2021-06-07 09:30:53,728.6,886686
2021-06-07 09:30:54,728.6,886686
2021-06-07 09:30:55,728.75,887326
2021-06-07 09:30:56,728.75,887326
2021-06-07 09:30:57,728.5,887611
2021-06-07 09:30:58,728.65,887661
2021-06-07 09:30:59,728.65,887701
2021-06-07 09:31:00,728.7,888007
2021-06-07 09:31:01,728.65,888974
2021-06-07 09:31:02,728.95,889011
2021-06-07 09:31:03,729.0,889162
2021-06-07 09:31:04,728.85,891264
2021-06-07 09:31:05,728.85,891264
2021-06-07 09:31:06,729.2,891984
2021-06-07 09:31:07,729.2,891984
2021-06-07 09:31:08,729.0,892014
2021-06-07 09:31:08,728.95,892019
2021-06-07 09:31:09,728.95,892045
2021-06-07 09:31:10,729.3,892465
2021-06-07 09:31:11,729.4,892795
2021-06-07 09:31:12,729.75,895872
2021-06-07 09:31:13,729.7,895894
2021-06-07 09:31:15,729.65,896103
2021-06-07 09:31:16,729.6,896533
2021-06-07 09:31:20,729.65,897302
2021-06-07 09:31:21,730.0,897735
2021-06-07 09:31:22,730.0,897735
2021-06-07 09:31:23,729.7,897745
2021-06-07 09:31:24,730.0,897970
2021-06-07 09:31:25,729.75,898031
2021-06-07 09:31:26,729.6,898441
2021-06-07 09:31:27,729.6,898541
2021-06-07 09:31:28,729.65,898597
2021-06-07 09:31:30,729.9,898682
2021-06-07 09:31:31,729.6,899215
2021-06-07 09:31:32,729.6,899398
2021-06-07 09:31:33,729.85,899419
2021-06-07 09:31:34,729.9,899553
2021-06-07 09:31:35,730.0,900025
2021-06-07 09:31:36,730.0,900045
2021-06-07 09:31:37,730.25,905961
2021-06-07 09:31:38,730.0,906205
2021-06-07 09:31:39,730.0,906364
2021-06-07 09:31:40,730.3,907233
2021-06-07 09:31:41,730.3,907305
2021-06-07 09:31:42,730.3,907583
2021-06-07 09:31:43,730.3,908213
2021-06-07 09:31:45,730.15,909929
2021-06-07 09:31:46,730.5,910119
2021-06-07 09:31:47,730.1,911910
2021-06-07 09:31:48,730.2,912174
2021-06-07 09:31:48,730.4,912250
2021-06-07 09:31:49,730.2,912291
2021-06-07 09:31:50,730.4,912299
2021-06-07 09:31:51,730.3,912414
2021-06-07 09:31:52,730.3,913493
2021-06-07 09:31:53,730.6,913984
2021-06-07 09:31:54,730.5,913989
2021-06-07 09:31:55,730.65,914119
2021-06-07 09:31:56,730.4,914319
2021-06-07 09:31:57,730.5,914663
2021-06-07 09:31:58,730.65,916186
2021-06-07 09:32:00,730.45,917315
2021-06-07 09:32:01,730.35,917950
2021-06-07 09:32:02,730.3,918202
2021-06-07 09:32:03,730.4,919009
2021-06-07 09:32:04,730.5,919165
2021-06-07 09:32:05,730.5,919465
2021-06-07 09:32:06,730.3,919796
2021-06-07 09:32:07,730.1,920235
2021-06-07 09:32:08,730.4,920291
2021-06-07 09:32:09,730.4,920408
2021-06-07 09:32:10,730.45,920548
2021-06-07 09:32:11,730.25,921347
2021-06-07 09:32:12,730.25,921347
2021-06-07 09:32:13,730.25,921398
2021-06-07 09:32:14,730.25,921726
2021-06-07 09:32:15,730.0,923944
2021-06-07 09:32:16,730.0,924230
2021-06-07 09:32:17,730.0,924371
2021-06-07 09:32:18,730.0,924371
2021-06-07 09:32:20,729.9,924473
2021-06-07 09:32:21,729.9,924555
2021-06-07 09:32:22,729.9,924822
2021-06-07 09:32:23,729.65,925892
2021-06-07 09:32:24,729.65,926132
2021-06-07 09:32:25,729.8,926594
2021-06-07 09:32:26,729.65,926694
2021-06-07 09:32:27,729.75,926744
2021-06-07 09:32:30,729.9,927254
2021-06-07 09:32:31,729.95,927779
2021-06-07 09:32:32,730.0,928324
2021-06-07 09:32:33,730.05,929534
2021-06-07 09:32:34,730.2,932613
2021-06-07 09:32:35,730.25,932648
2021-06-07 09:32:36,730.5,933000
2021-06-07 09:32:37,730.25,933251
2021-06-07 09:32:38,730.5,933663
2021-06-07 09:32:39,730.5,933668
2021-06-07 09:32:40,730.5,933668
2021-06-07 09:32:41,730.2,933829
2021-06-07 09:32:42,730.45,933831
2021-06-07 09:32:43,730.45,933840
2021-06-07 09:32:44,730.2,934035
2021-06-07 09:32:46,730.5,934265
2021-06-07 09:32:47,730.5,935025
2021-06-07 09:32:48,730.15,935270
2021-06-07 09:32:49,730.45,935467
2021-06-07 09:32:50,730.5,935694
2021-06-07 09:32:51,730.2,936125
2021-06-07 09:32:52,730.2,936130
2021-06-07 09:32:53,730.45,936194
2021-06-07 09:32:54,730.5,937735
2021-06-07 09:32:55,730.2,937741
2021-06-07 09:32:56,730.2,937741
2021-06-07 09:32:57,730.2,937823
2021-06-07 09:32:58,730.2,937823
2021-06-07 09:32:59,730.45,939893
2021-06-07 09:33:00,730.0,941852
2021-06-07 09:33:01,730.1,941901
2021-06-07 09:33:02,730.0,942004
2021-06-07 09:33:03,730.0,942004
2021-06-07 09:33:04,730.0,942550
2021-06-07 09:33:05,730.35,943217
2021-06-07 09:33:06,730.1,943267
2021-06-07 09:33:07,730.1,943613
2021-06-07 09:33:08,730.0,943678
2021-06-07 09:33:09,730.1,943708
2021-06-07 09:33:10,730.45,945125
2021-06-07 09:33:11,730.15,946473
2021-06-07 09:33:12,730.15,947601
2021-06-07 09:33:14,730.05,948465
2021-06-07 09:33:15,730.0,948646
2021-06-07 09:33:17,730.0,948677
2021-06-07 09:33:16,730.0,948672
2021-06-07 09:33:18,730.2,948971
2021-06-07 09:33:19,730.2,949118
2021-06-07 09:33:20,730.0,949438
2021-06-07 09:33:21,730.05,949488
2021-06-07 09:33:23,729.9,954342
2021-06-07 09:33:24,729.9,955269
2021-06-07 09:33:25,729.9,955787
2021-06-07 09:33:26,729.65,957108
2021-06-07 09:33:27,729.6,957180
2021-06-07 09:33:28,729.6,957187
2021-06-07 09:33:29,729.4,957235
2021-06-07 09:33:30,729.65,957269
2021-06-07 09:33:31,729.65,957269
2021-06-07 09:33:32,729.65,957448
2021-06-07 09:33:33,729.65,957448
2021-06-07 09:33:34,729.65,957536
2021-06-07 09:33:35,729.4,957598
2021-06-07 09:33:36,729.4,957813
2021-06-07 09:33:37,729.4,957866
2021-06-07 09:33:38,729.3,957874
2021-06-07 09:33:39,729.5,959665
2021-06-07 09:33:40,729.55,959777
2021-06-07 09:33:41,729.3,960690
2021-06-07 09:33:42,729.3,960981
2021-06-07 09:33:43,729.05,961083
2021-06-07 09:33:44,729.25,963412
2021-06-07 09:33:45,729.25,963476
2021-06-07 09:33:46,729.3,963556
2021-06-07 09:33:47,729.0,963574
2021-06-07 09:33:48,729.0,963584
2021-06-07 09:33:49,729.3,963601
2021-06-07 09:33:50,729.1,963671
2021-06-07 09:33:51,729.25,965049
2021-06-07 09:33:52,729.25,965057
2021-06-07 09:33:53,729.25,965057
2021-06-07 09:33:54,729.25,965071
2021-06-07 09:33:55,729.25,965071
2021-06-07 09:33:56,729.1,965421
2021-06-07 09:33:57,729.25,965471
2021-06-07 09:33:58,729.1,965891
2021-06-07 09:33:59,729.2,965972
2021-06-07 09:34:00,729.4,966192
2021-06-07 09:34:01,728.85,966879
2021-06-07 09:34:02,729.35,968505
2021-06-07 09:34:03,729.0,968640
2021-06-07 09:34:04,729.0,968687
2021-06-07 09:34:05,729.0,968843
2021-06-07 09:34:06,728.85,968863
2021-06-07 09:34:07,728.85,968998
2021-06-07 09:34:08,729.0,969592
2021-06-07 09:34:09,728.95,970031
2021-06-07 09:34:10,729.3,974752
2021-06-07 09:34:11,729.6,974852
2021-06-07 09:34:12,729.05,975406
2021-06-07 09:34:13,729.4,976246
2021-06-07 09:34:14,729.05,976306
2021-06-07 09:34:15,729.05,976331
2021-06-07 09:34:17,729.05,976477
2021-06-07 09:34:18,728.85,977505
2021-06-07 09:34:19,729.25,977518
2021-06-07 09:34:20,729.3,977557
2021-06-07 09:34:21,729.0,977761
2021-06-07 09:34:22,729.0,977761
2021-06-07 09:34:23,728.85,980794
2021-06-07 09:34:24,728.8,980799
2021-06-07 09:34:25,728.8,980799
2021-06-07 09:34:27,728.75,990065
2021-06-07 09:34:28,728.7,990709
2021-06-07 09:34:29,728.7,990889
2021-06-07 09:34:30,728.7,990919
2021-06-07 09:34:31,728.7,990963
2021-06-07 09:34:32,728.75,991469
2021-06-07 09:34:34,729.3,992012
2021-06-07 09:34:35,729.2,993739
2021-06-07 09:34:36,729.4,996944
2021-06-07 09:34:37,729.4,996944
2021-06-07 09:34:38,728.85,998455
2021-06-07 09:34:39,729.3,998571
2021-06-07 09:34:40,729.05,998582
2021-06-07 09:34:41,729.0,998756
2021-06-07 09:34:42,729.3,998778
2021-06-07 09:34:44,729.05,1000339
2021-06-07 09:34:45,729.05,1000339
2021-06-07 09:34:46,729.05,1000599
2021-06-07 09:34:47,729.05,1000644
2021-06-07 09:34:48,729.4,1000829
2021-06-07 09:34:49,729.1,1000882
2021-06-07 09:34:49,729.1,1000882
2021-06-07 09:34:50,729.4,1001563
2021-06-07 09:34:51,729.45,1001683
2021-06-07 09:34:52,729.4,1002703
2021-06-07 09:34:53,729.45,1003003
2021-06-07 09:34:54,729.1,1003113
2021-06-07 09:34:55,729.5,1003250
2021-06-07 09:34:56,729.6,1003440
2021-06-07 09:34:57,729.45,1003510
2021-06-07 09:34:58,729.45,1003664
2021-06-07 09:34:59,729.6,1003674
2021-06-07 09:35:00,729.25,1003817
2021-06-07 09:35:01,729.4,1003854
2021-06-07 09:35:02,729.45,1003877
2021-06-07 09:35:03,729.4,1003902
2021-06-07 09:35:04,729.25,1004093
2021-06-07 09:35:06,729.0,1005305
2021-06-07 09:35:06,729.0,1005305
2021-06-07 09:35:07,729.05,1005319
2021-06-07 09:35:08,729.0,1005343
2021-06-07 09:35:10,729.25,1006570
2021-06-07 09:35:11,729.3,1006602
2021-06-07 09:35:12,729.0,1007331
2021-06-07 09:35:13,728.8,1008218
2021-06-07 09:35:14,729.05,1008253
2021-06-07 09:35:15,728.85,1009372
2021-06-07 09:35:16,729.15,1009615
2021-06-07 09:35:17,728.85,1009629
2021-06-07 09:35:18,728.6,1011041
2021-06-07 09:35:19,728.3,1012478
2021-06-07 09:35:20,728.65,1013671
2021-06-07 09:35:21,728.6,1013696
2021-06-07 09:35:23,728.8,1014932
2021-06-07 09:35:24,728.75,1014983
2021-06-07 09:35:25,728.95,1015006
2021-06-07 09:35:26,729.0,1015364
2021-06-07 09:35:28,728.65,1015729
2021-06-07 09:35:29,728.65,1015841
2021-06-07 09:35:31,729.0,1016086
2021-06-07 09:35:32,728.7,1016107
2021-06-07 09:35:33,728.8,1016123
2021-06-07 09:35:34,728.8,1016125
2021-06-07 09:35:34,728.7,1016655
2021-06-07 09:35:36,728.8,1016964
2021-06-07 09:35:37,728.95,1016965
2021-06-07 09:35:38,728.95,1017028
2021-06-07 09:35:39,728.8,1017057
2021-06-07 09:35:40,729.0,1017198
2021-06-07 09:35:41,728.35,1020514
2021-06-07 09:35:42,728.5,1020604
2021-06-07 09:35:43,728.5,1020604
2021-06-07 09:35:44,728.25,1021357
2021-06-07 09:35:45,728.3,1021407
2021-06-07 09:35:47,728.45,1021496
2021-06-07 09:35:48,728.45,1021497
2021-06-07 09:35:50,728.45,1021604
2021-06-07 09:35:50,728.45,1021669
2021-06-07 09:35:51,728.25,1021730
2021-06-07 09:35:52,728.3,1024365
2021-06-07 09:35:53,728.3,1024365
2021-06-07 09:35:54,728.0,1024872
2021-06-07 09:35:55,728.3,1025057
2021-06-07 09:35:56,728.3,1025237
2021-06-07 09:35:58,728.05,1025984
2021-06-07 09:35:59,728.25,1026027
2021-06-07 09:36:00,728.3,1026044
2021-06-07 09:36:01,728.25,1026070
2021-06-07 09:36:02,728.3,1026086
2021-06-07 09:36:03,728.4,1026484
2021-06-07 09:36:04,728.0,1027979
2021-06-07 09:36:05,728.3,1028089
2021-06-07 09:36:06,728.25,1028093
2021-06-07 09:36:07,728.25,1028393
2021-06-07 09:36:08,728.1,1028759
2021-06-07 09:36:09,728.3,1029116
2021-06-07 09:36:10,728.3,1029126
2021-06-07 09:36:11,728.1,1029644
2021-06-07 09:36:12,728.2,1029737
2021-06-07 09:36:14,728.3,1029789
2021-06-07 09:36:14,728.3,1029789
2021-06-07 09:36:16,728.3,1029841
2021-06-07 09:36:17,728.3,1030119
2021-06-07 09:36:18,728.05,1030207
2021-06-07 09:36:19,728.05,1030207
2021-06-07 09:36:20,728.3,1032437
2021-06-07 09:36:21,728.3,1032464
2021-06-07 09:36:22,728.1,1033782
2021-06-07 09:36:23,728.3,1033885
2021-06-07 09:36:25,728.1,1034173
2021-06-07 09:36:25,728.0,1034326
2021-06-07 09:36:27,728.0,1034326
2021-06-07 09:36:28,728.5,1034519
2021-06-07 09:36:29,728.3,1034536
2021-06-07 09:36:30,728.45,1035655
2021-06-07 09:36:31,728.25,1035838
2021-06-07 09:36:31,728.25,1035842
2021-06-07 09:36:33,728.55,1037973
2021-06-07 09:36:33,728.75,1037974
2021-06-07 09:36:34,728.75,1038079
2021-06-07 09:36:35,728.55,1038088
2021-06-07 09:36:36,728.8,1038267
2021-06-07 09:36:37,728.8,1038268
2021-06-07 09:36:39,728.8,1038503
2021-06-07 09:36:41,728.8,1038756
2021-06-07 09:36:42,728.95,1038862
2021-06-07 09:36:43,728.95,1038862
2021-06-07 09:36:44,728.95,1038862
2021-06-07 09:36:45,728.95,1038963
2021-06-07 09:36:46,728.8,1039112
2021-06-07 09:36:47,728.8,1039112
2021-06-07 09:36:48,728.9,1039408
2021-06-07 09:36:49,728.95,1039508
2021-06-07 09:36:51,728.95,1039572
2021-06-07 09:36:52,728.95,1039572
2021-06-07 09:36:53,728.95,1039572
2021-06-07 09:36:54,728.95,1039685
2021-06-07 09:36:56,728.95,1039685
2021-06-07 09:36:56,728.95,1039685
2021-06-07 09:36:58,728.8,1039945
2021-06-07 09:36:58,728.8,1039945
2021-06-07 09:36:59,728.8,1039946
2021-06-07 09:37:00,728.95,1040116
2021-06-07 09:37:01,728.95,1040116
2021-06-07 09:37:02,728.8,1040206
2021-06-07 09:37:03,728.8,1040330
2021-06-07 09:37:04,728.95,1040368
2021-06-07 09:37:06,728.95,1040398
2021-06-07 09:37:07,728.75,1040869
2021-06-07 09:37:08,728.95,1040872
2021-06-07 09:37:09,729.0,1041172
2021-06-07 09:37:10,729.0,1041206
2021-06-07 09:37:11,728.9,1041216
2021-06-07 09:37:12,729.0,1041504
2021-06-07 09:37:13,729.0,1041912
2021-06-07 09:37:14,729.0,1042015
2021-06-07 09:37:15,728.95,1042061
2021-06-07 09:37:16,729.0,1043061
2021-06-07 09:37:17,729.0,1043478
2021-06-07 09:37:18,729.0,1043487
2021-06-07 09:37:19,729.0,1043507
2021-06-07 09:37:21,729.0,1043751
2021-06-07 09:37:22,729.0,1043794
2021-06-07 09:37:23,728.9,1046878
2021-06-07 09:37:24,728.8,1046893
2021-06-07 09:37:24,728.8,1046893
2021-06-07 09:37:25,728.9,1046923
2021-06-07 09:37:27,728.4,1050069
2021-06-07 09:37:28,728.55,1050169
2021-06-07 09:37:29,728.5,1050172
2021-06-07 09:37:30,728.4,1050414
2021-06-07 09:37:31,728.55,1050467
2021-06-07 09:37:32,728.55,1050467
2021-06-07 09:37:33,728.75,1050600
2021-06-07 09:37:34,728.45,1050610
2021-06-07 09:37:35,728.45,1050812
2021-06-07 09:37:36,728.7,1050823
2021-06-07 09:37:37,728.55,1050929
2021-06-07 09:37:38,728.5,1052332
2021-06-07 09:37:39,728.5,1053341
2021-06-07 09:37:41,728.4,1053970
2021-06-07 09:37:42,728.5,1053988
2021-06-07 09:37:43,728.5,1054094
2021-06-07 09:37:44,728.5,1056839
2021-06-07 09:37:45,728.2,1056919
2021-06-07 09:37:46,728.5,1056929
2021-06-07 09:37:47,728.5,1056929
2021-06-07 09:37:48,728.55,1057060
2021-06-07 09:37:49,728.55,1057060
2021-06-07 09:37:49,728.2,1057165
2021-06-07 09:37:50,728.2,1057195
2021-06-07 09:37:52,728.2,1058147
2021-06-07 09:37:53,728.5,1059260
2021-06-07 09:37:54,728.8,1059264
2021-06-07 09:37:55,728.55,1059510
2021-06-07 09:37:56,728.55,1059514
2021-06-07 09:37:57,728.5,1059599
2021-06-07 09:37:59,728.45,1059764
2021-06-07 09:37:59,728.45,1059764
2021-06-07 09:38:00,728.7,1060249
2021-06-07 09:38:01,728.4,1060324
2021-06-07 09:38:02,728.4,1060324
2021-06-07 09:38:03,728.4,1060324
2021-06-07 09:38:04,728.85,1060624
2021-06-07 09:38:05,728.8,1060703
2021-06-07 09:38:06,728.7,1060802
2021-06-07 09:38:07,728.7,1060817
2021-06-07 09:38:08,728.8,1060927
2021-06-07 09:38:09,728.7,1060943
2021-06-07 09:38:11,728.7,1060946
2021-06-07 09:38:11,728.8,1060952
2021-06-07 09:38:12,728.7,1060985
2021-06-07 09:38:13,728.55,1061235
2021-06-07 09:38:16,729.15,1065286
2021-06-07 09:38:17,729.15,1065571
2021-06-07 09:38:18,729.2,1065673
2021-06-07 09:38:19,729.05,1066338
2021-06-07 09:38:20,729.2,1066340
2021-06-07 09:38:21,729.2,1066340
2021-06-07 09:38:22,729.05,1066400
2021-06-07 09:38:24,729.2,1066450
2021-06-07 09:38:25,728.95,1067828
2021-06-07 09:38:26,729.0,1067915
2021-06-07 09:38:26,729.0,1067915
2021-06-07 09:38:27,729.0,1067915
2021-06-07 09:38:28,729.3,1068052
2021-06-07 09:38:29,729.25,1068058
2021-06-07 09:38:30,728.85,1068074
2021-06-07 09:38:32,728.75,1068104
2021-06-07 09:38:34,728.8,1068318
2021-06-07 09:38:35,729.0,1068378
2021-06-07 09:38:35,729.0,1068378
2021-06-07 09:38:36,729.15,1068528
2021-06-07 09:38:38,729.2,1068880
2021-06-07 09:38:39,729.1,1069089
2021-06-07 09:38:40,729.3,1069145
2021-06-07 09:38:42,728.6,1070327
2021-06-07 09:38:43,728.6,1070330
2021-06-07 09:38:44,728.85,1071689
2021-06-07 09:38:45,728.8,1071691
2021-06-07 09:38:46,728.7,1071794
2021-06-07 09:38:48,728.5,1071818
2021-06-07 09:38:49,728.5,1072708
2021-06-07 09:38:50,728.55,1072808
2021-06-07 09:38:51,728.4,1073096
2021-06-07 09:38:52,728.25,1073230
2021-06-07 09:38:53,728.25,1077939
2021-06-07 09:38:54,728.4,1078083
2021-06-07 09:38:55,728.5,1079173
2021-06-07 09:38:55,728.7,1079488
2021-06-07 09:38:57,729.2,1079673
2021-06-07 09:38:57,729.2,1079673
2021-06-07 09:38:58,729.2,1079920
2021-06-07 09:38:59,729.2,1079920
2021-06-07 09:39:01,729.0,1080003
2021-06-07 09:39:01,729.3,1082123
2021-06-07 09:39:02,729.1,1082186
2021-06-07 09:39:03,729.1,1082689
2021-06-07 09:39:06,729.1,1082966
2021-06-07 09:39:07,729.35,1082968
2021-06-07 09:39:08,729.35,1082968
2021-06-07 09:39:09,729.1,1083068
2021-06-07 09:39:10,729.3,1083074
2021-06-07 09:39:11,729.1,1083714
2021-06-07 09:39:12,728.9,1083719
2021-06-07 09:39:13,729.15,1083725
2021-06-07 09:39:13,729.2,1083781
2021-06-07 09:39:15,729.2,1083781
2021-06-07 09:39:16,729.15,1084842
2021-06-07 09:39:17,729.15,1085029
2021-06-07 09:39:18,729.2,1085030
2021-06-07 09:39:19,729.2,1085167
2021-06-07 09:39:19,729.2,1085167
2021-06-07 09:39:20,729.55,1085580
2021-06-07 09:39:21,729.6,1086544
2021-06-07 09:39:22,729.55,1086983
2021-06-07 09:39:24,729.75,1087087
2021-06-07 09:39:25,729.55,1087252
2021-06-07 09:39:26,729.75,1087288
2021-06-07 09:39:27,729.35,1087389
2021-06-07 09:39:28,729.35,1087389
2021-06-07 09:39:29,729.75,1087417
2021-06-07 09:39:30,729.4,1087671
2021-06-07 09:39:31,729.75,1088071
2021-06-07 09:39:32,729.4,1088172
2021-06-07 09:39:32,729.1,1088640
2021-06-07 09:39:33,729.25,1088674
2021-06-07 09:39:34,729.25,1088689
2021-06-07 09:39:35,729.35,1088969
2021-06-07 09:39:36,729.2,1089069
2021-06-07 09:39:37,729.2,1089169
2021-06-07 09:39:39,729.25,1089171
2021-06-07 09:39:39,729.25,1089173
2021-06-07 09:39:40,729.25,1089410
2021-06-07 09:39:41,729.25,1089450
2021-06-07 09:39:42,729.3,1089465
2021-06-07 09:39:43,729.2,1089601
2021-06-07 09:39:44,729.45,1089738
2021-06-07 09:39:46,729.2,1090488
2021-06-07 09:39:48,729.1,1090694
2021-06-07 09:39:49,729.15,1090712
2021-06-07 09:39:50,729.45,1090714
2021-06-07 09:39:51,729.45,1090714
2021-06-07 09:39:52,729.25,1091025
2021-06-07 09:39:53,729.5,1091027
2021-06-07 09:39:53,729.5,1091027
2021-06-07 09:39:55,729.6,1091142
2021-06-07 09:39:55,729.45,1091308
2021-06-07 09:39:57,729.6,1091458
2021-06-07 09:39:57,729.6,1091458
2021-06-07 09:39:59,729.7,1092157
2021-06-07 09:40:00,729.4,1092269
2021-06-07 09:40:00,729.45,1092353
2021-06-07 09:40:01,729.75,1092560
2021-06-07 09:40:02,729.75,1092680
2021-06-07 09:40:04,729.7,1093011
2021-06-07 09:40:04,729.7,1093011
2021-06-07 09:40:06,730.0,1094152
2021-06-07 09:40:07,730.0,1094954
2021-06-07 09:40:08,729.65,1095157
2021-06-07 09:40:09,729.65,1095179
2021-06-07 09:40:10,729.75,1095271
2021-06-07 09:40:12,730.0,1095598
2021-06-07 09:40:13,729.9,1095902
2021-06-07 09:40:13,729.9,1096112
2021-06-07 09:40:14,730.2,1106472
2021-06-07 09:40:16,730.2,1106801
2021-06-07 09:40:17,730.2,1108209
2021-06-07 09:40:19,729.65,1109714
2021-06-07 09:40:20,729.75,1110253
2021-06-07 09:40:20,729.75,1110253
2021-06-07 09:40:21,729.8,1110369
2021-06-07 09:40:22,729.6,1110419
2021-06-07 09:40:24,729.8,1110539
2021-06-07 09:40:26,730.0,1111760
2021-06-07 09:40:27,729.95,1112080
2021-06-07 09:40:28,729.95,1112184
2021-06-07 09:40:29,729.8,1112278
2021-06-07 09:40:31,730.0,1112606
2021-06-07 09:40:32,730.0,1112756
2021-06-07 09:40:33,730.0,1112756
2021-06-07 09:40:34,730.0,1112806
2021-06-07 09:40:35,729.9,1112876
2021-06-07 09:40:35,730.0,1112846
2021-06-07 09:40:37,729.8,1113013
2021-06-07 09:40:38,730.0,1113427
2021-06-07 09:40:38,730.0,1113727
2021-06-07 09:40:39,729.8,1113834
2021-06-07 09:40:40,729.8,1113860
2021-06-07 09:40:43,729.9,1115144
2021-06-07 09:40:44,729.8,1117153
2021-06-07 09:40:45,729.65,1117257
2021-06-07 09:40:46,729.5,1118808
2021-06-07 09:40:47,730.1,1120081
2021-06-07 09:40:48,729.95,1120153
2021-06-07 09:40:49,730.0,1120359
2021-06-07 09:40:50,730.0,1121575
2021-06-07 09:40:51,729.85,1121804
2021-06-07 09:40:52,729.85,1121809
2021-06-07 09:40:54,729.85,1121810
2021-06-07 09:40:55,729.85,1121821
2021-06-07 09:40:56,729.85,1121821
2021-06-07 09:40:57,729.85,1121928
2021-06-07 09:40:58,729.8,1122253
2021-06-07 09:40:58,729.8,1122253
2021-06-07 09:40:59,729.8,1122253
2021-06-07 09:41:00,729.8,1122253
2021-06-07 09:41:02,730.2,1122254
2021-06-07 09:41:03,729.9,1122260
2021-06-07 09:41:04,729.85,1122324
2021-06-07 09:41:05,730.35,1123825
2021-06-07 09:41:06,730.4,1123975
2021-06-07 09:41:07,730.4,1123981
2021-06-07 09:41:08,730.1,1124106
2021-06-07 09:41:09,730.4,1124190
2021-06-07 09:41:10,730.4,1124480
2021-06-07 09:41:11,730.4,1125215
2021-06-07 09:41:12,730.5,1127949
2021-06-07 09:41:13,730.55,1128522
2021-06-07 09:41:14,730.35,1128818
2021-06-07 09:41:15,730.4,1129018
2021-06-07 09:41:16,730.1,1129020
2021-06-07 09:41:17,730.1,1129406
2021-06-07 09:41:18,730.3,1129490
2021-06-07 09:41:19,730.1,1129658
2021-06-07 09:41:20,730.4,1129983
2021-06-07 09:41:21,730.4,1130378
2021-06-07 09:41:22,730.35,1130514
2021-06-07 09:41:23,730.35,1130514
2021-06-07 09:41:24,730.4,1130537
2021-06-07 09:41:24,730.4,1130537
2021-06-07 09:41:25,730.1,1130817
2021-06-07 09:41:26,730.05,1132027
2021-06-07 09:41:28,730.35,1132341
2021-06-07 09:41:29,730.5,1134326
2021-06-07 09:41:30,730.25,1134376
2021-06-07 09:41:31,730.05,1134538
2021-06-07 09:41:32,730.25,1134548
2021-06-07 09:41:33,730.0,1135873
2021-06-07 09:41:34,730.4,1136078
2021-06-07 09:41:35,730.3,1136108
2021-06-07 09:41:36,730.35,1136173
2021-06-07 09:41:36,730.25,1136133
2021-06-07 09:41:38,730.25,1136189
2021-06-07 09:41:39,730.25,1136566
2021-06-07 09:41:40,730.05,1137697
2021-06-07 09:41:41,729.9,1142266
2021-06-07 09:41:42,729.8,1143321
2021-06-07 09:41:42,729.8,1143321
2021-06-07 09:41:44,729.85,1143976
2021-06-07 09:41:45,729.8,1144395
2021-06-07 09:41:46,729.8,1144704
2021-06-07 09:41:47,729.75,1144773
2021-06-07 09:41:48,729.45,1145953
2021-06-07 09:41:49,729.7,1146178
2021-06-07 09:41:50,729.4,1146290
2021-06-07 09:41:51,729.8,1146436
2021-06-07 09:41:52,729.5,1146466
2021-06-07 09:41:53,729.4,1148833
2021-06-07 09:41:53,729.4,1148833
2021-06-07 09:41:55,729.6,1148986
2021-06-07 09:41:56,729.6,1149145
2021-06-07 09:41:57,729.6,1149355
2021-06-07 09:41:58,729.6,1149355
2021-06-07 09:41:58,729.6,1149355
2021-06-07 09:42:00,729.35,1149512
2021-06-07 09:42:01,729.4,1149692
2021-06-07 09:42:02,729.55,1150006
2021-06-07 09:42:03,729.4,1150394
2021-06-07 09:42:04,729.85,1150502
2021-06-07 09:42:05,729.85,1150513
2021-06-07 09:42:06,729.35,1150797
2021-06-07 09:42:07,729.6,1150974
2021-06-07 09:42:08,729.7,1151007
2021-06-07 09:42:09,729.7,1151035
2021-06-07 09:42:10,730.0,1151135
2021-06-07 09:42:10,729.7,1151147
2021-06-07 09:42:11,730.0,1151150
2021-06-07 09:42:13,729.7,1151615
2021-06-07 09:42:14,729.7,1151617
2021-06-07 09:42:15,729.7,1151667
2021-06-07 09:42:16,729.7,1151667
2021-06-07 09:42:17,729.7,1151668
2021-06-07 09:42:18,729.75,1151698
2021-06-07 09:42:18,729.75,1151698
2021-06-07 09:42:19,729.75,1151749
2021-06-07 09:42:21,729.6,1151869
2021-06-07 09:42:22,729.6,1152049
2021-06-07 09:42:23,729.6,1152049
2021-06-07 09:42:23,729.75,1152056
2021-06-07 09:42:24,729.6,1152086
2021-06-07 09:42:26,730.1,1160042
2021-06-07 09:42:27,730.25,1160322
2021-06-07 09:42:29,730.0,1160332
2021-06-07 09:42:30,729.85,1161986
2021-06-07 09:42:31,729.95,1162016
2021-06-07 09:42:32,729.75,1162036
2021-06-07 09:42:32,729.95,1162038
2021-06-07 09:42:33,729.75,1162603
2021-06-07 09:42:34,729.85,1163518
2021-06-07 09:42:35,729.65,1163522
2021-06-07 09:42:37,729.65,1163872
2021-06-07 09:42:38,729.65,1163872
2021-06-07 09:42:39,729.7,1163979
2021-06-07 09:42:41,729.65,1164138
2021-06-07 09:42:42,729.75,1164313
2021-06-07 09:42:43,729.6,1164584
2021-06-07 09:42:44,729.95,1166599
2021-06-07 09:42:45,729.6,1167574
2021-06-07 09:42:46,729.55,1169690
2021-06-07 09:42:46,729.55,1169690
2021-06-07 09:42:48,729.6,1169840
2021-06-07 09:42:49,729.7,1170352
2021-06-07 09:42:50,729.4,1170722
2021-06-07 09:42:51,729.55,1170952
2021-06-07 09:42:52,729.35,1171152
2021-06-07 09:42:53,729.7,1171252
2021-06-07 09:42:54,729.4,1171400
2021-06-07 09:42:55,729.8,1171460
2021-06-07 09:42:56,729.65,1171461
2021-06-07 09:42:57,729.9,1171771
2021-06-07 09:42:58,729.65,1171792
2021-06-07 09:42:59,729.9,1172489
2021-06-07 09:43:00,729.5,1172985
2021-06-07 09:43:01,729.65,1173086
2021-06-07 09:43:02,729.85,1173840
2021-06-07 09:43:03,729.75,1173850
2021-06-07 09:43:04,729.8,1173869
2021-06-07 09:43:05,729.5,1174001
2021-06-07 09:43:05,729.5,1174001
2021-06-07 09:43:06,729.75,1174699
2021-06-07 09:43:08,729.7,1174810
2021-06-07 09:43:09,729.7,1174860
2021-06-07 09:43:10,729.7,1174879
2021-06-07 09:43:11,729.65,1175087
2021-06-07 09:43:12,729.4,1175301
2021-06-07 09:43:13,729.4,1175390
2021-06-07 09:43:14,729.65,1175419
2021-06-07 09:43:15,729.85,1175566
2021-06-07 09:43:16,729.8,1175806
2021-06-07 09:43:17,729.75,1175876
2021-06-07 09:43:18,730.0,1176029
2021-06-07 09:43:19,729.75,1176545
2021-06-07 09:43:20,729.75,1176546
2021-06-07 09:43:21,729.75,1176753
2021-06-07 09:43:22,729.75,1177263
2021-06-07 09:43:23,729.75,1177756
2021-06-07 09:43:24,730.0,1177838
2021-06-07 09:43:25,729.7,1177841
2021-06-07 09:43:26,730.05,1178110
2021-06-07 09:43:27,729.95,1179110
2021-06-07 09:43:28,729.95,1179110
2021-06-07 09:43:29,730.0,1179178
2021-06-07 09:43:30,730.2,1179502
2021-06-07 09:43:31,730.2,1179502
2021-06-07 09:43:32,729.95,1179652
2021-06-07 09:43:33,729.85,1179852
2021-06-07 09:43:34,730.0,1179865
2021-06-07 09:43:35,730.1,1179904
2021-06-07 09:43:36,730.1,1179913
2021-06-07 09:43:37,730.05,1180063
2021-06-07 09:43:38,729.85,1180065
2021-06-07 09:43:39,730.1,1180070
2021-06-07 09:43:40,729.65,1182730
2021-06-07 09:43:41,729.65,1182807
2021-06-07 09:43:42,729.9,1183030
2021-06-07 09:43:43,729.95,1183040
2021-06-07 09:43:44,729.9,1183140
2021-06-07 09:43:45,729.9,1183140
2021-06-07 09:43:46,729.95,1183150
2021-06-07 09:43:47,730.0,1183252
2021-06-07 09:43:48,730.0,1183255
2021-06-07 09:43:49,730.0,1183257
2021-06-07 09:43:50,729.8,1183509
2021-06-07 09:43:51,729.8,1183540
2021-06-07 09:43:52,730.05,1183620
2021-06-07 09:43:53,730.0,1183746
2021-06-07 09:43:54,730.0,1183938
2021-06-07 09:43:55,729.7,1184784
2021-06-07 09:43:56,729.9,1184933
2021-06-07 09:43:57,730.0,1185148
2021-06-07 09:43:59,730.0,1185177
2021-06-07 09:44:01,729.8,1185257
2021-06-07 09:44:02,729.8,1185257
2021-06-07 09:44:03,730.05,1185557
2021-06-07 09:44:04,730.0,1185571
2021-06-07 09:44:05,729.65,1185921
2021-06-07 09:44:06,729.65,1185921
2021-06-07 09:44:07,729.6,1186182
2021-06-07 09:44:08,729.6,1186334
2021-06-07 09:44:09,729.6,1186335
2021-06-07 09:44:10,729.6,1186391
2021-06-07 09:44:11,729.8,1186515
2021-06-07 09:44:12,729.7,1186545
2021-06-07 09:44:13,729.7,1186570
2021-06-07 09:44:14,729.7,1187118
2021-06-07 09:44:16,729.5,1187415
2021-06-07 09:44:15,729.5,1187415
2021-06-07 09:44:17,729.6,1187420
2021-06-07 09:44:18,729.7,1187440
2021-06-07 09:44:19,729.7,1187568
2021-06-07 09:44:20,729.65,1187711
2021-06-07 09:44:21,729.7,1187811
2021-06-07 09:44:22,729.65,1188154
2021-06-07 09:44:23,729.65,1188154
2021-06-07 09:44:24,729.65,1188214
2021-06-07 09:44:25,729.9,1188417
2021-06-07 09:44:27,729.6,1188760
2021-06-07 09:44:28,729.6,1188760
2021-06-07 09:44:29,729.65,1188819
2021-06-07 09:44:30,729.65,1188936
2021-06-07 09:44:31,729.65,1188964
2021-06-07 09:44:32,729.5,1189014
2021-06-07 09:44:35,729.65,1189727
2021-06-07 09:44:36,729.5,1190027
2021-06-07 09:44:37,729.65,1190125
2021-06-07 09:44:38,729.65,1190183
2021-06-07 09:44:40,729.65,1190193
2021-06-07 09:44:41,729.5,1190194
2021-06-07 09:44:42,729.5,1190244
2021-06-07 09:44:43,729.5,1190322
2021-06-07 09:44:44,729.7,1190462
2021-06-07 09:44:45,729.7,1190462
2021-06-07 09:44:46,729.9,1190917
2021-06-07 09:44:47,729.65,1190967
2021-06-07 09:44:48,729.9,1191067
2021-06-07 09:44:49,729.65,1191192
2021-06-07 09:44:50,729.65,1191412
2021-06-07 09:44:51,729.65,1191473
2021-06-07 09:44:52,729.65,1192647
2021-06-07 09:44:53,730.0,1192702
2021-06-07 09:44:54,729.65,1192904
2021-06-07 09:44:55,729.65,1192909
2021-06-07 09:44:56,729.65,1193020
2021-06-07 09:44:57,729.65,1193043
2021-06-07 09:44:58,729.7,1193063
2021-06-07 09:44:59,730.0,1193128
2021-06-07 09:45:00,730.0,1193128
2021-06-07 09:45:01,729.9,1193194
2021-06-07 09:45:02,729.9,1193196
2021-06-07 09:45:04,729.9,1193380
2021-06-07 09:45:05,729.9,1193400
2021-06-07 09:45:06,729.9,1193487
2021-06-07 09:45:07,729.9,1193487
2021-06-07 09:45:08,729.9,1193497
2021-06-07 09:45:09,729.7,1194749
2021-06-07 09:45:10,729.7,1195433
2021-06-07 09:45:11,729.95,1196083
2021-06-07 09:45:12,729.65,1196095
2021-06-07 09:45:13,729.65,1196185
2021-06-07 09:45:14,729.95,1196752
2021-06-07 09:45:15,729.95,1196752
2021-06-07 09:45:16,729.9,1196767
2021-06-07 09:45:18,729.95,1196827
2021-06-07 09:45:17,729.9,1196767
2021-06-07 09:45:19,729.9,1197653
2021-06-07 09:45:20,729.8,1198043
2021-06-07 09:45:21,729.8,1198043
2021-06-07 09:45:22,729.75,1198129
2021-06-07 09:45:23,729.8,1198231
2021-06-07 09:45:26,729.6,1199837
2021-06-07 09:45:26,729.4,1199841
2021-06-07 09:45:27,729.5,1199861
2021-06-07 09:45:28,729.5,1199980
2021-06-07 09:45:30,729.4,1200133
2021-06-07 09:45:30,729.4,1200133
2021-06-07 09:45:31,729.4,1200320
2021-06-07 09:45:32,729.7,1200321
2021-06-07 09:45:33,729.5,1200331
2021-06-07 09:45:34,729.15,1201216
2021-06-07 09:45:36,729.45,1201306
2021-06-07 09:45:36,729.45,1201306
2021-06-07 09:45:37,729.5,1201315
2021-06-07 09:45:38,729.5,1201428
2021-06-07 09:45:39,729.15,1201528
2021-06-07 09:45:40,729.35,1201535
2021-06-07 09:45:41,729.35,1201535
2021-06-07 09:45:42,729.15,1201538
2021-06-07 09:45:43,729.3,1201545
2021-06-07 09:45:44,729.0,1203745
2021-06-07 09:45:45,729.0,1203876
2021-06-07 09:45:46,729.0,1206575
2021-06-07 09:45:47,729.0,1208196
2021-06-07 09:45:49,729.0,1209996
2021-06-07 09:45:49,729.0,1209996
2021-06-07 09:45:50,728.3,1216996
2021-06-07 09:45:51,728.55,1217703
2021-06-07 09:45:52,728.55,1217768
2021-06-07 09:45:53,728.55,1217796
2021-06-07 09:45:54,728.55,1219553
2021-06-07 09:45:55,728.15,1220063
2021-06-07 09:45:56,728.5,1220238
2021-06-07 09:45:58,728.45,1220278
2021-06-07 09:45:59,728.75,1220381
2021-06-07 09:45:59,728.75,1220390
2021-06-07 09:46:00,728.4,1220755
2021-06-07 09:46:01,728.4,1221081
2021-06-07 09:46:02,727.5,1243526
2021-06-07 09:46:03,727.5,1244266
2021-06-07 09:46:04,727.5,1244280
2021-06-07 09:46:05,727.5,1244604
2021-06-07 09:46:07,727.45,1245231
2021-06-07 09:46:07,727.45,1245256
2021-06-07 09:46:09,727.5,1246921
2021-06-07 09:46:09,727.95,1247151
2021-06-07 09:46:11,727.95,1247171
2021-06-07 09:46:11,727.75,1247226
2021-06-07 09:46:13,728.0,1248400
2021-06-07 09:46:14,727.7,1248965
2021-06-07 09:46:15,727.7,1249313
2021-06-07 09:46:15,727.5,1249638
2021-06-07 09:46:17,727.8,1249641
2021-06-07 09:46:18,727.75,1249959
2021-06-07 09:46:18,727.75,1249959
2021-06-07 09:46:19,728.0,1250136
2021-06-07 09:46:20,727.6,1250817
2021-06-07 09:46:21,727.7,1251219
2021-06-07 09:46:22,727.85,1251359
2021-06-07 09:46:23,727.8,1251478
2021-06-07 09:46:24,727.8,1251478
2021-06-07 09:46:25,728.0,1251485
2021-06-07 09:46:26,727.75,1251591
2021-06-07 09:46:27,728.0,1251701
2021-06-07 09:46:29,727.6,1252322
2021-06-07 09:46:30,727.95,1252626
2021-06-07 09:46:31,727.95,1252937
2021-06-07 09:46:33,727.85,1253136
2021-06-07 09:46:34,727.85,1253136
2021-06-07 09:46:34,727.95,1253336
2021-06-07 09:46:36,727.5,1254956
2021-06-07 09:46:38,727.95,1255373
2021-06-07 09:46:39,727.7,1260539
2021-06-07 09:46:40,727.8,1261011
2021-06-07 09:46:42,727.55,1261049
2021-06-07 09:46:43,727.5,1261067
2021-06-07 09:46:43,727.7,1261582
2021-06-07 09:46:45,727.65,1261587
2021-06-07 09:46:46,727.35,1262357
2021-06-07 09:46:45,727.4,1262351
2021-06-07 09:46:47,727.6,1263036
2021-06-07 09:46:48,727.35,1264806
2021-06-07 09:46:49,727.5,1265005
2021-06-07 09:46:50,727.5,1265005
2021-06-07 09:46:51,727.35,1265055
2021-06-07 09:46:52,727.6,1265263
2021-06-07 09:46:53,727.45,1265613
2021-06-07 09:46:54,727.6,1266033
2021-06-07 09:46:55,727.7,1266554
2021-06-07 09:46:56,727.7,1266699
2021-06-07 09:46:57,727.35,1266997
2021-06-07 09:46:58,727.45,1267947
2021-06-07 09:46:59,727.8,1267969
2021-06-07 09:47:00,727.55,1268025
2021-06-07 09:47:01,727.8,1268160
2021-06-07 09:47:02,727.85,1269097
2021-06-07 09:47:03,727.55,1269599
2021-06-07 09:47:04,727.55,1269619
2021-06-07 09:47:05,727.85,1270428
2021-06-07 09:47:06,727.55,1270450
2021-06-07 09:47:07,727.55,1270450
2021-06-07 09:47:08,727.6,1270505
2021-06-07 09:47:09,727.6,1270505
2021-06-07 09:47:10,727.7,1270521
2021-06-07 09:47:11,727.7,1270535
2021-06-07 09:47:12,727.7,1270861
2021-06-07 09:47:13,727.55,1271017
2021-06-07 09:47:14,727.55,1271038
2021-06-07 09:47:15,727.55,1271482
2021-06-07 09:47:16,727.45,1273634
2021-06-07 09:47:17,727.45,1273634
2021-06-07 09:47:18,727.6,1273648
2021-06-07 09:47:19,727.6,1273733
2021-06-07 09:47:20,727.0,1286354
2021-06-07 09:47:21,727.3,1286717
2021-06-07 09:47:22,727.0,1287085
2021-06-07 09:47:23,727.05,1287787
2021-06-07 09:47:24,727.05,1287787
2021-06-07 09:47:25,727.35,1287837
2021-06-07 09:47:26,726.8,1291147
2021-06-07 09:47:27,726.85,1291347
2021-06-07 09:47:29,727.05,1291592
2021-06-07 09:47:29,727.0,1291621
2021-06-07 09:47:32,727.0,1292158
2021-06-07 09:47:31,727.0,1291999
2021-06-07 09:47:33,726.5,1297433
2021-06-07 09:47:33,726.7,1297533
2021-06-07 09:47:34,726.75,1297632
2021-06-07 09:47:35,726.8,1297932
2021-06-07 09:47:36,726.8,1297937
2021-06-07 09:47:37,726.75,1298366
2021-06-07 09:47:38,726.75,1298397
2021-06-07 09:47:39,727.1,1300099
2021-06-07 09:47:40,727.25,1300126
2021-06-07 09:47:42,727.3,1300211
2021-06-07 09:47:42,727.25,1300367
2021-06-07 09:47:44,727.1,1300569
2021-06-07 09:47:45,727.3,1300584
2021-06-07 09:47:46,727.1,1300700
2021-06-07 09:47:46,727.05,1300811
2021-06-07 09:47:47,727.05,1300834
2021-06-07 09:47:48,727.25,1300835
2021-06-07 09:47:49,727.05,1300840
2021-06-07 09:47:50,727.05,1300996
2021-06-07 09:47:51,727.05,1301001
2021-06-07 09:47:52,727.25,1301152
2021-06-07 09:47:53,727.1,1301172
2021-06-07 09:47:54,727.2,1301222
2021-06-07 09:47:55,727.1,1301319
2021-06-07 09:47:56,727.05,1301824
2021-06-07 09:47:57,727.05,1301872
2021-06-07 09:47:58,727.05,1301873
2021-06-07 09:47:59,727.1,1301885
2021-06-07 09:48:00,726.9,1304219
2021-06-07 09:48:01,727.15,1304926
2021-06-07 09:48:02,727.15,1304926
2021-06-07 09:48:03,726.9,1304981
2021-06-07 09:48:04,727.2,1305161
2021-06-07 09:48:05,727.0,1305174
2021-06-07 09:48:06,727.0,1305235
2021-06-07 09:48:07,727.0,1305388
2021-06-07 09:48:08,727.05,1305445
2021-06-07 09:48:09,727.05,1305520
2021-06-07 09:48:11,727.0,1305633
2021-06-07 09:48:12,727.0,1305867
2021-06-07 09:48:13,727.0,1305867
2021-06-07 09:48:14,727.0,1305950
2021-06-07 09:48:15,727.0,1306452
2021-06-07 09:48:16,726.9,1307319
2021-06-07 09:48:17,726.8,1307961
2021-06-07 09:48:19,727.0,1308042
2021-06-07 09:48:20,726.8,1308272
2021-06-07 09:48:20,726.8,1308272
2021-06-07 09:48:22,726.75,1308926
2021-06-07 09:48:23,726.75,1308926
2021-06-07 09:48:23,726.75,1308926
2021-06-07 09:48:24,726.75,1309255
2021-06-07 09:48:25,726.75,1309506
2021-06-07 09:48:27,726.6,1313051
2021-06-07 09:48:28,726.5,1318727
2021-06-07 09:48:29,726.0,1323069
2021-06-07 09:48:30,726.2,1323169
2021-06-07 09:48:31,726.0,1323207
2021-06-07 09:48:31,726.0,1323207
2021-06-07 09:48:32,726.25,1324639
2021-06-07 09:48:33,726.35,1325903
2021-06-07 09:48:34,726.0,1326430
2021-06-07 09:48:35,726.0,1327621
2021-06-07 09:48:36,726.35,1327647
2021-06-07 09:48:37,726.0,1328728
2021-06-07 09:48:38,726.4,1328936
2021-06-07 09:48:39,726.3,1331742
2021-06-07 09:48:40,726.65,1331746
2021-06-07 09:48:41,726.75,1332040
2021-06-07 09:48:42,726.65,1332466
2021-06-07 09:48:43,726.65,1332666
2021-06-07 09:48:44,726.95,1332773
2021-06-07 09:48:45,726.65,1333848
2021-06-07 09:48:47,726.6,1333970
2021-06-07 09:48:47,726.6,1334000
2021-06-07 09:48:48,726.95,1334083
2021-06-07 09:48:49,726.65,1334085
2021-06-07 09:48:50,726.65,1334421
2021-06-07 09:48:51,727.0,1334762
2021-06-07 09:48:52,726.7,1334813
2021-06-07 09:48:54,726.6,1334960
2021-06-07 09:48:55,726.65,1335000
2021-06-07 09:48:56,726.65,1335035
2021-06-07 09:48:57,726.9,1335140
2021-06-07 09:48:58,726.65,1335744
2021-06-07 09:48:59,726.65,1335795
2021-06-07 09:48:59,726.65,1335797
2021-06-07 09:49:00,726.6,1337311
2021-06-07 09:49:01,726.75,1337834
2021-06-07 09:49:02,726.6,1337835
2021-06-07 09:49:04,726.6,1337839
2021-06-07 09:49:05,726.3,1337844
2021-06-07 09:49:05,726.7,1338322
2021-06-07 09:49:07,726.75,1338866
2021-06-07 09:49:08,726.6,1338984
2021-06-07 09:49:09,726.6,1339535
2021-06-07 09:49:10,726.6,1339547
2021-06-07 09:49:10,726.6,1339616
2021-06-07 09:49:11,726.9,1339831
2021-06-07 09:49:13,726.6,1339854
2021-06-07 09:49:15,726.9,1339951
2021-06-07 09:49:15,726.9,1340081
2021-06-07 09:49:17,726.7,1340183
2021-06-07 09:49:18,726.95,1340294
2021-06-07 09:49:18,726.7,1340186
2021-06-07 09:49:20,726.95,1340345
2021-06-07 09:49:21,726.65,1340436
2021-06-07 09:49:22,726.9,1340647
2021-06-07 09:49:22,726.9,1340647
2021-06-07 09:49:23,726.6,1341997
2021-06-07 09:49:24,726.6,1341997
2021-06-07 09:49:25,726.9,1342176
2021-06-07 09:49:26,726.6,1342180
2021-06-07 09:49:27,726.6,1342270
2021-06-07 09:49:28,726.7,1343064
2021-06-07 09:49:29,726.6,1343144
2021-06-07 09:49:30,726.5,1343708
2021-06-07 09:49:31,726.8,1344908
2021-06-07 09:49:32,726.6,1344948
2021-06-07 09:49:33,726.6,1345000
2021-06-07 09:49:35,726.8,1345233
2021-06-07 09:49:36,726.6,1345702
2021-06-07 09:49:37,726.6,1345744
2021-06-07 09:49:38,726.8,1345764
2021-06-07 09:49:39,726.8,1345764
2021-06-07 09:49:40,726.8,1345773
2021-06-07 09:49:41,726.6,1345796
2021-06-07 09:49:42,726.6,1345896
2021-06-07 09:49:44,726.6,1346251
2021-06-07 09:49:45,726.8,1346351
2021-06-07 09:49:46,726.85,1347636
2021-06-07 09:49:46,726.6,1347638
2021-06-07 09:49:48,726.8,1347644
2021-06-07 09:49:50,726.8,1347735
2021-06-07 09:49:49,726.6,1347669
2021-06-07 09:49:51,726.8,1347739
2021-06-07 09:49:52,726.6,1347820
2021-06-07 09:49:53,726.6,1347820
2021-06-07 09:49:54,726.75,1347829
2021-06-07 09:49:55,726.8,1347939
2021-06-07 09:49:55,726.8,1347939
2021-06-07 09:49:56,726.8,1347954
2021-06-07 09:49:57,726.6,1348139
2021-06-07 09:49:58,726.8,1348174
2021-06-07 09:50:00,726.9,1349175
2021-06-07 09:50:01,726.65,1349246
2021-06-07 09:50:01,726.65,1349246
2021-06-07 09:50:03,726.85,1350042
2021-06-07 09:50:04,726.6,1350097
2021-06-07 09:50:05,726.85,1350164
2021-06-07 09:50:06,726.85,1350164
2021-06-07 09:50:06,726.85,1350209
2021-06-07 09:50:08,726.85,1350298
2021-06-07 09:50:08,726.85,1350298
2021-06-07 09:50:09,726.85,1350298
2021-06-07 09:50:10,726.65,1350307
2021-06-07 09:50:12,726.65,1350412
2021-06-07 09:50:13,726.65,1350442
2021-06-07 09:50:14,726.6,1350486
2021-06-07 09:50:15,726.65,1350521
2021-06-07 09:50:16,726.6,1350597
2021-06-07 09:50:17,726.6,1350898
2021-06-07 09:50:18,726.6,1350899
2021-06-07 09:50:19,726.6,1350899
2021-06-07 09:50:20,726.6,1351072
2021-06-07 09:50:20,726.65,1351109
2021-06-07 09:50:22,726.6,1352721
2021-06-07 09:50:23,726.6,1352786
2021-06-07 09:50:24,726.75,1352892
2021-06-07 09:50:25,726.75,1352898
2021-06-07 09:50:26,726.6,1353168
2021-06-07 09:50:27,726.6,1353168
2021-06-07 09:50:28,726.75,1353769
2021-06-07 09:50:29,726.75,1353774
2021-06-07 09:50:30,726.6,1353791
2021-06-07 09:50:31,726.6,1353807
2021-06-07 09:50:32,726.6,1353857
2021-06-07 09:50:33,726.65,1353878
2021-06-07 09:50:33,726.75,1353868
2021-06-07 09:50:35,726.65,1354033
2021-06-07 09:50:36,726.75,1354180
2021-06-07 09:50:37,726.75,1354797
2021-06-07 09:50:37,726.75,1354797
2021-06-07 09:50:39,726.65,1354865
2021-06-07 09:50:40,727.0,1362881
2021-06-07 09:50:41,726.95,1362954
2021-06-07 09:50:42,726.95,1363046
2021-06-07 09:50:43,727.0,1363221
2021-06-07 09:50:44,726.95,1363272
2021-06-07 09:50:45,727.0,1363278
2021-06-07 09:50:45,726.95,1363280
2021-06-07 09:50:46,727.0,1364364
2021-06-07 09:50:47,727.0,1364893
2021-06-07 09:50:48,727.0,1364893
2021-06-07 09:50:49,726.95,1364898
2021-06-07 09:50:50,726.95,1364912
2021-06-07 09:50:51,727.1,1366093
2021-06-07 09:50:52,726.95,1366197
2021-06-07 09:50:53,727.1,1366198
2021-06-07 09:50:54,727.1,1366468
2021-06-07 09:50:55,727.2,1366516
2021-06-07 09:50:56,727.2,1366755
2021-06-07 09:50:57,727.1,1367165
2021-06-07 09:50:58,727.1,1367330
2021-06-07 09:51:00,727.3,1367453
2021-06-07 09:51:01,727.2,1367676
2021-06-07 09:51:02,727.1,1367677
2021-06-07 09:51:02,727.1,1367694
2021-06-07 09:51:03,727.1,1368099
2021-06-07 09:51:04,727.25,1368144
2021-06-07 09:51:05,727.1,1369145
2021-06-07 09:51:06,727.1,1369259
2021-06-07 09:51:07,727.3,1370069
2021-06-07 09:51:08,726.9,1377975
2021-06-07 09:51:10,727.0,1379180
2021-06-07 09:51:11,726.65,1379194
2021-06-07 09:51:12,727.0,1379214
2021-06-07 09:51:13,727.05,1379424
2021-06-07 09:51:13,726.7,1379525
2021-06-07 09:51:14,727.0,1379676
2021-06-07 09:51:15,726.75,1384662
2021-06-07 09:51:16,726.8,1384668
2021-06-07 09:51:17,726.85,1385645
2021-06-07 09:51:18,726.8,1385688
2021-06-07 09:51:19,726.8,1385688
2021-06-07 09:51:20,726.55,1385700
2021-06-07 09:51:21,726.7,1386603
2021-06-07 09:51:24,726.7,1387322
2021-06-07 09:51:25,726.85,1388520
2021-06-07 09:51:26,726.5,1388561
2021-06-07 09:51:27,726.5,1388564
2021-06-07 09:51:28,726.7,1388607
2021-06-07 09:51:29,726.55,1389110
2021-06-07 09:51:30,726.55,1389131
2021-06-07 09:51:31,726.85,1389135
2021-06-07 09:51:32,726.6,1389187
2021-06-07 09:51:33,726.8,1389247
2021-06-07 09:51:34,726.55,1389447
2021-06-07 09:51:34,726.55,1389452
2021-06-07 09:51:35,726.65,1389453
2021-06-07 09:51:36,726.55,1389455
2021-06-07 09:51:37,726.35,1393588
2021-06-07 09:51:38,726.3,1393660
2021-06-07 09:51:40,726.55,1393673
2021-06-07 09:51:41,726.5,1394473
2021-06-07 09:51:42,726.6,1394478
2021-06-07 09:51:43,726.35,1394480
2021-06-07 09:51:44,726.3,1394580
2021-06-07 09:51:45,726.55,1394645
2021-06-07 09:51:46,726.3,1394685
2021-06-07 09:51:47,726.3,1394768
2021-06-07 09:51:48,726.6,1395025
2021-06-07 09:51:49,726.35,1395032
2021-06-07 09:51:50,726.5,1395052
2021-06-07 09:51:51,726.3,1395178
2021-06-07 09:51:52,726.5,1395180
2021-06-07 09:51:52,726.5,1395180
2021-06-07 09:51:54,726.3,1395413
2021-06-07 09:51:55,726.3,1395413
2021-06-07 09:51:57,725.9,1410004
2021-06-07 09:51:58,725.7,1410329
2021-06-07 09:51:59,726.05,1410490
2021-06-07 09:51:59,726.05,1410525
2021-06-07 09:52:00,726.15,1410707
2021-06-07 09:52:02,726.3,1410862
2021-06-07 09:52:02,725.85,1411849
2021-06-07 09:52:04,725.9,1411876
2021-06-07 09:52:05,725.9,1411887
2021-06-07 09:52:06,726.5,1416397
2021-06-07 09:52:07,726.5,1416531
2021-06-07 09:52:08,726.1,1416598
2021-06-07 09:52:09,725.95,1417126
2021-06-07 09:52:10,725.95,1417126
2021-06-07 09:52:11,726.3,1417298
2021-06-07 09:52:12,726.3,1417298
2021-06-07 09:52:13,725.9,1417598
2021-06-07 09:52:13,725.9,1417598
2021-06-07 09:52:14,726.0,1417917
2021-06-07 09:52:15,726.0,1417917
2021-06-07 09:52:16,726.2,1418268
2021-06-07 09:52:18,725.9,1418350
2021-06-07 09:52:19,726.15,1418354
2021-06-07 09:52:20,726.0,1418471
2021-06-07 09:52:21,726.2,1418492
2021-06-07 09:52:22,726.0,1418542
2021-06-07 09:52:23,726.0,1418572
2021-06-07 09:52:24,726.2,1419328
2021-06-07 09:52:25,726.0,1419331
2021-06-07 09:52:26,726.0,1419689
2021-06-07 09:52:27,726.0,1420221
2021-06-07 09:52:27,726.0,1420221
2021-06-07 09:52:29,726.2,1420416
2021-06-07 09:52:30,726.1,1420720
2021-06-07 09:52:31,726.1,1420958
2021-06-07 09:52:32,726.0,1421718
2021-06-07 09:52:33,726.1,1422490
2021-06-07 09:52:35,725.85,1422791
2021-06-07 09:52:35,726.0,1422982
2021-06-07 09:52:37,726.0,1423037
2021-06-07 09:52:38,726.0,1423302
2021-06-07 09:52:39,725.7,1424823
2021-06-07 09:52:40,725.7,1425050
2021-06-07 09:52:40,725.8,1425080
2021-06-07 09:52:42,725.7,1425457
2021-06-07 09:52:42,725.7,1425563
2021-06-07 09:52:43,726.0,1425623
2021-06-07 09:52:44,725.7,1425636
2021-06-07 09:52:45,725.8,1425938
2021-06-07 09:52:46,725.8,1426073
2021-06-07 09:52:48,725.6,1426470
2021-06-07 09:52:49,725.9,1427546
2021-06-07 09:52:50,725.7,1427880
2021-06-07 09:52:50,725.7,1427880
2021-06-07 09:52:51,725.6,1428051
2021-06-07 09:52:53,725.7,1428182
2021-06-07 09:52:54,725.7,1429224
2021-06-07 09:52:55,725.5,1429834
2021-06-07 09:52:56,725.8,1429936
2021-06-07 09:52:57,725.8,1429936
2021-06-07 09:52:58,725.75,1430589
2021-06-07 09:52:59,725.5,1431130
2021-06-07 09:53:00,725.5,1431363
2021-06-07 09:53:01,725.5,1431368
2021-06-07 09:53:02,725.75,1431480
2021-06-07 09:53:03,725.8,1431644
2021-06-07 09:53:04,725.75,1431721
2021-06-07 09:53:05,725.8,1431921
2021-06-07 09:53:06,725.7,1432121
2021-06-07 09:53:07,726.0,1434153
2021-06-07 09:53:08,726.05,1434363
2021-06-07 09:53:09,725.7,1435983
2021-06-07 09:53:10,726.05,1436087
2021-06-07 09:53:11,725.75,1436098
2021-06-07 09:53:12,725.75,1436298
2021-06-07 09:53:12,725.75,1436298
2021-06-07 09:53:13,725.75,1436298
2021-06-07 09:53:14,725.75,1436299
2021-06-07 09:53:15,725.9,1436507
2021-06-07 09:53:16,726.0,1436513
2021-06-07 09:53:17,726.05,1436735
2021-06-07 09:53:18,726.05,1436783
2021-06-07 09:53:19,726.15,1436833
2021-06-07 09:53:21,726.15,1436919
2021-06-07 09:53:22,726.15,1436919
2021-06-07 09:53:23,726.15,1437247
2021-06-07 09:53:24,726.2,1437305
2021-06-07 09:53:26,726.35,1438048
2021-06-07 09:53:27,726.3,1439126
2021-06-07 09:53:27,726.2,1439134
2021-06-07 09:53:29,726.15,1439365
2021-06-07 09:53:30,726.3,1439451
2021-06-07 09:53:31,725.95,1439552
2021-06-07 09:53:32,726.15,1439557
2021-06-07 09:53:33,726.15,1439689
2021-06-07 09:53:33,726.15,1439689
2021-06-07 09:53:34,726.15,1439821
2021-06-07 09:53:35,726.15,1439821
2021-06-07 09:53:36,726.15,1440021
2021-06-07 09:53:37,726.15,1440021
2021-06-07 09:53:39,725.9,1440312
2021-06-07 09:53:41,726.15,1440912
2021-06-07 09:53:42,726.15,1440972
2021-06-07 09:53:43,726.0,1440982
2021-06-07 09:53:44,726.0,1441032
2021-06-07 09:53:45,726.15,1441037
2021-06-07 09:53:46,726.0,1441127
2021-06-07 09:53:47,726.15,1441208
2021-06-07 09:53:48,726.15,1441243
2021-06-07 09:53:49,726.15,1441243
2021-06-07 09:53:50,726.15,1441283
2021-06-07 09:53:51,726.35,1441486
2021-06-07 09:53:52,726.35,1441486
2021-06-07 09:53:53,726.35,1441490
2021-06-07 09:53:53,726.35,1441490
2021-06-07 09:53:54,726.15,1441547
2021-06-07 09:53:55,726.15,1441815
2021-06-07 09:53:57,726.2,1442379
2021-06-07 09:53:58,726.2,1442385
2021-06-07 09:53:59,726.0,1442544
2021-06-07 09:54:00,726.0,1442597
2021-06-07 09:54:01,726.0,1442600
2021-06-07 09:54:02,726.3,1442778
2021-06-07 09:54:03,726.1,1442780
2021-06-07 09:54:04,726.1,1442833
2021-06-07 09:54:05,726.1,1442883
2021-06-07 09:54:06,726.35,1442893
2021-06-07 09:54:07,726.2,1443504
2021-06-07 09:54:08,726.1,1443524
2021-06-07 09:54:09,726.1,1443525
2021-06-07 09:54:12,726.1,1443766
2021-06-07 09:54:13,726.1,1443834
2021-06-07 09:54:14,726.1,1444224
2021-06-07 09:54:16,726.2,1444752
2021-06-07 09:54:17,725.2,1460551
2021-06-07 09:54:18,725.55,1460851
2021-06-07 09:54:19,725.55,1460881
2021-06-07 09:54:20,725.55,1460931
2021-06-07 09:54:21,725.5,1462146
2021-06-07 09:54:22,725.2,1462167
2021-06-07 09:54:23,725.2,1462508
2021-06-07 09:54:24,725.2,1462513
2021-06-07 09:54:25,725.2,1462596
2021-06-07 09:54:26,725.5,1462610
2021-06-07 09:54:27,725.35,1463100
2021-06-07 09:54:28,725.4,1463125
2021-06-07 09:54:29,725.5,1463258
2021-06-07 09:54:30,725.35,1463359
2021-06-07 09:54:31,725.75,1464924
2021-06-07 09:54:32,725.75,1464924
2021-06-07 09:54:33,726.0,1464989
2021-06-07 09:54:34,726.0,1465019
2021-06-07 09:54:35,725.7,1465803
2021-06-07 09:54:36,726.0,1465895
2021-06-07 09:54:37,726.2,1469396
2021-06-07 09:54:38,726.2,1469396
2021-06-07 09:54:39,725.7,1469646
2021-06-07 09:54:40,725.7,1469646
2021-06-07 09:54:41,725.8,1469647
2021-06-07 09:54:42,725.95,1469807
2021-06-07 09:54:43,725.95,1469807
2021-06-07 09:54:44,725.7,1469816
2021-06-07 09:54:45,725.9,1470317
2021-06-07 09:54:46,725.85,1470417
2021-06-07 09:54:47,725.7,1470908
2021-06-07 09:54:48,725.5,1470983
2021-06-07 09:54:49,725.65,1470993
2021-06-07 09:54:50,725.65,1470993
2021-06-07 09:54:51,725.5,1470998
2021-06-07 09:54:52,725.75,1471673
2021-06-07 09:54:53,726.1,1481271
2021-06-07 09:54:54,726.2,1481697
2021-06-07 09:54:55,725.8,1481702
2021-06-07 09:54:56,725.8,1481791
2021-06-07 09:54:57,725.85,1484125
2021-06-07 09:54:58,726.2,1484175
2021-06-07 09:54:59,726.0,1484196
2021-06-07 09:55:00,726.0,1484221
2021-06-07 09:55:01,725.85,1484421
2021-06-07 09:55:02,726.15,1484497
2021-06-07 09:55:03,726.0,1484506
2021-06-07 09:55:04,726.0,1484589
2021-06-07 09:55:05,726.0,1484593
2021-06-07 09:55:06,726.0,1484648
2021-06-07 09:55:07,726.0,1484982
2021-06-07 09:55:08,726.0,1485054
2021-06-07 09:55:09,726.0,1485054
2021-06-07 09:55:10,726.0,1485079
2021-06-07 09:55:11,726.0,1485169
2021-06-07 09:55:12,726.0,1485169
2021-06-07 09:55:13,726.0,1485211
2021-06-07 09:55:14,726.0,1485268
2021-06-07 09:55:15,726.2,1485274
2021-06-07 09:55:16,726.0,1485325
2021-06-07 09:55:17,726.0,1485418
2021-06-07 09:55:19,726.05,1485531
2021-06-07 09:55:20,726.05,1485633
2021-06-07 09:55:21,726.2,1485833
2021-06-07 09:55:22,726.2,1485833
2021-06-07 09:55:23,726.2,1485833
2021-06-07 09:55:24,726.2,1485833
2021-06-07 09:55:25,726.2,1485833
2021-06-07 09:55:26,726.05,1485882
2021-06-07 09:55:27,726.05,1485883
2021-06-07 09:55:28,726.05,1485931
2021-06-07 09:55:30,726.15,1485949
2021-06-07 09:55:31,726.15,1485949
2021-06-07 09:55:32,726.1,1487626
2021-06-07 09:55:33,726.1,1487721
2021-06-07 09:55:34,726.1,1487721
2021-06-07 09:55:35,726.15,1487723
2021-06-07 09:55:36,726.1,1488747
2021-06-07 09:55:37,726.3,1488855
2021-06-07 09:55:38,726.3,1488869
2021-06-07 09:55:39,726.3,1488869
2021-06-07 09:55:40,726.3,1488941
2021-06-07 09:55:41,726.15,1489745
2021-06-07 09:55:42,726.15,1489745
2021-06-07 09:55:43,726.15,1490445
2021-06-07 09:55:44,726.15,1490445
2021-06-07 09:55:45,726.2,1490486
2021-06-07 09:55:46,726.15,1490588
2021-06-07 09:55:47,726.15,1490868
2021-06-07 09:55:48,726.15,1491008
2021-06-07 09:55:49,726.45,1491508
2021-06-07 09:55:50,726.15,1493181
2021-06-07 09:55:51,726.45,1493199
2021-06-07 09:55:52,726.25,1493249
2021-06-07 09:55:53,726.45,1493263
2021-06-07 09:55:54,726.3,1493285
2021-06-07 09:55:55,726.45,1493393
2021-06-07 09:55:56,726.6,1494129
2021-06-07 09:55:57,726.3,1494130
2021-06-07 09:55:58,726.5,1494141
2021-06-07 09:55:59,726.5,1494147
2021-06-07 09:56:00,726.55,1494157
2021-06-07 09:56:01,726.55,1494157
2021-06-07 09:56:02,726.5,1494160
2021-06-07 09:56:03,726.5,1494160
2021-06-07 09:56:04,726.5,1494165
2021-06-07 09:56:05,726.7,1494420
2021-06-07 09:56:06,726.4,1494548
2021-06-07 09:56:07,726.65,1495376
2021-06-07 09:56:08,726.65,1495376
2021-06-07 09:56:09,726.55,1495398
2021-06-07 09:56:10,726.6,1495567
2021-06-07 09:56:11,726.6,1495569
2021-06-07 09:56:12,726.55,1495585
2021-06-07 09:56:14,726.55,1495951
2021-06-07 09:56:15,726.6,1495999
2021-06-07 09:56:16,726.6,1496051
2021-06-07 09:56:17,726.6,1496527
2021-06-07 09:56:18,725.85,1504231
2021-06-07 09:56:19,725.95,1504398
2021-06-07 09:56:20,726.0,1504776
2021-06-07 09:56:21,726.0,1504840
2021-06-07 09:56:22,726.1,1505458
2021-06-07 09:56:23,725.95,1506925
2021-06-07 09:56:24,725.6,1506975
2021-06-07 09:56:25,725.75,1506976
2021-06-07 09:56:26,725.95,1507336
2021-06-07 09:56:28,725.95,1507336
2021-06-07 09:56:28,726.15,1508704
2021-06-07 09:56:29,726.1,1508734
2021-06-07 09:56:30,726.1,1508734
2021-06-07 09:56:32,726.1,1508734
2021-06-07 09:56:33,726.1,1508734
2021-06-07 09:56:33,726.05,1508737
2021-06-07 09:56:34,726.15,1508807
2021-06-07 09:56:35,726.0,1508977
2021-06-07 09:56:36,726.0,1508977
2021-06-07 09:56:37,726.3,1510287
2021-06-07 09:56:38,725.85,1510717
2021-06-07 09:56:39,725.85,1510720
2021-06-07 09:56:40,726.05,1510920
2021-06-07 09:56:41,725.8,1511818
2021-06-07 09:56:42,726.05,1511827
2021-06-07 09:56:43,726.05,1511827
2021-06-07 09:56:44,726.0,1511828
2021-06-07 09:56:45,725.8,1511885
2021-06-07 09:56:46,725.75,1512155
2021-06-07 09:56:47,726.0,1512314
2021-06-07 09:56:49,726.1,1514172
2021-06-07 09:56:50,726.1,1514172
2021-06-07 09:56:51,726.1,1514172
2021-06-07 09:56:52,726.35,1516051
2021-06-07 09:56:53,726.2,1516397
2021-06-07 09:56:54,726.2,1516432
2021-06-07 09:56:55,726.4,1516442
2021-06-07 09:56:56,726.2,1516443
2021-06-07 09:56:57,726.2,1516458
2021-06-07 09:56:58,726.45,1516484
2021-06-07 09:56:59,726.2,1516499
2021-06-07 09:57:00,726.2,1516564
2021-06-07 09:57:01,726.2,1516564
2021-06-07 09:57:02,726.25,1516576
2021-06-07 09:57:03,726.25,1516626
2021-06-07 09:57:04,726.5,1516916
2021-06-07 09:57:05,726.25,1517036
2021-06-07 09:57:06,726.6,1517049
2021-06-07 09:57:07,726.25,1517471
2021-06-07 09:57:08,726.25,1517486
2021-06-07 09:57:09,726.25,1517486
2021-06-07 09:57:11,726.6,1517487
2021-06-07 09:57:12,726.3,1517492
2021-06-07 09:57:12,726.3,1517492
2021-06-07 09:57:13,726.25,1517993
2021-06-07 09:57:14,726.6,1518103
2021-06-07 09:57:15,726.6,1518105
2021-06-07 09:57:16,726.3,1518208
2021-06-07 09:57:17,726.3,1518435
2021-06-07 09:57:18,726.3,1518442
2021-06-07 09:57:19,726.5,1518467
2021-06-07 09:57:20,726.55,1518667
2021-06-07 09:57:21,726.3,1518670
2021-06-07 09:57:22,726.6,1519207
2021-06-07 09:57:23,726.6,1519671
2021-06-07 09:57:24,726.65,1519676
2021-06-07 09:57:25,726.3,1519809
2021-06-07 09:57:26,726.3,1519876
2021-06-07 09:57:27,726.6,1519964
2021-06-07 09:57:28,726.55,1520214
2021-06-07 09:57:29,726.55,1520314
2021-06-07 09:57:30,726.65,1520663
2021-06-07 09:57:31,726.65,1520725
2021-06-07 09:57:32,726.65,1520755
2021-06-07 09:57:34,726.55,1521818
2021-06-07 09:57:35,726.55,1522130
2021-06-07 09:57:36,726.6,1522430
2021-06-07 09:57:37,726.55,1522503
2021-06-07 09:57:38,726.55,1522503
2021-06-07 09:57:39,726.6,1522509
2021-06-07 09:57:40,726.6,1522509
2021-06-07 09:57:41,726.55,1522511
2021-06-07 09:57:42,726.65,1522681
2021-06-07 09:57:43,726.65,1522681
2021-06-07 09:57:44,726.55,1522751
2021-06-07 09:57:45,726.25,1524017
2021-06-07 09:57:46,726.35,1524108
2021-06-07 09:57:47,726.35,1524133
2021-06-07 09:57:48,726.35,1524133
2021-06-07 09:57:49,726.35,1524133
2021-06-07 09:57:50,726.15,1524152
2021-06-07 09:57:51,726.4,1524933
2021-06-07 09:57:53,726.2,1525158
2021-06-07 09:57:53,726.2,1525158
2021-06-07 09:57:54,726.4,1525308
2021-06-07 09:57:55,726.2,1525323
2021-06-07 09:57:56,726.45,1525623
2021-06-07 09:57:57,726.45,1525623
2021-06-07 09:57:58,726.45,1525705
2021-06-07 09:57:59,726.45,1525730
2021-06-07 09:58:00,726.45,1525733
2021-06-07 09:58:01,726.45,1525733
2021-06-07 09:58:02,726.45,1525783
2021-06-07 09:58:03,726.45,1525823
2021-06-07 09:58:04,726.45,1525823
2021-06-07 09:58:06,726.45,1525940
2021-06-07 09:58:06,726.45,1525940
2021-06-07 09:58:07,726.35,1525941
2021-06-07 09:58:08,726.35,1525951
2021-06-07 09:58:09,726.45,1525966
2021-06-07 09:58:10,726.45,1525966
2021-06-07 09:58:11,726.45,1525966
2021-06-07 09:58:12,726.5,1526294
2021-06-07 09:58:13,726.35,1526296
2021-06-07 09:58:14,726.35,1526466
2021-06-07 09:58:15,726.35,1526466
2021-06-07 09:58:16,726.35,1526466
2021-06-07 09:58:17,726.45,1526489
2021-06-07 09:58:18,726.45,1526593
2021-06-07 09:58:19,726.45,1526595
2021-06-07 09:58:20,726.5,1526624
2021-06-07 09:58:21,726.5,1526839
2021-06-07 09:58:22,726.45,1527164
2021-06-07 09:58:24,726.5,1527184
2021-06-07 09:58:24,726.6,1527189
2021-06-07 09:58:25,726.6,1527206
2021-06-07 09:58:26,726.5,1527338
2021-06-07 09:58:27,726.5,1527338
2021-06-07 09:58:28,726.7,1527438
2021-06-07 09:58:29,726.7,1527438
2021-06-07 09:58:30,726.7,1527438
2021-06-07 09:58:31,726.45,1528625
2021-06-07 09:58:32,726.5,1528636
2021-06-07 09:58:34,726.5,1528841
2021-06-07 09:58:35,726.5,1528879
2021-06-07 09:58:36,726.5,1529343
2021-06-07 09:58:37,726.5,1529753
2021-06-07 09:58:38,726.45,1530161
2021-06-07 09:58:39,726.5,1530163
2021-06-07 09:58:39,726.5,1530163
2021-06-07 09:58:40,726.45,1530164
2021-06-07 09:58:41,726.45,1530166
2021-06-07 09:58:42,726.45,1530216
2021-06-07 09:58:43,726.45,1530216
2021-06-07 09:58:44,726.45,1530296
2021-06-07 09:58:45,726.35,1530320
2021-06-07 09:58:46,726.5,1530325
2021-06-07 09:58:47,726.35,1530492
2021-06-07 09:58:48,726.5,1530659
2021-06-07 09:58:49,726.35,1530883
2021-06-07 09:58:50,726.35,1530885
2021-06-07 09:58:51,726.5,1530935
2021-06-07 09:58:52,726.5,1531035
2021-06-07 09:58:54,726.45,1531060
2021-06-07 09:58:55,726.5,1531065
2021-06-07 09:58:56,726.5,1531065
2021-06-07 09:58:57,726.05,1540819
2021-06-07 09:58:58,726.3,1541028
2021-06-07 09:58:58,726.3,1541031
2021-06-07 09:58:59,726.05,1541631
2021-06-07 09:59:00,726.05,1541633
2021-06-07 09:59:02,726.05,1541644
2021-06-07 09:59:03,726.05,1541644
2021-06-07 09:59:04,726.35,1541759
2021-06-07 09:59:04,726.35,1541759
2021-06-07 09:59:05,726.35,1541759
2021-06-07 09:59:07,726.05,1541794
2021-06-07 09:59:08,726.3,1541819
2021-06-07 09:59:09,726.05,1541849
2021-06-07 09:59:10,725.7,1547690
2021-06-07 09:59:11,725.6,1547755
2021-06-07 09:59:12,725.75,1547758
2021-06-07 09:59:14,725.6,1547765
2021-06-07 09:59:15,725.75,1547772
2021-06-07 09:59:16,725.7,1548532
2021-06-07 09:59:17,725.5,1548737
2021-06-07 09:59:17,725.5,1548737
2021-06-07 09:59:18,725.5,1549187
2021-06-07 09:59:19,725.7,1549258
2021-06-07 09:59:20,725.25,1554696
2021-06-07 09:59:21,725.25,1554696
2021-06-07 09:59:22,725.2,1554988
2021-06-07 09:59:24,725.2,1555078
2021-06-07 09:59:25,725.2,1555090
2021-06-07 09:59:26,725.2,1555430
2021-06-07 09:59:26,725.2,1555430
2021-06-07 09:59:27,725.2,1555434
2021-06-07 09:59:28,725.15,1555953
2021-06-07 09:59:29,725.15,1555953
2021-06-07 09:59:30,725.3,1556232
2021-06-07 09:59:31,725.15,1556287
2021-06-07 09:59:32,725.2,1556707
2021-06-07 09:59:33,725.45,1556784
2021-06-07 09:59:35,725.15,1556924
2021-06-07 09:59:35,725.3,1557327
2021-06-07 09:59:36,725.2,1557442
2021-06-07 09:59:37,725.2,1557535
2021-06-07 09:59:38,725.15,1557724
2021-06-07 09:59:39,725.15,1557927
2021-06-07 09:59:40,725.15,1557927
2021-06-07 09:59:41,725.15,1557948
2021-06-07 09:59:42,725.15,1557948
2021-06-07 09:59:43,725.2,1558459
2021-06-07 09:59:44,725.15,1558755
2021-06-07 09:59:45,725.15,1558755
2021-06-07 09:59:47,725.2,1558757
2021-06-07 09:59:47,725.45,1558858
2021-06-07 09:59:49,725.45,1558858
2021-06-07 09:59:50,725.2,1558861
2021-06-07 09:59:51,725.45,1558886
2021-06-07 09:59:52,725.45,1558958
2021-06-07 09:59:53,725.45,1559072
2021-06-07 09:59:54,725.45,1559372
2021-06-07 09:59:54,725.45,1559372
2021-06-07 09:59:55,725.35,1559376
2021-06-07 09:59:56,725.2,1559386
2021-06-07 09:59:58,725.15,1564242
2021-06-07 09:59:59,724.85,1583952
2021-06-07 10:00:00,724.6,1584543
2021-06-07 10:00:01,725.0,1585044
2021-06-07 10:00:02,724.6,1585067
2021-06-07 10:00:04,724.95,1585978
2021-06-07 10:00:05,724.5,1586095
2021-06-07 10:00:05,724.5,1586137
2021-06-07 10:00:06,724.5,1586441
2021-06-07 10:00:07,724.5,1586456
2021-06-07 10:00:08,724.6,1587524
2021-06-07 10:00:09,724.7,1589481
2021-06-07 10:00:10,724.75,1589567
2021-06-07 10:00:11,725.0,1589653
2021-06-07 10:00:13,724.7,1590250
2021-06-07 10:00:14,724.7,1590250
2021-06-07 10:00:15,724.7,1590411
2021-06-07 10:00:16,724.65,1590648
2021-06-07 10:00:16,725.0,1591148
2021-06-07 10:00:17,725.0,1591288
2021-06-07 10:00:18,724.95,1591298
2021-06-07 10:00:19,724.7,1591365
2021-06-07 10:00:20,724.9,1591459
2021-06-07 10:00:21,724.95,1591609
2021-06-07 10:00:22,724.95,1591747
2021-06-07 10:00:23,724.6,1592160
2021-06-07 10:00:25,724.95,1592302
2021-06-07 10:00:26,724.55,1592503
2021-06-07 10:00:27,724.85,1592517
2021-06-07 10:00:30,724.6,1596796
2021-06-07 10:00:31,724.3,1596870
2021-06-07 10:00:32,724.6,1596926
2021-06-07 10:00:32,724.6,1596927
2021-06-07 10:00:33,724.3,1596960
2021-06-07 10:00:34,724.2,1597690
2021-06-07 10:00:35,724.35,1597839
2021-06-07 10:00:36,724.25,1598915
2021-06-07 10:00:37,724.5,1598924
2021-06-07 10:00:38,724.4,1598946
2021-06-07 10:00:39,724.4,1599031
2021-06-07 10:00:41,724.4,1599032
2021-06-07 10:00:43,724.4,1599755
2021-06-07 10:00:44,724.4,1599761
2021-06-07 10:00:45,724.4,1599803
2021-06-07 10:00:46,724.4,1599843
2021-06-07 10:00:47,724.25,1600358
2021-06-07 10:00:48,724.25,1600358
2021-06-07 10:00:49,724.35,1601619
2021-06-07 10:00:50,724.3,1601709
2021-06-07 10:00:51,724.3,1601820
2021-06-07 10:00:52,724.3,1603046
2021-06-07 10:00:53,724.2,1603819
2021-06-07 10:00:53,724.4,1603869
2021-06-07 10:00:54,724.4,1603904
2021-06-07 10:00:55,724.25,1604139
2021-06-07 10:00:56,724.4,1604246
2021-06-07 10:00:57,724.25,1604676
2021-06-07 10:01:00,724.35,1604779
2021-06-07 10:01:01,724.3,1606336
2021-06-07 10:01:01,724.3,1606336
2021-06-07 10:01:02,724.3,1606399
2021-06-07 10:01:03,724.25,1607552
2021-06-07 10:01:04,724.4,1607717
2021-06-07 10:01:05,724.4,1608477
2021-06-07 10:01:06,724.2,1608489
2021-06-07 10:01:07,724.2,1608560
2021-06-07 10:01:08,724.2,1608572
2021-06-07 10:01:09,724.2,1608823
2021-06-07 10:01:10,724.2,1608904
2021-06-07 10:01:12,724.2,1609005
2021-06-07 10:01:13,724.4,1609040
2021-06-07 10:01:14,724.1,1611041
2021-06-07 10:01:14,724.3,1611141
2021-06-07 10:01:15,724.3,1611171
2021-06-07 10:01:16,724.35,1611771
2021-06-07 10:01:18,724.35,1611772
2021-06-07 10:01:19,724.1,1611842
2021-06-07 10:01:21,724.35,1612360
2021-06-07 10:01:22,724.2,1612600
2021-06-07 10:01:22,724.2,1612600
2021-06-07 10:01:23,724.5,1612896
2021-06-07 10:01:24,724.5,1613110
2021-06-07 10:01:25,724.5,1613116
2021-06-07 10:01:27,724.5,1613166
2021-06-07 10:01:28,724.45,1613171
2021-06-07 10:01:29,724.3,1613282
2021-06-07 10:01:30,724.45,1613304
2021-06-07 10:01:30,724.45,1613304
2021-06-07 10:01:31,724.25,1613331
2021-06-07 10:01:32,724.45,1614601
2021-06-07 10:01:33,724.5,1614777
2021-06-07 10:01:34,724.5,1614777
2021-06-07 10:01:35,724.45,1614833
2021-06-07 10:01:36,724.45,1614876
2021-06-07 10:01:37,724.45,1614876
2021-06-07 10:01:38,724.45,1615476
2021-06-07 10:01:39,724.65,1616177
2021-06-07 10:01:41,724.5,1616287
2021-06-07 10:01:43,724.7,1616345
2021-06-07 10:01:44,724.6,1616346
2021-06-07 10:01:45,724.6,1616346
2021-06-07 10:01:46,724.8,1619409
2021-06-07 10:01:47,724.95,1619889
2021-06-07 10:01:48,724.6,1619989
2021-06-07 10:01:49,724.95,1620024
2021-06-07 10:01:50,724.7,1621399
2021-06-07 10:01:51,724.7,1621430
2021-06-07 10:01:52,724.9,1621780
2021-06-07 10:01:52,724.9,1621780
2021-06-07 10:01:53,724.6,1622223
2021-06-07 10:01:54,724.7,1622224
2021-06-07 10:01:56,724.7,1622259
2021-06-07 10:01:57,724.75,1622409
2021-06-07 10:01:58,724.75,1622409
2021-06-07 10:01:59,724.75,1622552
2021-06-07 10:02:00,724.2,1627849
2021-06-07 10:02:00,724.15,1627869
2021-06-07 10:02:02,724.55,1629383
2021-06-07 10:02:03,724.45,1629634
2021-06-07 10:02:04,724.45,1629654
2021-06-07 10:02:05,724.45,1630313
2021-06-07 10:02:06,724.2,1630437
2021-06-07 10:02:07,724.2,1630647
2021-06-07 10:02:08,724.45,1630984
2021-06-07 10:02:09,724.45,1631282
2021-06-07 10:02:10,724.45,1631657
2021-06-07 10:02:10,724.4,1631662
2021-06-07 10:02:11,724.2,1632810
2021-06-07 10:02:13,724.45,1632864
2021-06-07 10:02:14,724.45,1632977
2021-06-07 10:02:15,724.2,1633058
2021-06-07 10:02:16,723.7,1680097
2021-06-07 10:02:17,723.65,1680109
2021-06-07 10:02:18,723.65,1680185
2021-06-07 10:02:19,723.35,1680560
2021-06-07 10:02:19,723.35,1680560
2021-06-07 10:02:20,723.85,1681369
2021-06-07 10:02:22,723.8,1681389
2021-06-07 10:02:23,723.5,1681449
2021-06-07 10:02:24,723.8,1681686
2021-06-07 10:02:24,723.8,1681686
2021-06-07 10:02:25,724.05,1684153
2021-06-07 10:02:27,723.85,1684321
2021-06-07 10:02:28,723.75,1687302
2021-06-07 10:02:29,723.7,1687382
2021-06-07 10:02:31,723.8,1687414
2021-06-07 10:02:32,724.0,1687589
2021-06-07 10:02:33,724.0,1687664
2021-06-07 10:02:34,723.85,1687943
2021-06-07 10:02:35,723.7,1687962
2021-06-07 10:02:36,723.55,1688612
2021-06-07 10:02:36,723.55,1688612
2021-06-07 10:02:38,723.95,1688962
2021-06-07 10:02:39,723.8,1689049
2021-06-07 10:02:40,723.65,1689344
2021-06-07 10:02:41,724.0,1689567
2021-06-07 10:02:42,723.7,1689672
2021-06-07 10:02:43,724.0,1689772
2021-06-07 10:02:44,724.0,1689772
2021-06-07 10:02:44,724.0,1689772
2021-06-07 10:02:45,723.7,1689802
2021-06-07 10:02:46,723.85,1689839
2021-06-07 10:02:47,724.0,1689967
2021-06-07 10:02:49,723.8,1690073
2021-06-07 10:02:50,723.8,1690073
2021-06-07 10:02:51,723.8,1690073
2021-06-07 10:02:52,723.9,1690124
2021-06-07 10:02:53,723.85,1690128
2021-06-07 10:02:54,723.9,1690141
2021-06-07 10:02:55,723.85,1690232
2021-06-07 10:02:55,723.85,1690232
2021-06-07 10:02:57,723.9,1690262
2021-06-07 10:02:58,724.0,1690472
2021-06-07 10:02:59,724.0,1690542
2021-06-07 10:03:00,723.85,1691357
2021-06-07 10:03:01,723.85,1691880
2021-06-07 10:03:02,723.85,1691880
2021-06-07 10:03:03,723.85,1691880
2021-06-07 10:03:04,723.9,1691915
2021-06-07 10:03:05,723.9,1693454
2021-06-07 10:03:06,723.9,1693454
2021-06-07 10:03:07,723.7,1693608
2021-06-07 10:03:08,724.0,1694874
2021-06-07 10:03:09,724.05,1698519
2021-06-07 10:03:10,724.2,1698628
2021-06-07 10:03:11,724.05,1698896
2021-06-07 10:03:11,724.0,1699592
2021-06-07 10:03:12,724.0,1699758
2021-06-07 10:03:14,724.0,1699995
2021-06-07 10:03:15,723.7,1700181
2021-06-07 10:03:16,723.7,1700338
2021-06-07 10:03:17,723.75,1701339
2021-06-07 10:03:18,724.05,1701820
2021-06-07 10:03:19,724.05,1701858
2021-06-07 10:03:20,724.35,1702230
2021-06-07 10:03:21,724.05,1702235
2021-06-07 10:03:22,724.45,1702248
2021-06-07 10:03:25,724.3,1702392
2021-06-07 10:03:26,724.45,1702542
2021-06-07 10:03:27,724.3,1702543
2021-06-07 10:03:28,724.45,1702569
2021-06-07 10:03:29,724.3,1702830
2021-06-07 10:03:30,724.3,1705438
2021-06-07 10:03:31,724.3,1705491
2021-06-07 10:03:32,724.1,1705596
2021-06-07 10:03:33,724.1,1705643
2021-06-07 10:03:34,724.1,1705644
2021-06-07 10:03:35,724.4,1705817
2021-06-07 10:03:35,724.1,1706136
2021-06-07 10:03:37,724.0,1706195
2021-06-07 10:03:38,724.25,1707051
2021-06-07 10:03:39,724.25,1707062
2021-06-07 10:03:40,724.0,1707070
2021-06-07 10:03:41,724.0,1707072
2021-06-07 10:03:42,724.1,1707133
2021-06-07 10:03:43,724.25,1707169
2021-06-07 10:03:44,724.25,1707195
2021-06-07 10:03:44,724.3,1707200
2021-06-07 10:03:46,724.1,1707208
2021-06-07 10:03:47,724.35,1707303
2021-06-07 10:03:48,724.1,1707313
2021-06-07 10:03:49,724.35,1707504
2021-06-07 10:03:50,724.25,1707745
2021-06-07 10:03:51,724.1,1707945
2021-06-07 10:03:51,724.1,1707945
2021-06-07 10:03:53,724.1,1708147
2021-06-07 10:03:54,724.1,1708163
2021-06-07 10:03:55,724.1,1708164
2021-06-07 10:03:56,724.1,1708175
2021-06-07 10:03:57,724.1,1708181
2021-06-07 10:03:58,724.1,1708182
2021-06-07 10:03:59,724.1,1708338
2021-06-07 10:04:00,723.85,1711084
2021-06-07 10:04:01,724.0,1711586
2021-06-07 10:04:01,724.0,1711786
2021-06-07 10:04:02,724.05,1711811
2021-06-07 10:04:03,724.05,1711923
2021-06-07 10:04:04,724.0,1712169
2021-06-07 10:04:05,723.75,1712289
2021-06-07 10:04:06,723.75,1712293
2021-06-07 10:04:08,723.8,1712295
2021-06-07 10:04:09,723.75,1712419
2021-06-07 10:04:10,723.75,1712547
2021-06-07 10:04:11,723.75,1712751
2021-06-07 10:04:12,724.0,1712986
2021-06-07 10:04:13,723.95,1712991
2021-06-07 10:04:14,723.8,1713171
2021-06-07 10:04:15,723.95,1713207
2021-06-07 10:04:16,723.9,1713217
2021-06-07 10:04:16,723.9,1713217
2021-06-07 10:04:17,723.8,1713219
2021-06-07 10:04:18,723.9,1713424
2021-06-07 10:04:19,723.9,1713424
2021-06-07 10:04:21,723.9,1713481
2021-06-07 10:04:22,723.9,1713865
2021-06-07 10:04:23,723.9,1713865
2021-06-07 10:04:24,723.9,1714241
2021-06-07 10:04:25,723.85,1714795
2021-06-07 10:04:26,723.85,1714795
2021-06-07 10:04:27,723.85,1715065
2021-06-07 10:04:28,723.5,1717596
2021-06-07 10:04:28,723.85,1717621
2021-06-07 10:04:30,723.9,1717958
2021-06-07 10:04:31,723.9,1717958
2021-06-07 10:04:32,724.0,1718071
2021-06-07 10:04:33,724.0,1718072
2021-06-07 10:04:34,724.0,1718127
2021-06-07 10:04:35,724.0,1718195
2021-06-07 10:04:36,724.0,1718196
2021-06-07 10:04:37,724.0,1718304
2021-06-07 10:04:38,724.0,1718501
2021-06-07 10:04:38,724.0,1718501
2021-06-07 10:04:39,723.9,1718559
2021-06-07 10:04:40,723.9,1718560
2021-06-07 10:04:42,723.9,1718560
2021-06-07 10:04:43,724.0,1718610
2021-06-07 10:04:44,723.9,1718611
2021-06-07 10:04:45,724.0,1718621
2021-06-07 10:04:46,724.0,1718801
2021-06-07 10:04:47,724.0,1718851
2021-06-07 10:04:48,724.0,1718851
2021-06-07 10:04:49,724.0,1719206
2021-06-07 10:04:50,724.0,1720313
2021-06-07 10:04:51,724.0,1720481
2021-06-07 10:04:52,724.0,1720943
2021-06-07 10:04:53,723.85,1721147
2021-06-07 10:04:54,724.1,1721592
2021-06-07 10:04:55,724.1,1721626
2021-06-07 10:04:56,724.1,1721626
2021-06-07 10:04:57,723.9,1721744
2021-06-07 10:04:58,724.0,1721771
2021-06-07 10:04:59,724.0,1721816
2021-06-07 10:05:00,724.0,1721899
2021-06-07 10:05:01,724.0,1721937
2021-06-07 10:05:02,724.0,1722210
2021-06-07 10:05:03,723.9,1722305
2021-06-07 10:05:04,723.9,1722353
2021-06-07 10:05:05,723.95,1723583
2021-06-07 10:05:06,723.95,1723583
2021-06-07 10:05:07,723.9,1723588
2021-06-07 10:05:08,723.85,1723658
2021-06-07 10:05:09,723.95,1723839
2021-06-07 10:05:10,723.9,1723939
2021-06-07 10:05:11,723.95,1724198
2021-06-07 10:05:12,723.95,1724199
2021-06-07 10:05:13,723.95,1724199
2021-06-07 10:05:14,723.95,1724211
2021-06-07 10:05:15,724.0,1724972
2021-06-07 10:05:16,724.0,1724972
2021-06-07 10:05:17,724.0,1725082
2021-06-07 10:05:18,724.0,1725092
2021-06-07 10:05:19,723.95,1725152
2021-06-07 10:05:20,724.0,1725227
2021-06-07 10:05:21,724.0,1725227
2021-06-07 10:05:22,723.95,1725677
2021-06-07 10:05:23,723.95,1725677
2021-06-07 10:05:24,724.0,1726419
2021-06-07 10:05:25,724.0,1726419
2021-06-07 10:05:26,723.9,1726520
2021-06-07 10:05:27,723.85,1727386
2021-06-07 10:05:28,724.0,1727523
2021-06-07 10:05:29,723.85,1727563
2021-06-07 10:05:30,723.85,1727839
2021-06-07 10:05:31,723.95,1727863
2021-06-07 10:05:32,723.9,1728028
2021-06-07 10:05:33,723.9,1728605
2021-06-07 10:05:34,723.8,1728925
2021-06-07 10:05:35,723.95,1729316
2021-06-07 10:05:36,724.0,1731316
2021-06-07 10:05:37,724.0,1731316
2021-06-07 10:05:38,724.0,1731316
2021-06-07 10:05:40,723.95,1731668
2021-06-07 10:05:39,724.05,1731667
2021-06-07 10:05:41,724.05,1731793
2021-06-07 10:05:42,724.05,1732499
2021-06-07 10:05:43,724.1,1732529
2021-06-07 10:05:44,724.0,1732634
2021-06-07 10:05:45,724.0,1733024
2021-06-07 10:05:46,724.0,1733297
2021-06-07 10:05:47,724.15,1733374
2021-06-07 10:05:48,724.25,1734464
2021-06-07 10:05:49,724.25,1734464
2021-06-07 10:05:50,724.3,1734534
2021-06-07 10:05:51,724.05,1736634
2021-06-07 10:05:52,724.05,1736684
2021-06-07 10:05:53,724.15,1736695
2021-06-07 10:05:54,724.15,1736695
2021-06-07 10:05:55,724.15,1736898
2021-06-07 10:05:56,724.15,1736905
2021-06-07 10:05:57,724.15,1737084
2021-06-07 10:05:58,724.15,1737096
2021-06-07 10:05:59,724.15,1737096
2021-06-07 10:06:01,724.3,1737199
2021-06-07 10:06:00,724.3,1737199
2021-06-07 10:06:02,724.15,1737314
2021-06-07 10:06:03,723.4,1747289
2021-06-07 10:06:04,723.55,1748404
2021-06-07 10:06:05,723.5,1748405
2021-06-07 10:06:06,723.4,1750499
2021-06-07 10:06:07,723.45,1750756
2021-06-07 10:06:08,723.45,1751004
2021-06-07 10:06:09,723.45,1751107
2021-06-07 10:06:10,723.0,1759802
2021-06-07 10:06:11,722.95,1763952
2021-06-07 10:06:12,723.3,1764210
2021-06-07 10:06:13,722.95,1764218
2021-06-07 10:06:14,723.35,1764229
2021-06-07 10:06:15,723.05,1765282
2021-06-07 10:06:16,722.95,1769584
2021-06-07 10:06:17,723.0,1770693
2021-06-07 10:06:18,722.95,1771268
2021-06-07 10:06:19,722.85,1772763
2021-06-07 10:06:21,723.2,1775573
2021-06-07 10:06:22,723.0,1776840
2021-06-07 10:06:23,723.3,1777069
2021-06-07 10:06:24,723.3,1777214
2021-06-07 10:06:25,723.0,1777531
2021-06-07 10:06:26,723.5,1781315
2021-06-07 10:06:27,723.1,1781393
2021-06-07 10:06:28,723.0,1782399
2021-06-07 10:06:29,723.35,1784441
2021-06-07 10:06:30,723.25,1784665
2021-06-07 10:06:31,723.15,1784678
2021-06-07 10:06:32,723.35,1784979
2021-06-07 10:06:33,723.3,1785112
2021-06-07 10:06:34,723.3,1785112
2021-06-07 10:06:35,723.2,1786162
2021-06-07 10:06:36,723.3,1786268
2021-06-07 10:06:37,723.0,1786718
2021-06-07 10:06:38,722.8,1789129
2021-06-07 10:06:39,723.0,1790194
2021-06-07 10:06:40,723.0,1790194
2021-06-07 10:06:41,723.25,1790361
2021-06-07 10:06:42,722.95,1790804
2021-06-07 10:06:43,723.0,1790951
2021-06-07 10:06:44,722.85,1791338
2021-06-07 10:06:45,722.8,1791439
2021-06-07 10:06:46,723.15,1791449
2021-06-07 10:06:47,723.25,1792026
2021-06-07 10:06:48,723.0,1792351
2021-06-07 10:06:49,723.0,1792351
2021-06-07 10:06:51,723.2,1792405
2021-06-07 10:06:52,723.2,1792405
2021-06-07 10:06:54,723.3,1792407
2021-06-07 10:06:54,723.3,1792407
2021-06-07 10:06:55,723.3,1792407
2021-06-07 10:06:56,723.3,1792407
2021-06-07 10:06:57,723.15,1792598
2021-06-07 10:06:58,722.85,1796916
2021-06-07 10:06:59,723.05,1796951
2021-06-07 10:07:00,722.8,1796956
2021-06-07 10:07:01,722.8,1797255
2021-06-07 10:07:02,722.8,1797857
2021-06-07 10:07:03,723.3,1801798
2021-06-07 10:07:04,723.35,1802136
2021-06-07 10:07:05,723.35,1802288
2021-06-07 10:07:07,723.7,1804758
2021-06-07 10:07:07,723.7,1804758
2021-06-07 10:07:08,723.75,1805398
2021-06-07 10:07:09,723.6,1805498
2021-06-07 10:07:10,723.85,1805649
2021-06-07 10:07:11,723.75,1806018
2021-06-07 10:07:12,724.05,1807579
2021-06-07 10:07:14,723.9,1807684
2021-06-07 10:07:14,724.25,1807724
2021-06-07 10:07:15,724.0,1807838
2021-06-07 10:07:16,723.9,1808007
2021-06-07 10:07:17,724.25,1808457
2021-06-07 10:07:18,723.9,1808610
2021-06-07 10:07:19,724.2,1809613
2021-06-07 10:07:20,724.2,1809613
2021-06-07 10:07:21,724.0,1809670
2021-06-07 10:07:22,724.2,1809870
2021-06-07 10:07:24,724.2,1809980
2021-06-07 10:07:24,724.2,1809980
2021-06-07 10:07:25,724.2,1810355
2021-06-07 10:07:26,724.2,1810355
2021-06-07 10:07:27,724.2,1810458
2021-06-07 10:07:28,724.2,1810765
2021-06-07 10:07:29,724.2,1810885
2021-06-07 10:07:30,724.05,1811156
2021-06-07 10:07:32,724.3,1811556
2021-06-07 10:07:32,724.3,1811606
2021-06-07 10:07:34,724.1,1812156
2021-06-07 10:07:34,724.1,1812156
2021-06-07 10:07:35,724.1,1812156
2021-06-07 10:07:36,724.4,1812207
2021-06-07 10:07:37,724.25,1812247
2021-06-07 10:07:38,724.15,1812374
2021-06-07 10:07:39,724.45,1812596
2021-06-07 10:07:40,724.45,1812596
2021-06-07 10:07:41,724.3,1812606
2021-06-07 10:07:42,724.3,1812683
2021-06-07 10:07:43,724.3,1812733
2021-06-07 10:07:45,724.3,1813118
2021-06-07 10:07:45,724.3,1813118
2021-06-07 10:07:46,724.2,1813208
2021-06-07 10:07:47,724.2,1813208
2021-06-07 10:07:48,724.5,1813302
2021-06-07 10:07:49,724.3,1813362
2021-06-07 10:07:50,724.3,1813462
2021-06-07 10:07:52,724.5,1813487
2021-06-07 10:07:52,724.5,1813487
2021-06-07 10:07:53,724.5,1813487
2021-06-07 10:07:54,724.3,1822520
2021-06-07 10:07:55,724.25,1823655
2021-06-07 10:07:56,724.25,1823905
2021-06-07 10:07:57,724.25,1823905
2021-06-07 10:07:58,724.0,1824759
2021-06-07 10:07:59,724.1,1824859
2021-06-07 10:08:00,724.05,1825063
2021-06-07 10:08:01,724.1,1825168
2021-06-07 10:08:02,724.1,1825168
2021-06-07 10:08:03,724.1,1825168
2021-06-07 10:08:04,724.05,1825204
2021-06-07 10:08:05,724.05,1825525
2021-06-07 10:08:06,724.05,1825532
2021-06-07 10:08:07,724.35,1825857
2021-06-07 10:08:08,724.4,1826058
2021-06-07 10:08:10,724.1,1826119
2021-06-07 10:08:10,724.15,1826125
2021-06-07 10:08:11,724.45,1826288
2021-06-07 10:08:12,724.35,1826348
2021-06-07 10:08:13,724.2,1826388
2021-06-07 10:08:14,724.45,1826392
2021-06-07 10:08:15,724.45,1826418
2021-06-07 10:08:16,724.45,1826423
2021-06-07 10:08:17,724.15,1826607
2021-06-07 10:08:19,724.2,1826708
2021-06-07 10:08:19,724.3,1826768
2021-06-07 10:08:20,724.05,1827724
2021-06-07 10:08:21,724.45,1827990
2021-06-07 10:08:22,724.5,1828093
2021-06-07 10:08:23,724.1,1828593
2021-06-07 10:08:24,724.1,1828593
2021-06-07 10:08:25,724.4,1828793
2021-06-07 10:08:26,724.05,1829401
2021-06-07 10:08:27,724.25,1829811
2021-06-07 10:08:28,724.3,1829878
2021-06-07 10:08:30,724.25,1829953
2021-06-07 10:08:30,724.25,1829953
2021-06-07 10:08:31,724.2,1829983
2021-06-07 10:08:32,724.2,1830041
2021-06-07 10:08:33,724.3,1830051
2021-06-07 10:08:34,724.1,1830156
2021-06-07 10:08:35,724.35,1830176
2021-06-07 10:08:37,724.2,1830179
2021-06-07 10:08:37,724.1,1830188
2021-06-07 10:08:38,724.1,1830188
2021-06-07 10:08:39,724.2,1830189
2021-06-07 10:08:40,724.2,1830329
2021-06-07 10:08:41,724.3,1830436
2021-06-07 10:08:42,724.3,1830473
2021-06-07 10:08:43,724.3,1830473
2021-06-07 10:08:44,724.15,1830678
2021-06-07 10:08:46,724.5,1833688
2021-06-07 10:08:46,724.5,1833688
2021-06-07 10:08:47,723.85,1839708
2021-06-07 10:08:48,724.1,1839788
2021-06-07 10:08:49,724.15,1839814
2021-06-07 10:08:50,724.25,1840514
2021-06-07 10:08:51,724.3,1840844
2021-06-07 10:08:53,724.25,1840855
2021-06-07 10:08:53,724.25,1840855
2021-06-07 10:08:54,724.25,1840855
2021-06-07 10:08:55,724.3,1841008
2021-06-07 10:08:56,724.25,1841255
2021-06-07 10:08:57,724.25,1841285
2021-06-07 10:08:58,724.4,1841956
2021-06-07 10:08:59,724.3,1841965
2021-06-07 10:09:00,723.9,1845847
2021-06-07 10:09:02,723.95,1845947
2021-06-07 10:09:03,724.05,1845974
2021-06-07 10:09:03,724.05,1845974
2021-06-07 10:09:04,723.85,1846185
2021-06-07 10:09:05,723.85,1846198
2021-06-07 10:09:06,724.05,1846399
2021-06-07 10:09:07,724.05,1846399
2021-06-07 10:09:08,723.75,1847399
2021-06-07 10:09:09,723.85,1847730
2021-06-07 10:09:10,723.85,1847748
2021-06-07 10:09:11,724.0,1848845
2021-06-07 10:09:12,724.05,1848848
2021-06-07 10:09:13,723.75,1848968
2021-06-07 10:09:14,723.6,1849169
2021-06-07 10:09:15,724.0,1849199
2021-06-07 10:09:16,723.95,1849229
2021-06-07 10:09:17,723.95,1849229
2021-06-07 10:09:18,724.0,1849230
2021-06-07 10:09:20,723.9,1849548
