timestamp,ltp,volume
2021-06-07 09:17:44,17426.9,1887
2021-06-07 09:17:50,17427.9,1902
2021-06-07 09:17:57,17426.95,2013
2021-06-07 09:18:03,17427.4,2084
2021-06-07 09:18:09,17425.25,2087
2021-06-07 09:18:15,17413.7,2088
2021-06-07 09:18:21,17425.0,2105
2021-06-07 09:18:27,17420.0,2114
2021-06-07 09:18:33,17411.95,2126
2021-06-07 09:18:39,17410.45,2149
2021-06-07 09:18:45,17410.2,2168
2021-06-07 09:18:51,17410.0,2183
2021-06-07 09:19:04,17392.1,2493
2021-06-07 09:19:09,17393.5,2509
2021-06-07 09:19:15,17394.8,2517
2021-06-07 09:19:21,17403.85,2525
2021-06-07 09:19:27,17402.8,2534
2021-06-07 09:19:33,17400.0,2583
2021-06-07 09:19:39,17400.0,2587
2021-06-07 09:19:45,17392.5,2589
2021-06-07 09:19:51,17397.75,2604
2021-06-07 09:19:56,17397.75,2720
2021-06-07 09:20:02,17392.5,2767
2021-06-07 09:20:08,17397.75,2784
2021-06-07 09:20:14,17388.4,2936
2021-06-07 09:20:20,17370.3,3162
2021-06-07 09:20:26,17363.5,3256
2021-06-07 09:20:32,17370.35,3272
2021-06-07 09:20:44,17372.0,3312
2021-06-07 09:20:50,17372.4,3357
2021-06-07 09:20:51,17363.5,3367
2021-06-07 09:20:52,17363.5,3367
2021-06-07 09:20:53,17372.0,3370
2021-06-07 09:20:54,17370.0,3381
2021-06-07 09:20:55,17371.15,3386
2021-06-07 09:20:56,17371.2,3387
2021-06-07 09:20:57,17371.2,3387
2021-06-07 09:20:58,17362.05,3402
2021-06-07 09:20:59,17370.0,3403
2021-06-07 09:21:00,17370.0,3403
2021-06-07 09:21:01,17370.0,3404
2021-06-07 09:21:02,17371.15,3467
2021-06-07 09:21:03,17371.15,3467
2021-06-07 09:21:04,17363.6,3468
2021-06-07 09:21:05,17363.6,3468
2021-06-07 09:21:06,17360.1,3473
2021-06-07 09:21:07,17360.1,3473
2021-06-07 09:21:08,17360.1,3473
2021-06-07 09:21:09,17360.1,3473
2021-06-07 09:21:10,17360.1,3473
2021-06-07 09:21:11,17360.1,3473
2021-06-07 09:21:12,17368.8,3479
2021-06-07 09:21:13,17368.8,3479
2021-06-07 09:21:14,17371.2,3533
2021-06-07 09:21:15,17371.2,3533
2021-06-07 09:21:16,17360.0,3591
2021-06-07 09:21:18,17355.85,3595
2021-06-07 09:21:18,17355.85,3595
2021-06-07 09:21:19,17361.15,3596
2021-06-07 09:21:20,17361.15,3596
2021-06-07 09:21:21,17367.2,3601
2021-06-07 09:21:23,17367.2,3601
2021-06-07 09:21:24,17367.2,3601
2021-06-07 09:21:25,17367.2,3601
2021-06-07 09:21:26,17370.0,3609
2021-06-07 09:21:27,17370.0,3609
2021-06-07 09:21:28,17367.0,3615
2021-06-07 09:21:29,17367.0,3615
2021-06-07 09:21:30,17367.2,3667
2021-06-07 09:21:31,17372.55,3672
2021-06-07 09:21:32,17374.3,3674
2021-06-07 09:21:33,17367.75,3678
2021-06-07 09:21:34,17367.75,3678
2021-06-07 09:21:35,17367.75,3678
2021-06-07 09:21:36,17372.8,3679
2021-06-07 09:21:37,17372.8,3679
2021-06-07 09:21:39,17372.8,3679
2021-06-07 09:21:40,17372.8,3679
2021-06-07 09:21:41,17372.8,3680
2021-06-07 09:21:42,17367.2,3682
2021-06-07 09:21:43,17367.2,3682
2021-06-07 09:21:44,17370.0,3694
2021-06-07 09:21:45,17376.7,3695
2021-06-07 09:21:46,17376.7,3695
2021-06-07 09:21:47,17370.05,3697
2021-06-07 09:21:48,17370.05,3697
2021-06-07 09:21:49,17370.05,3697
2021-06-07 09:21:51,17370.05,3699
2021-06-07 09:21:52,17372.8,3720
2021-06-07 09:21:53,17372.8,3720
2021-06-07 09:21:54,17370.05,3728
2021-06-07 09:21:55,17370.05,3729
2021-06-07 09:21:56,17378.8,3751
2021-06-07 09:21:57,17370.05,3765
2021-06-07 09:21:58,17370.1,3767
2021-06-07 09:21:59,17370.1,3767
2021-06-07 09:22:00,17370.1,3767
2021-06-07 09:22:01,17380.5,3790
2021-06-07 09:22:02,17380.5,3790
2021-06-07 09:22:03,17371.25,3801
2021-06-07 09:22:04,17371.25,3801
2021-06-07 09:22:05,17371.25,3801
2021-06-07 09:22:06,17371.25,3801
2021-06-07 09:22:07,17371.25,3801
2021-06-07 09:22:08,17371.25,3801
2021-06-07 09:22:09,17379.6,3805
2021-06-07 09:22:10,17379.6,3805
2021-06-07 09:22:11,17370.25,3814
2021-06-07 09:22:12,17370.25,3816
2021-06-07 09:22:13,17381.1,3846
2021-06-07 09:22:14,17371.65,3853
2021-06-07 09:22:15,17371.65,3853
2021-06-07 09:22:16,17372.25,3914
2021-06-07 09:22:17,17381.8,3917
2021-06-07 09:22:18,17381.8,3917
2021-06-07 09:22:19,17382.0,3919
2021-06-07 09:22:21,17382.0,3919
2021-06-07 09:22:22,17374.4,3921
2021-06-07 09:22:23,17392.4,3948
2021-06-07 09:22:24,17392.35,3949
2021-06-07 09:22:25,17392.35,3949
2021-06-07 09:22:26,17392.35,3949
2021-06-07 09:22:27,17392.35,3949
2021-06-07 09:22:28,17392.35,3949
2021-06-07 09:22:29,17399.9,3968
2021-06-07 09:22:30,17399.9,3968
2021-06-07 09:22:31,17399.9,3968
2021-06-07 09:22:32,17399.9,3968
2021-06-07 09:22:33,17390.4,3969
2021-06-07 09:22:34,17390.4,3969
2021-06-07 09:22:35,17390.4,3969
2021-06-07 09:22:36,17390.4,3969
2021-06-07 09:22:37,17390.4,3969
2021-06-07 09:22:38,17390.4,3969
2021-06-07 09:22:39,17398.9,3970
2021-06-07 09:22:40,17398.9,3970
2021-06-07 09:22:41,17398.9,3970
2021-06-07 09:22:42,17400.0,3996
2021-06-07 09:22:43,17400.8,3998
2021-06-07 09:22:44,17400.4,4000
2021-06-07 09:22:45,17400.4,4000
2021-06-07 09:22:46,17408.0,4008
2021-06-07 09:22:47,17408.0,4008
2021-06-07 09:22:48,17408.0,4008
2021-06-07 09:22:50,17421.5,4066
2021-06-07 09:22:51,17420.4,4076
2021-06-07 09:22:52,17422.0,4180
2021-06-07 09:22:53,17422.0,4180
2021-06-07 09:22:54,17422.0,4180
2021-06-07 09:22:55,17432.5,4242
2021-06-07 09:22:56,17435.7,4244
2021-06-07 09:22:57,17433.25,4270
2021-06-07 09:22:58,17433.25,4270
2021-06-07 09:22:59,17445.45,4272
2021-06-07 09:23:00,17445.45,4272
2021-06-07 09:23:01,17445.45,4272
2021-06-07 09:23:02,17424.45,4305
2021-06-07 09:23:03,17424.45,4305
2021-06-07 09:23:05,17419.2,4309
2021-06-07 09:23:07,17419.6,4315
2021-06-07 09:23:08,17405.8,4321
2021-06-07 09:23:09,17415.0,4331
2021-06-07 09:23:10,17401.0,4391
2021-06-07 09:23:11,17401.0,4391
2021-06-07 09:23:12,17401.0,4391
2021-06-07 09:23:13,17401.0,4391
2021-06-07 09:23:14,17401.0,4391
2021-06-07 09:23:15,17411.55,4392
2021-06-07 09:23:16,17411.55,4392
2021-06-07 09:23:17,17411.55,4392
2021-06-07 09:23:18,17411.55,4392
2021-06-07 09:23:19,17411.55,4392
2021-06-07 09:23:20,17405.8,4393
2021-06-07 09:23:22,17405.8,4396
2021-06-07 09:23:23,17405.8,4396
2021-06-07 09:23:25,17400.8,4397
2021-06-07 09:23:26,17405.8,4399
2021-06-07 09:23:27,17405.8,4399
2021-06-07 09:23:28,17405.8,4399
2021-06-07 09:23:29,17405.8,4399
2021-06-07 09:23:30,17405.8,4399
2021-06-07 09:23:31,17405.8,4399
2021-06-07 09:23:32,17405.8,4399
2021-06-07 09:23:33,17405.8,4399
2021-06-07 09:23:34,17405.0,4400
2021-06-07 09:23:35,17405.0,4400
2021-06-07 09:23:36,17398.15,4430
2021-06-07 09:23:37,17398.15,4430
2021-06-07 09:23:38,17390.35,4440
2021-06-07 09:23:39,17399.6,4441
2021-06-07 09:23:40,17405.8,4471
2021-06-07 09:23:41,17405.8,4471
2021-06-07 09:23:42,17405.8,4471
2021-06-07 09:23:43,17405.8,4471
2021-06-07 09:23:44,17405.8,4471
2021-06-07 09:23:45,17405.8,4471
2021-06-07 09:23:46,17399.95,4472
2021-06-07 09:23:47,17399.95,4472
2021-06-07 09:23:48,17399.95,4472
2021-06-07 09:23:52,17399.95,4473
2021-06-07 09:23:53,17399.95,4473
2021-06-07 09:23:55,17402.05,4477
2021-06-07 09:23:56,17402.0,4481
2021-06-07 09:23:57,17402.0,4481
2021-06-07 09:23:58,17402.0,4481
2021-06-07 09:23:59,17397.6,4482
2021-06-07 09:24:00,17396.0,4483
2021-06-07 09:24:01,17390.0,4505
2021-06-07 09:24:02,17396.0,4506
2021-06-07 09:24:03,17397.0,4516
2021-06-07 09:24:05,17397.0,4516
2021-06-07 09:24:07,17390.0,4521
2021-06-07 09:24:08,17390.0,4521
2021-06-07 09:24:10,17390.0,4523
2021-06-07 09:24:11,17390.0,4523
2021-06-07 09:24:11,17397.55,4524
2021-06-07 09:24:12,17390.0,4527
2021-06-07 09:24:13,17390.0,4527
2021-06-07 09:24:14,17390.0,4527
2021-06-07 09:24:15,17390.0,4527
2021-06-07 09:24:16,17390.0,4527
2021-06-07 09:24:17,17390.0,4527
2021-06-07 09:24:19,17391.6,4528
2021-06-07 09:24:20,17400.0,4539
2021-06-07 09:24:21,17390.0,4547
2021-06-07 09:24:23,17390.0,4547
2021-06-07 09:24:24,17390.0,4547
2021-06-07 09:24:24,17390.0,4547
2021-06-07 09:24:25,17390.0,4547
2021-06-07 09:24:26,17390.0,4547
2021-06-07 09:24:27,17390.0,4547
2021-06-07 09:24:28,17390.0,4547
2021-06-07 09:24:29,17397.5,4548
2021-06-07 09:24:30,17397.5,4548
2021-06-07 09:24:31,17400.0,4550
2021-06-07 09:24:32,17394.15,4555
2021-06-07 09:24:33,17390.55,4556
2021-06-07 09:24:34,17398.75,4562
2021-06-07 09:24:35,17398.75,4562
2021-06-07 09:24:36,17398.75,4562
2021-06-07 09:24:37,17390.0,4567
2021-06-07 09:24:38,17390.0,4567
2021-06-07 09:24:39,17397.9,4568
2021-06-07 09:24:40,17397.9,4569
2021-06-07 09:24:41,17392.4,4585
2021-06-07 09:24:42,17392.4,4585
2021-06-07 09:24:43,17392.25,4587
2021-06-07 09:24:46,17392.25,4587
2021-06-07 09:24:46,17392.25,4587
2021-06-07 09:24:48,17397.9,4594
2021-06-07 09:24:48,17398.75,4607
2021-06-07 09:24:50,17398.75,4607
2021-06-07 09:24:51,17390.15,4610
2021-06-07 09:24:52,17390.15,4610
2021-06-07 09:24:52,17390.15,4610
2021-06-07 09:24:54,17397.4,4615
2021-06-07 09:24:56,17398.95,4620
2021-06-07 09:24:57,17398.95,4620
2021-06-07 09:24:58,17398.95,4620
2021-06-07 09:24:58,17398.95,4620
2021-06-07 09:25:01,17398.95,4620
2021-06-07 09:25:02,17398.95,4620
2021-06-07 09:25:02,17398.95,4620
2021-06-07 09:25:04,17398.95,4620
2021-06-07 09:25:04,17398.95,4620
2021-06-07 09:25:06,17398.95,4620
2021-06-07 09:25:07,17399.9,4624
2021-06-07 09:25:07,17397.7,4713
2021-06-07 09:25:08,17397.7,4713
2021-06-07 09:25:09,17390.0,4716
2021-06-07 09:25:11,17397.95,4717
2021-06-07 09:25:12,17397.95,4717
2021-06-07 09:25:12,17397.95,4718
2021-06-07 09:25:14,17400.0,4722
2021-06-07 09:25:15,17391.1,4732
2021-06-07 09:25:16,17391.1,4732
2021-06-07 09:25:17,17391.1,4732
2021-06-07 09:25:19,17400.0,4742
2021-06-07 09:25:20,17400.0,4742
2021-06-07 09:25:21,17400.0,4742
2021-06-07 09:25:22,17400.0,4755
2021-06-07 09:25:22,17400.0,4755
2021-06-07 09:25:23,17400.0,4755
2021-06-07 09:25:24,17400.1,4757
2021-06-07 09:25:25,17400.1,4758
2021-06-07 09:25:26,17408.3,4773
2021-06-07 09:25:28,17408.3,4773
2021-06-07 09:25:28,17408.3,4773
2021-06-07 09:25:30,17408.3,4773
2021-06-07 09:25:30,17408.3,4773
2021-06-07 09:25:31,17408.3,4773
2021-06-07 09:25:32,17408.3,4773
2021-06-07 09:25:33,17408.3,4773
2021-06-07 09:25:34,17408.3,4773
2021-06-07 09:25:36,17408.3,4773
2021-06-07 09:25:36,17408.3,4773
2021-06-07 09:25:37,17408.3,4773
2021-06-07 09:25:39,17408.3,4773
2021-06-07 09:25:40,17408.3,4773
2021-06-07 09:25:41,17408.3,4773
2021-06-07 09:25:44,17408.0,4778
2021-06-07 09:25:44,17405.0,4785
2021-06-07 09:25:45,17408.0,4790
2021-06-07 09:25:46,17408.0,4790
2021-06-07 09:25:47,17408.0,4790
2021-06-07 09:25:48,17405.0,4829
2021-06-07 09:25:50,17405.0,4829
2021-06-07 09:25:50,17405.0,4829
2021-06-07 09:25:52,17405.0,4829
2021-06-07 09:25:53,17405.0,4829
2021-06-07 09:25:54,17405.0,4829
2021-06-07 09:25:57,17405.0,4829
2021-06-07 09:25:58,17405.0,4829
2021-06-07 09:25:59,17408.0,4831
2021-06-07 09:26:00,17411.55,4833
2021-06-07 09:26:01,17411.55,4833
2021-06-07 09:26:02,17411.55,4833
2021-06-07 09:26:03,17411.55,4833
2021-06-07 09:26:04,17411.55,4833
2021-06-07 09:26:05,17411.55,4833
2021-06-07 09:26:06,17411.55,4833
2021-06-07 09:26:07,17411.0,4834
2021-06-07 09:26:08,17411.55,4839
2021-06-07 09:26:09,17411.55,4839
2021-06-07 09:26:10,17411.55,4839
2021-06-07 09:26:11,17411.55,4839
2021-06-07 09:26:12,17411.55,4839
2021-06-07 09:26:13,17411.55,4839
2021-06-07 09:26:14,17411.55,4839
2021-06-07 09:26:15,17411.55,4839
2021-06-07 09:26:16,17411.55,4839
2021-06-07 09:26:17,17405.0,4840
2021-06-07 09:26:18,17405.0,4840
2021-06-07 09:26:19,17399.35,4870
2021-06-07 09:26:20,17399.35,4870
2021-06-07 09:26:21,17405.5,4871
2021-06-07 09:26:23,17405.5,4871
2021-06-07 09:26:22,17405.5,4871
2021-06-07 09:26:25,17411.35,4876
2021-06-07 09:26:26,17411.35,4876
2021-06-07 09:26:27,17410.4,4879
2021-06-07 09:26:28,17410.4,4879
2021-06-07 09:26:28,17410.4,4879
2021-06-07 09:26:30,17410.4,4879
2021-06-07 09:26:32,17410.4,4879
2021-06-07 09:26:34,17410.4,4879
2021-06-07 09:26:34,17410.4,4879
2021-06-07 09:26:36,17405.0,4880
2021-06-07 09:26:37,17411.55,4886
2021-06-07 09:26:37,17424.95,4942
2021-06-07 09:26:39,17414.65,4962
2021-06-07 09:26:40,17414.65,4962
2021-06-07 09:26:41,17414.65,4962
2021-06-07 09:26:42,17414.65,4962
2021-06-07 09:26:43,17414.65,4962
2021-06-07 09:26:44,17414.65,4962
2021-06-07 09:26:45,17414.65,4962
2021-06-07 09:26:46,17414.65,4962
2021-06-07 09:26:47,17413.65,4963
2021-06-07 09:26:49,17421.6,4965
2021-06-07 09:26:50,17421.6,4966
2021-06-07 09:26:51,17424.9,4971
2021-06-07 09:26:52,17424.9,4971
2021-06-07 09:26:53,17424.9,4971
2021-06-07 09:26:54,17424.9,4971
2021-06-07 09:26:55,17424.9,4971
2021-06-07 09:26:56,17424.9,4971
2021-06-07 09:26:57,17424.9,4971
2021-06-07 09:26:58,17424.9,4971
2021-06-07 09:26:59,17424.9,4971
2021-06-07 09:27:00,17424.9,4971
2021-06-07 09:27:02,17422.0,4972
2021-06-07 09:27:03,17422.0,4972
2021-06-07 09:27:04,17420.4,4974
2021-06-07 09:27:05,17412.55,4986
2021-06-07 09:27:06,17412.55,4986
2021-06-07 09:27:07,17414.4,4991
2021-06-07 09:27:08,17414.4,4992
2021-06-07 09:27:09,17421.95,5017
2021-06-07 09:27:10,17421.95,5017
2021-06-07 09:27:12,17422.05,5019
2021-06-07 09:27:13,17422.05,5019
2021-06-07 09:27:15,17422.05,5019
2021-06-07 09:27:15,17422.05,5019
2021-06-07 09:27:16,17423.65,5020
2021-06-07 09:27:17,17423.65,5020
2021-06-07 09:27:18,17419.15,5025
2021-06-07 09:27:19,17419.15,5025
2021-06-07 09:27:20,17419.15,5025
2021-06-07 09:27:22,17419.15,5025
2021-06-07 09:27:23,17419.15,5025
2021-06-07 09:27:25,17419.15,5025
2021-06-07 09:27:25,17419.15,5025
2021-06-07 09:27:27,17419.15,5025
2021-06-07 09:27:28,17410.0,5028
2021-06-07 09:27:29,17410.0,5028
2021-06-07 09:27:32,17410.0,5028
2021-06-07 09:27:33,17411.2,5029
2021-06-07 09:27:34,17411.2,5029
2021-06-07 09:27:35,17411.2,5029
2021-06-07 09:27:37,17410.05,5030
2021-06-07 09:27:38,17410.05,5030
2021-06-07 09:27:39,17410.05,5030
2021-06-07 09:27:41,17410.05,5030
2021-06-07 09:27:42,17410.05,5030
2021-06-07 09:27:43,17418.15,5031
2021-06-07 09:27:44,17418.15,5031
2021-06-07 09:27:45,17418.15,5031
2021-06-07 09:27:45,17418.15,5031
2021-06-07 09:27:47,17418.15,5031
2021-06-07 09:27:49,17418.15,5031
2021-06-07 09:27:49,17418.15,5031
2021-06-07 09:27:50,17418.15,5031
2021-06-07 09:27:51,17418.0,5032
2021-06-07 09:27:52,17418.0,5032
2021-06-07 09:27:53,17418.0,5032
2021-06-07 09:27:54,17418.0,5032
2021-06-07 09:27:55,17418.0,5032
2021-06-07 09:27:57,17418.0,5033
2021-06-07 09:27:58,17418.0,5033
2021-06-07 09:27:59,17418.0,5033
2021-06-07 09:28:00,17418.0,5033
2021-06-07 09:28:02,17418.0,5033
2021-06-07 09:28:03,17418.0,5033
2021-06-07 09:28:04,17418.0,5033
2021-06-07 09:28:05,17410.05,5041
2021-06-07 09:28:06,17410.05,5041
2021-06-07 09:28:07,17410.05,5041
2021-06-07 09:28:08,17410.05,5041
2021-06-07 09:28:09,17417.85,5042
2021-06-07 09:28:11,17417.85,5042
2021-06-07 09:28:12,17417.85,5042
2021-06-07 09:28:13,17417.85,5042
2021-06-07 09:28:16,17417.85,5042
2021-06-07 09:28:17,17417.85,5042
2021-06-07 09:28:18,17417.85,5042
2021-06-07 09:28:19,17422.0,5067
2021-06-07 09:28:21,17422.0,5067
2021-06-07 09:28:22,17422.0,5067
2021-06-07 09:28:23,17422.0,5067
2021-06-07 09:28:24,17422.0,5067
2021-06-07 09:28:26,17422.0,5067
2021-06-07 09:28:28,17422.0,5067
2021-06-07 09:28:29,17422.0,5067
2021-06-07 09:28:31,17410.15,5069
2021-06-07 09:28:30,17410.15,5069
2021-06-07 09:28:32,17410.15,5069
2021-06-07 09:28:33,17410.15,5069
2021-06-07 09:28:34,17410.15,5069
2021-06-07 09:28:35,17410.15,5069
2021-06-07 09:28:36,17410.15,5069
2021-06-07 09:28:37,17417.9,5072
2021-06-07 09:28:38,17417.9,5072
2021-06-07 09:28:38,17419.95,5075
2021-06-07 09:28:39,17419.95,5075
2021-06-07 09:28:41,17417.9,5076
2021-06-07 09:28:41,17412.0,5077
2021-06-07 09:28:42,17412.0,5077
2021-06-07 09:28:44,17412.0,5077
2021-06-07 09:28:46,17419.9,5081
2021-06-07 09:28:47,17419.9,5081
2021-06-07 09:28:48,17419.9,5081
2021-06-07 09:28:49,17419.9,5081
2021-06-07 09:28:51,17419.9,5081
2021-06-07 09:28:52,17419.9,5081
2021-06-07 09:28:52,17419.9,5081
2021-06-07 09:28:53,17419.9,5081
2021-06-07 09:28:54,17412.45,5082
2021-06-07 09:28:59,17421.65,5088
2021-06-07 09:29:00,17421.65,5088
2021-06-07 09:29:01,17421.65,5088
2021-06-07 09:29:02,17421.65,5088
2021-06-07 09:29:06,17421.65,5088
2021-06-07 09:29:07,17421.65,5088
2021-06-07 09:29:08,17421.65,5088
2021-06-07 09:29:09,17421.65,5088
2021-06-07 09:29:10,17421.65,5088
2021-06-07 09:29:11,17410.1,5098
2021-06-07 09:29:12,17410.1,5098
2021-06-07 09:29:13,17410.1,5099
2021-06-07 09:29:13,17410.1,5099
2021-06-07 09:29:14,17410.1,5099
2021-06-07 09:29:15,17419.2,5104
2021-06-07 09:29:17,17419.2,5104
2021-06-07 09:29:18,17410.2,5112
2021-06-07 09:29:18,17410.2,5112
2021-06-07 09:29:19,17410.2,5112
2021-06-07 09:29:20,17410.2,5112
2021-06-07 09:29:22,17410.2,5112
2021-06-07 09:29:23,17410.2,5112
2021-06-07 09:29:24,17410.4,5113
2021-06-07 09:29:26,17410.4,5113
2021-06-07 09:29:26,17419.1,5115
2021-06-07 09:29:27,17419.15,5127
2021-06-07 09:29:28,17419.15,5127
2021-06-07 09:29:30,17419.15,5127
2021-06-07 09:29:32,17419.15,5127
2021-06-07 09:29:33,17419.15,5127
2021-06-07 09:29:34,17411.0,5128
2021-06-07 09:29:35,17411.0,5128
2021-06-07 09:29:36,17411.0,5128
2021-06-07 09:29:38,17411.0,5128
2021-06-07 09:29:39,17411.0,5128
2021-06-07 09:29:41,17411.0,5128
2021-06-07 09:29:42,17411.0,5128
2021-06-07 09:29:43,17411.0,5128
2021-06-07 09:29:44,17419.1,5130
2021-06-07 09:29:45,17410.95,5132
2021-06-07 09:29:46,17410.95,5132
2021-06-07 09:29:47,17410.0,5149
2021-06-07 09:29:47,17410.0,5149
2021-06-07 09:29:49,17410.0,5149
2021-06-07 09:29:50,17410.0,5149
2021-06-07 09:29:51,17410.0,5149
2021-06-07 09:29:52,17421.0,5160
2021-06-07 09:29:53,17421.0,5160
2021-06-07 09:29:54,17421.0,5160
2021-06-07 09:29:54,17421.0,5160
2021-06-07 09:29:55,17416.8,5162
2021-06-07 09:29:56,17411.05,5163
2021-06-07 09:29:57,17411.05,5163
2021-06-07 09:30:01,17411.05,5192
2021-06-07 09:30:02,17411.05,5192
2021-06-07 09:30:03,17422.0,5222
2021-06-07 09:30:05,17422.0,5222
2021-06-07 09:30:06,17422.0,5222
2021-06-07 09:30:07,17422.0,5222
2021-06-07 09:30:09,17422.0,5222
2021-06-07 09:30:12,17415.2,5227
2021-06-07 09:30:13,17415.2,5227
2021-06-07 09:30:14,17415.2,5228
2021-06-07 09:30:15,17415.2,5228
2021-06-07 09:30:16,17415.2,5233
2021-06-07 09:30:17,17415.2,5233
2021-06-07 09:30:18,17415.2,5235
2021-06-07 09:30:19,17415.2,5235
2021-06-07 09:30:20,17415.2,5235
2021-06-07 09:30:21,17411.0,5283
2021-06-07 09:30:22,17411.0,5290
2021-06-07 09:30:23,17411.0,5290
2021-06-07 09:30:24,17411.0,5290
2021-06-07 09:30:26,17410.2,5292
2021-06-07 09:30:27,17410.2,5292
2021-06-07 09:30:28,17410.2,5292
2021-06-07 09:30:29,17410.2,5292
2021-06-07 09:30:30,17410.2,5292
2021-06-07 09:30:32,17410.2,5292
2021-06-07 09:30:33,17410.2,5292
2021-06-07 09:30:34,17410.2,5292
2021-06-07 09:30:35,17410.2,5292
2021-06-07 09:30:36,17410.2,5292
2021-06-07 09:30:39,17410.2,5292
2021-06-07 09:30:39,17415.2,5293
2021-06-07 09:30:42,17415.2,5293
2021-06-07 09:30:43,17415.2,5293
2021-06-07 09:30:44,17415.2,5293
2021-06-07 09:30:45,17415.2,5293
2021-06-07 09:30:46,17415.2,5295
2021-06-07 09:30:47,17406.2,5300
2021-06-07 09:30:49,17406.2,5300
2021-06-07 09:30:54,17406.2,5300
2021-06-07 09:30:59,17406.2,5300
2021-06-07 09:31:04,17413.95,5339
2021-06-07 09:31:09,17413.95,5339
2021-06-07 09:31:15,17412.85,5393
2021-06-07 09:31:20,17420.65,5394
2021-06-07 09:31:31,17420.65,5394
2021-06-07 09:31:36,17422.4,5496
2021-06-07 09:31:42,17430.0,5498
2021-06-07 09:31:47,17430.0,5514
2021-06-07 09:31:52,17430.0,5514
2021-06-07 09:31:57,17430.0,5525
2021-06-07 09:32:02,17430.0,5528
2021-06-07 09:32:07,17430.0,5556
2021-06-07 09:32:12,17422.4,5569
2021-06-07 09:32:17,17430.85,5576
2021-06-07 09:32:23,17430.0,5598
2021-06-07 09:32:28,17430.0,5644
2021-06-07 09:32:33,17430.9,5657
2021-06-07 09:32:38,17435.0,5660
2021-06-07 09:32:43,17460.0,5743
2021-06-07 09:32:48,17455.65,5814
2021-06-07 09:32:54,17477.55,5881
2021-06-07 09:32:59,17471.95,5907
2021-06-07 09:33:04,17471.15,5913
2021-06-07 09:33:09,17460.4,5926
2021-06-07 09:33:15,17462.0,5927
2021-06-07 09:33:20,17464.0,5983
2021-06-07 09:33:25,17460.5,5995
2021-06-07 09:33:30,17469.0,6001
2021-06-07 09:33:35,17458.55,6049
2021-06-07 09:33:40,17466.15,6054
2021-06-07 09:33:45,17466.15,6058
2021-06-07 09:33:50,17461.1,6059
2021-06-07 09:33:56,17466.15,6060
2021-06-07 09:34:01,17466.15,6063
2021-06-07 09:34:06,17466.15,6063
2021-06-07 09:34:11,17461.05,6075
2021-06-07 09:34:16,17461.05,6076
2021-06-07 09:34:21,17465.0,6108
2021-06-07 09:34:27,17465.0,6111
2021-06-07 09:34:32,17465.0,6125
2021-06-07 09:34:37,17465.0,6125
2021-06-07 09:34:47,17461.0,6138
2021-06-07 09:34:52,17462.0,6140
2021-06-07 09:34:57,17458.05,6294
2021-06-07 09:35:02,17450.0,6327
2021-06-07 09:35:06,17450.0,6339
2021-06-07 09:35:11,17450.0,6352
2021-06-07 09:35:22,17460.0,6455
2021-06-07 09:35:27,17450.85,6456
2021-06-07 09:35:32,17450.85,6456
2021-06-07 09:35:37,17460.25,6457
2021-06-07 09:35:41,17460.35,6458
2021-06-07 09:35:46,17460.35,6458
2021-06-07 09:35:50,17460.35,6458
2021-06-07 09:35:50,17460.35,6458
2021-06-07 09:35:51,17460.0,6461
2021-06-07 09:35:52,17460.0,6461
2021-06-07 09:35:53,17460.0,6461
2021-06-07 09:35:54,17453.05,6476
2021-06-07 09:35:55,17453.05,6476
2021-06-07 09:35:56,17453.05,6476
2021-06-07 09:35:57,17460.55,6477
2021-06-07 09:35:58,17460.4,6479
2021-06-07 09:35:59,17460.4,6479
2021-06-07 09:36:00,17464.55,6598
2021-06-07 09:36:01,17463.75,6619
2021-06-07 09:36:02,17466.15,6819
2021-06-07 09:36:03,17462.0,6820
2021-06-07 09:36:04,17469.0,6825
2021-06-07 09:36:05,17467.6,6837
2021-06-07 09:36:06,17467.6,6837
2021-06-07 09:36:08,17460.0,6840
2021-06-07 09:36:09,17460.0,6840
2021-06-07 09:36:10,17460.0,6840
2021-06-07 09:36:11,17462.45,6841
2021-06-07 09:36:12,17462.45,6841
2021-06-07 09:36:13,17462.45,6841
2021-06-07 09:36:15,17462.45,6841
2021-06-07 09:36:16,17462.45,6841
2021-06-07 09:36:17,17462.45,6841
2021-06-07 09:36:18,17462.0,6842
2021-06-07 09:36:19,17462.0,6842
2021-06-07 09:36:20,17462.0,6842
2021-06-07 09:36:21,17462.0,6842
2021-06-07 09:36:22,17462.0,6842
2021-06-07 09:36:23,17460.0,6848
2021-06-07 09:36:24,17460.0,6848
2021-06-07 09:36:25,17476.55,6889
2021-06-07 09:36:26,17476.55,6889
2021-06-07 09:36:27,17476.55,6889
2021-06-07 09:36:28,17476.55,6889
2021-06-07 09:36:29,17476.55,6889
2021-06-07 09:36:30,17476.55,6889
2021-06-07 09:36:31,17462.0,6894
2021-06-07 09:36:32,17460.0,6910
2021-06-07 09:36:33,17460.0,6910
2021-06-07 09:36:34,17462.0,6913
2021-06-07 09:36:35,17462.0,6913
2021-06-07 09:36:36,17462.0,6913
2021-06-07 09:36:37,17462.0,6913
2021-06-07 09:36:39,17462.0,6913
2021-06-07 09:36:41,17462.0,6913
2021-06-07 09:36:44,17462.0,6913
2021-06-07 09:36:45,17462.0,6913
2021-06-07 09:36:47,17462.0,6913
2021-06-07 09:36:48,17462.0,6913
2021-06-07 09:36:48,17462.0,6914
2021-06-07 09:36:51,17462.0,6916
2021-06-07 09:36:53,17462.0,6916
2021-06-07 09:36:54,17462.0,6916
2021-06-07 09:36:55,17462.0,6916
2021-06-07 09:36:57,17462.0,6916
2021-06-07 09:37:00,17462.0,6916
2021-06-07 09:37:00,17462.0,6916
2021-06-07 09:37:01,17462.0,6916
2021-06-07 09:37:04,17462.0,6916
2021-06-07 09:37:06,17462.0,6916
2021-06-07 09:37:06,17462.0,6919
2021-06-07 09:37:07,17462.0,6919
2021-06-07 09:37:08,17462.0,6919
2021-06-07 09:37:09,17462.0,6919
2021-06-07 09:37:10,17475.95,6934
2021-06-07 09:37:11,17475.95,6934
2021-06-07 09:37:13,17474.85,6935
2021-06-07 09:37:14,17474.85,6935
2021-06-07 09:37:15,17474.85,6935
2021-06-07 09:37:16,17474.85,6935
2021-06-07 09:37:17,17474.85,6935
2021-06-07 09:37:18,17474.85,6939
2021-06-07 09:37:19,17474.85,6939
2021-06-07 09:37:20,17474.85,6943
2021-06-07 09:37:22,17474.85,6943
2021-06-07 09:37:23,17474.85,6943
2021-06-07 09:37:25,17474.85,6944
2021-06-07 09:37:26,17474.85,6944
2021-06-07 09:37:26,17474.85,6946
2021-06-07 09:37:27,17474.85,6946
2021-06-07 09:37:28,17474.85,6946
2021-06-07 09:37:30,17474.85,6946
2021-06-07 09:37:29,17474.85,6946
2021-06-07 09:37:31,17465.65,6948
2021-06-07 09:37:33,17465.65,6948
2021-06-07 09:37:34,17465.65,6953
2021-06-07 09:37:34,17465.65,6953
2021-06-07 09:37:35,17474.85,6963
2021-06-07 09:37:36,17474.85,6963
2021-06-07 09:37:37,17474.85,6963
2021-06-07 09:37:38,17474.85,6963
2021-06-07 09:37:39,17474.85,6963
2021-06-07 09:37:40,17474.85,6963
2021-06-07 09:37:41,17474.85,6963
2021-06-07 09:37:42,17474.85,6963
2021-06-07 09:37:43,17464.45,6964
2021-06-07 09:37:44,17464.45,6964
2021-06-07 09:37:46,17464.45,6964
2021-06-07 09:37:46,17464.45,6964
2021-06-07 09:37:47,17464.45,6964
2021-06-07 09:37:48,17464.45,6964
2021-06-07 09:37:50,17464.45,6964
2021-06-07 09:37:51,17464.45,6964
2021-06-07 09:37:53,17472.95,6967
2021-06-07 09:37:53,17472.95,6967
2021-06-07 09:37:55,17472.95,6967
2021-06-07 09:37:55,17472.95,6967
2021-06-07 09:37:56,17472.95,6967
2021-06-07 09:37:57,17472.95,6967
2021-06-07 09:38:00,17466.4,6972
2021-06-07 09:38:01,17466.4,6972
2021-06-07 09:38:02,17466.4,6972
2021-06-07 09:38:03,17473.0,6973
2021-06-07 09:38:04,17473.0,6973
2021-06-07 09:38:05,17473.0,6973
2021-06-07 09:38:06,17473.0,6973
2021-06-07 09:38:07,17473.0,6973
2021-06-07 09:38:08,17473.0,6973
2021-06-07 09:38:11,17473.0,6973
2021-06-07 09:38:12,17473.0,6973
2021-06-07 09:38:15,17473.0,6973
2021-06-07 09:38:15,17473.0,6973
2021-06-07 09:38:16,17473.0,6973
2021-06-07 09:38:18,17473.0,6973
2021-06-07 09:38:18,17470.0,6975
2021-06-07 09:38:19,17470.0,6975
2021-06-07 09:38:21,17470.0,6975
2021-06-07 09:38:21,17470.0,6975
2021-06-07 09:38:22,17470.0,6975
2021-06-07 09:38:24,17471.4,6981
2021-06-07 09:38:25,17471.4,6981
2021-06-07 09:38:25,17471.4,6981
2021-06-07 09:38:27,17466.0,6982
2021-06-07 09:38:27,17466.0,6982
2021-06-07 09:38:28,17466.0,6982
2021-06-07 09:38:29,17466.0,6982
2021-06-07 09:38:30,17466.0,6982
2021-06-07 09:38:31,17466.0,6982
2021-06-07 09:38:32,17470.0,6995
2021-06-07 09:38:35,17470.0,6995
2021-06-07 09:38:36,17470.0,6995
2021-06-07 09:38:37,17470.0,6995
2021-06-07 09:38:37,17470.0,6996
2021-06-07 09:38:38,17470.0,6996
2021-06-07 09:38:39,17470.0,7007
2021-06-07 09:38:44,17470.0,7007
2021-06-07 09:38:45,17464.05,7008
2021-06-07 09:38:46,17464.05,7008
2021-06-07 09:38:47,17464.05,7008
2021-06-07 09:38:47,17464.05,7008
2021-06-07 09:38:48,17464.05,7008
2021-06-07 09:38:49,17464.05,7008
2021-06-07 09:38:50,17472.0,7018
2021-06-07 09:38:51,17472.0,7018
2021-06-07 09:38:52,17472.0,7018
2021-06-07 09:38:53,17472.0,7035
2021-06-07 09:38:55,17470.0,7044
2021-06-07 09:38:56,17470.0,7044
2021-06-07 09:38:58,17470.0,7046
2021-06-07 09:38:59,17470.0,7046
2021-06-07 09:39:00,17473.95,7049
2021-06-07 09:39:02,17473.95,7049
2021-06-07 09:39:03,17475.95,7054
2021-06-07 09:39:06,17475.95,7054
2021-06-07 09:39:07,17476.0,7060
2021-06-07 09:39:08,17476.0,7065
2021-06-07 09:39:09,17476.0,7071
2021-06-07 09:39:09,17469.2,7074
2021-06-07 09:39:11,17469.2,7074
2021-06-07 09:39:12,17476.0,7077
2021-06-07 09:39:13,17476.0,7078
2021-06-07 09:39:14,17479.0,7090
2021-06-07 09:39:15,17479.0,7090
2021-06-07 09:39:16,17480.0,7093
2021-06-07 09:39:17,17472.85,7112
2021-06-07 09:39:18,17476.0,7113
2021-06-07 09:39:19,17481.6,7114
2021-06-07 09:39:20,17476.0,7115
2021-06-07 09:39:21,17476.0,7119
2021-06-07 09:39:22,17476.0,7119
2021-06-07 09:39:23,17476.0,7119
2021-06-07 09:39:24,17476.0,7119
2021-06-07 09:39:25,17476.0,7119
2021-06-07 09:39:26,17476.0,7125
2021-06-07 09:39:28,17476.0,7125
2021-06-07 09:39:29,17476.0,7125
2021-06-07 09:39:31,17483.0,7143
2021-06-07 09:39:32,17483.0,7143
2021-06-07 09:39:33,17483.0,7143
2021-06-07 09:39:34,17484.95,7146
2021-06-07 09:39:35,17484.95,7146
2021-06-07 09:39:36,17485.0,7150
2021-06-07 09:39:38,17485.0,7150
2021-06-07 09:39:39,17485.0,7150
2021-06-07 09:39:41,17485.0,7150
2021-06-07 09:39:42,17486.0,7151
2021-06-07 09:39:43,17486.0,7151
2021-06-07 09:39:43,17486.0,7154
2021-06-07 09:39:46,17485.95,7158
2021-06-07 09:39:47,17485.95,7158
2021-06-07 09:39:48,17485.95,7159
2021-06-07 09:39:49,17485.95,7159
2021-06-07 09:39:50,17480.0,7174
2021-06-07 09:39:51,17480.0,7174
2021-06-07 09:39:52,17480.0,7174
2021-06-07 09:39:53,17486.0,7178
2021-06-07 09:39:54,17486.0,7178
2021-06-07 09:39:55,17486.0,7178
2021-06-07 09:39:56,17486.0,7178
2021-06-07 09:39:57,17485.95,7179
2021-06-07 09:39:58,17486.0,7285
2021-06-07 09:40:00,17482.4,7289
2021-06-07 09:40:01,17497.55,7324
2021-06-07 09:40:02,17497.55,7324
2021-06-07 09:40:03,17497.55,7324
2021-06-07 09:40:04,17497.55,7324
2021-06-07 09:40:05,17480.95,7329
2021-06-07 09:40:06,17480.95,7329
2021-06-07 09:40:07,17480.95,7329
2021-06-07 09:40:08,17499.7,7348
2021-06-07 09:40:09,17499.7,7348
2021-06-07 09:40:09,17499.7,7348
2021-06-07 09:40:10,17482.05,7358
2021-06-07 09:40:12,17482.05,7358
2021-06-07 09:40:13,17482.05,7358
2021-06-07 09:40:14,17482.25,7363
2021-06-07 09:40:14,17482.25,7363
2021-06-07 09:40:15,17482.25,7363
2021-06-07 09:40:16,17494.0,7368
2021-06-07 09:40:17,17493.8,7370
2021-06-07 09:40:18,17493.8,7370
2021-06-07 09:40:20,17493.8,7370
2021-06-07 09:40:21,17482.85,7375
2021-06-07 09:40:23,17492.15,7401
2021-06-07 09:40:24,17492.15,7401
2021-06-07 09:40:24,17492.15,7401
2021-06-07 09:40:25,17492.15,7401
2021-06-07 09:40:26,17493.7,7403
2021-06-07 09:40:28,17493.7,7403
2021-06-07 09:40:28,17490.0,7408
2021-06-07 09:40:30,17490.0,7408
2021-06-07 09:40:31,17493.75,7409
2021-06-07 09:40:32,17493.75,7409
2021-06-07 09:40:33,17493.75,7409
2021-06-07 09:40:34,17493.75,7409
2021-06-07 09:40:35,17493.75,7409
2021-06-07 09:40:36,17493.75,7409
2021-06-07 09:40:37,17493.75,7409
2021-06-07 09:40:37,17493.75,7409
2021-06-07 09:40:38,17490.0,7422
2021-06-07 09:40:40,17490.0,7422
2021-06-07 09:40:41,17490.0,7422
2021-06-07 09:40:42,17490.0,7422
2021-06-07 09:40:43,17490.0,7422
2021-06-07 09:40:44,17490.0,7437
2021-06-07 09:40:45,17480.0,7494
2021-06-07 09:40:46,17480.0,7494
2021-06-07 09:40:47,17484.4,7495
2021-06-07 09:40:48,17484.4,7495
2021-06-07 09:40:54,17484.0,7503
2021-06-07 09:40:59,17482.35,7507
2021-06-07 09:41:04,17489.9,7518
2021-06-07 09:41:09,17484.05,7562
2021-06-07 09:41:14,17484.05,7562
2021-06-07 09:41:19,17482.8,7586
2021-06-07 09:41:24,17478.4,7590
2021-06-07 09:41:29,17478.4,7590
2021-06-07 09:41:34,17476.0,7600
2021-06-07 09:41:39,17476.0,7600
2021-06-07 09:41:43,17478.4,7651
2021-06-07 09:41:48,17483.9,7652
2021-06-07 09:41:53,17480.0,7672
2021-06-07 09:41:58,17473.65,7673
2021-06-07 09:42:02,17473.65,7673
2021-06-07 09:42:07,17473.65,7675
2021-06-07 09:42:12,17480.0,7677
2021-06-07 09:42:17,17473.65,7684
2021-06-07 09:42:21,17480.0,7689
2021-06-07 09:42:26,17471.15,7704
2021-06-07 09:42:31,17479.9,7707
2021-06-07 09:42:36,17472.45,7708
2021-06-07 09:42:41,17473.65,7715
2021-06-07 09:42:46,17473.65,7715
2021-06-07 09:42:50,17477.8,7742
2021-06-07 09:42:56,17470.05,7744
2021-06-07 09:43:01,17470.0,7746
2021-06-07 09:43:06,17472.0,7765
2021-06-07 09:43:11,17472.0,7765
2021-06-07 09:43:16,17472.0,7765
2021-06-07 09:43:21,17471.85,7775
2021-06-07 09:43:26,17471.85,7778
2021-06-07 09:43:31,17471.85,7778
2021-06-07 09:43:35,17478.15,7821
2021-06-07 09:43:40,17470.05,7822
2021-06-07 09:43:45,17466.0,7825
2021-06-07 09:43:50,17466.0,7825
2021-06-07 09:43:55,17470.0,7828
2021-06-07 09:44:04,17470.0,7855
2021-06-07 09:44:09,17470.0,7855
2021-06-07 09:44:14,17466.0,7861
2021-06-07 09:44:19,17470.0,7863
2021-06-07 09:44:23,17470.0,7863
2021-06-07 09:44:28,17466.0,7865
2021-06-07 09:44:37,17470.05,7873
2021-06-07 09:44:42,17470.05,7873
2021-06-07 09:44:46,17470.05,7873
2021-06-07 09:44:51,17475.0,7894
2021-06-07 09:44:55,17468.0,7905
2021-06-07 09:44:59,17468.0,7905
2021-06-07 09:45:04,17468.0,7905
2021-06-07 09:45:09,17468.0,7905
2021-06-07 09:45:14,17468.0,7905
2021-06-07 09:45:18,17470.0,7907
2021-06-07 09:45:24,17468.0,7915
2021-06-07 09:45:29,17470.05,7929
2021-06-07 09:45:34,17469.15,7930
2021-06-07 09:45:38,17469.15,7956
2021-06-07 09:45:43,17470.0,7973
2021-06-07 09:45:48,17470.0,7973
2021-06-07 09:45:53,17466.0,8000
2021-06-07 09:45:57,17465.25,8005
2021-06-07 09:46:03,17470.0,8011
2021-06-07 09:46:07,17457.0,8108
2021-06-07 09:46:12,17450.0,8171
2021-06-07 09:46:17,17459.15,8183
2021-06-07 09:46:22,17453.2,8185
2021-06-07 09:46:27,17459.15,8187
2021-06-07 09:46:41,17459.15,8192
2021-06-07 09:46:46,17459.15,8192
2021-06-07 09:46:51,17452.5,8194
2021-06-07 09:46:56,17459.15,8199
2021-06-07 09:47:01,17458.65,8204
2021-06-07 09:47:06,17458.65,8204
2021-06-07 09:47:11,17458.65,8206
2021-06-07 09:47:16,17452.75,8208
2021-06-07 09:47:20,17452.8,8209
2021-06-07 09:47:25,17452.8,8209
2021-06-07 09:47:30,17452.8,8209
2021-06-07 09:47:35,17458.65,8219
2021-06-07 09:47:40,17452.75,8221
2021-06-07 09:47:45,17450.0,8253
2021-06-07 09:47:49,17450.0,8253
2021-06-07 09:47:54,17450.0,8253
2021-06-07 09:47:59,17450.05,8254
2021-06-07 09:48:04,17450.05,8256
2021-06-07 09:48:08,17434.95,8548
2021-06-07 09:48:13,17440.7,8596
2021-06-07 09:48:18,17428.6,8606
2021-06-07 09:48:22,17426.8,8607
2021-06-07 09:48:27,17425.05,8711
2021-06-07 09:48:32,17429.5,8718
2021-06-07 09:48:36,17423.3,8725
2021-06-07 09:48:41,17438.55,8728
2021-06-07 09:48:46,17438.55,8728
2021-06-07 09:48:50,17426.05,8741
2021-06-07 09:48:55,17431.95,8742
2021-06-07 09:48:59,17426.85,8743
2021-06-07 09:49:04,17435.9,8756
2021-06-07 09:49:09,17435.9,8756
2021-06-07 09:49:14,17435.9,8756
2021-06-07 09:49:19,17430.05,8757
2021-06-07 09:49:23,17430.05,8757
2021-06-07 09:49:28,17438.0,8767
2021-06-07 09:49:33,17438.0,8767
2021-06-07 09:49:37,17449.6,8869
2021-06-07 09:49:42,17438.6,8876
2021-06-07 09:49:46,17448.85,8877
2021-06-07 09:49:51,17448.85,8902
2021-06-07 09:49:55,17458.95,8907
2021-06-07 09:50:00,17460.0,8912
2021-06-07 09:50:04,17460.0,8914
2021-06-07 09:50:09,17460.0,8914
2021-06-07 09:50:14,17460.0,8957
2021-06-07 09:50:18,17460.0,8957
2021-06-07 09:50:23,17463.0,8960
2021-06-07 09:50:28,17460.0,8972
2021-06-07 09:50:32,17455.25,8973
2021-06-07 09:50:37,17457.9,8994
2021-06-07 09:50:47,17455.25,8997
2021-06-07 09:50:50,17460.0,9007
2021-06-07 09:50:51,17460.0,9007
2021-06-07 09:50:53,17455.0,9009
2021-06-07 09:50:53,17455.0,9009
2021-06-07 09:50:54,17455.0,9009
2021-06-07 09:50:56,17455.0,9009
2021-06-07 09:50:57,17451.65,9010
2021-06-07 09:50:58,17451.65,9010
2021-06-07 09:50:58,17451.65,9010
2021-06-07 09:50:59,17451.65,9010
2021-06-07 09:51:01,17451.65,9010
2021-06-07 09:51:01,17451.65,9010
2021-06-07 09:51:02,17455.0,9014
2021-06-07 09:51:04,17455.0,9026
2021-06-07 09:51:04,17455.0,9026
2021-06-07 09:51:05,17455.0,9026
2021-06-07 09:51:06,17455.0,9026
2021-06-07 09:51:07,17455.0,9026
2021-06-07 09:51:09,17455.0,9026
2021-06-07 09:51:10,17455.0,9026
2021-06-07 09:51:10,17455.0,9026
2021-06-07 09:51:11,17455.0,9026
2021-06-07 09:51:13,17455.0,9026
2021-06-07 09:51:13,17455.0,9026
2021-06-07 09:51:14,17455.0,9026
2021-06-07 09:51:15,17455.0,9026
2021-06-07 09:51:16,17459.2,9029
2021-06-07 09:51:18,17459.2,9029
2021-06-07 09:51:19,17455.0,9030
2021-06-07 09:51:21,17455.0,9030
2021-06-07 09:51:23,17455.0,9030
2021-06-07 09:51:24,17455.0,9030
2021-06-07 09:51:25,17455.0,9030
2021-06-07 09:51:26,17455.0,9031
2021-06-07 09:51:27,17455.0,9031
2021-06-07 09:51:29,17455.0,9031
2021-06-07 09:51:30,17455.0,9031
2021-06-07 09:51:31,17455.0,9031
2021-06-07 09:51:32,17455.0,9031
2021-06-07 09:51:33,17455.0,9031
2021-06-07 09:51:33,17455.0,9033
2021-06-07 09:51:35,17455.0,9037
2021-06-07 09:51:35,17455.0,9037
2021-06-07 09:51:36,17455.0,9037
2021-06-07 09:51:38,17455.0,9050
2021-06-07 09:51:39,17455.0,9050
2021-06-07 09:51:40,17455.0,9050
2021-06-07 09:51:41,17455.0,9050
2021-06-07 09:51:43,17455.0,9050
2021-06-07 09:51:44,17455.0,9050
2021-06-07 09:51:44,17455.0,9050
2021-06-07 09:51:45,17448.85,9065
2021-06-07 09:51:47,17443.6,9067
2021-06-07 09:51:48,17443.6,9067
2021-06-07 09:51:49,17443.6,9067
2021-06-07 09:51:50,17443.6,9067
2021-06-07 09:51:51,17439.75,9077
2021-06-07 09:51:55,17439.75,9077
2021-06-07 09:51:58,17441.2,9080
2021-06-07 09:51:59,17440.9,9083
2021-06-07 09:52:00,17440.9,9083
2021-06-07 09:52:01,17450.0,9084
2021-06-07 09:52:02,17450.0,9086
2021-06-07 09:52:03,17450.0,9087
2021-06-07 09:52:04,17450.0,9087
2021-06-07 09:52:06,17450.0,9089
2021-06-07 09:52:05,17450.0,9089
2021-06-07 09:52:07,17450.0,9090
2021-06-07 09:52:09,17450.0,9090
2021-06-07 09:52:10,17450.0,9090
2021-06-07 09:52:12,17450.0,9090
2021-06-07 09:52:13,17450.0,9090
2021-06-07 09:52:14,17442.0,9091
2021-06-07 09:52:16,17442.0,9091
2021-06-07 09:52:18,17442.0,9091
2021-06-07 09:52:19,17442.0,9091
2021-06-07 09:52:20,17423.6,9468
2021-06-07 09:52:21,17437.9,9469
2021-06-07 09:52:23,17437.9,9469
2021-06-07 09:52:22,17437.9,9469
2021-06-07 09:52:24,17437.9,9469
2021-06-07 09:52:24,17437.9,9469
2021-06-07 09:52:26,17416.65,9640
2021-06-07 09:52:27,17430.05,9648
2021-06-07 09:52:29,17430.05,9651
2021-06-07 09:52:30,17424.0,9653
2021-06-07 09:52:31,17424.0,9653
2021-06-07 09:52:32,17424.0,9653
2021-06-07 09:52:33,17424.0,9653
2021-06-07 09:52:34,17424.0,9653
2021-06-07 09:52:35,17429.65,9663
2021-06-07 09:52:36,17424.45,9664
2021-06-07 09:52:37,17424.45,9664
2021-06-07 09:52:38,17429.6,9667
2021-06-07 09:52:39,17429.6,9667
2021-06-07 09:52:40,17429.6,9667
2021-06-07 09:52:41,17429.6,9668
2021-06-07 09:52:42,17429.6,9668
2021-06-07 09:52:43,17429.6,9668
2021-06-07 09:52:44,17429.6,9668
2021-06-07 09:52:45,17429.6,9668
2021-06-07 09:52:46,17429.6,9668
2021-06-07 09:52:47,17429.6,9668
2021-06-07 09:52:48,17429.6,9668
2021-06-07 09:52:49,17429.6,9668
2021-06-07 09:52:50,17429.6,9668
2021-06-07 09:52:51,17429.6,9668
2021-06-07 09:52:52,17429.6,9668
2021-06-07 09:52:53,17429.6,9668
2021-06-07 09:52:54,17434.1,9671
2021-06-07 09:52:55,17434.1,9671
2021-06-07 09:52:56,17434.1,9671
2021-06-07 09:52:57,17434.1,9671
2021-06-07 09:52:58,17433.7,9677
2021-06-07 09:52:59,17433.7,9677
2021-06-07 09:53:00,17433.7,9677
2021-06-07 09:53:01,17433.7,9677
2021-06-07 09:53:02,17433.7,9677
2021-06-07 09:53:03,17433.7,9677
2021-06-07 09:53:04,17433.7,9677
2021-06-07 09:53:06,17437.25,9683
2021-06-07 09:53:07,17437.25,9683
2021-06-07 09:53:07,17437.25,9683
2021-06-07 09:53:08,17437.25,9683
2021-06-07 09:53:09,17437.25,9683
2021-06-07 09:53:10,17437.25,9683
2021-06-07 09:53:11,17437.25,9683
2021-06-07 09:53:13,17437.25,9683
2021-06-07 09:53:14,17437.25,9683
2021-06-07 09:53:15,17437.25,9683
2021-06-07 09:53:16,17439.1,9684
2021-06-07 09:53:16,17439.1,9684
2021-06-07 09:53:18,17439.1,9685
2021-06-07 09:53:19,17439.1,9685
2021-06-07 09:53:20,17439.05,9686
2021-06-07 09:53:21,17439.05,9686
2021-06-07 09:53:22,17439.05,9686
2021-06-07 09:53:23,17439.05,9686
2021-06-07 09:53:24,17439.05,9686
2021-06-07 09:53:25,17439.05,9686
2021-06-07 09:53:26,17438.85,9688
2021-06-07 09:53:27,17438.85,9688
2021-06-07 09:53:28,17438.85,9688
2021-06-07 09:53:29,17438.85,9688
2021-06-07 09:53:30,17438.85,9688
2021-06-07 09:53:31,17438.85,9688
2021-06-07 09:53:32,17438.85,9688
2021-06-07 09:53:33,17438.85,9688
2021-06-07 09:53:33,17438.85,9688
2021-06-07 09:53:34,17441.3,9698
2021-06-07 09:53:36,17441.3,9698
2021-06-07 09:53:37,17441.3,9698
2021-06-07 09:53:38,17441.3,9698
2021-06-07 09:53:39,17441.3,9698
2021-06-07 09:53:40,17441.3,9698
2021-06-07 09:53:41,17441.3,9698
2021-06-07 09:53:42,17441.3,9698
2021-06-07 09:53:43,17441.3,9698
2021-06-07 09:53:44,17441.4,9704
2021-06-07 09:53:45,17441.4,9704
2021-06-07 09:53:46,17441.4,9704
2021-06-07 09:53:47,17441.4,9704
2021-06-07 09:53:48,17441.4,9704
2021-06-07 09:53:49,17441.4,9704
2021-06-07 09:53:50,17441.4,9704
2021-06-07 09:53:51,17441.4,9704
2021-06-07 09:53:52,17441.4,9704
2021-06-07 09:53:53,17441.4,9704
2021-06-07 09:53:54,17432.0,9706
2021-06-07 09:53:55,17432.0,9706
2021-06-07 09:53:56,17432.0,9706
2021-06-07 09:53:57,17432.0,9706
2021-06-07 09:53:58,17432.0,9706
2021-06-07 09:53:59,17432.0,9706
2021-06-07 09:54:00,17438.85,9707
2021-06-07 09:54:01,17438.85,9707
2021-06-07 09:54:02,17438.85,9707
2021-06-07 09:54:03,17438.85,9707
2021-06-07 09:54:04,17438.85,9707
2021-06-07 09:54:05,17438.85,9708
2021-06-07 09:54:06,17438.85,9710
2021-06-07 09:54:07,17438.85,9710
2021-06-07 09:54:08,17438.85,9710
2021-06-07 09:54:09,17438.85,9712
2021-06-07 09:54:11,17438.85,9712
2021-06-07 09:54:14,17438.85,9712
2021-06-07 09:54:16,17438.75,9715
2021-06-07 09:54:17,17438.75,9715
2021-06-07 09:54:18,17438.75,9715
2021-06-07 09:54:19,17438.75,9715
2021-06-07 09:54:20,17438.75,9715
2021-06-07 09:54:21,17438.75,9715
2021-06-07 09:54:22,17438.75,9715
2021-06-07 09:54:23,17438.75,9715
2021-06-07 09:54:24,17436.0,9720
2021-06-07 09:54:25,17436.0,9720
2021-06-07 09:54:26,17430.0,9722
2021-06-07 09:54:27,17430.0,9722
2021-06-07 09:54:28,17430.0,9722
2021-06-07 09:54:29,17430.0,9728
2021-06-07 09:54:30,17430.0,9728
2021-06-07 09:54:31,17431.0,9729
2021-06-07 09:54:32,17431.0,9729
2021-06-07 09:54:33,17431.0,9729
2021-06-07 09:54:34,17431.0,9729
2021-06-07 09:54:36,17431.0,9730
2021-06-07 09:54:35,17431.0,9729
2021-06-07 09:54:37,17431.0,9732
2021-06-07 09:54:40,17431.0,9732
2021-06-07 09:54:41,17431.0,9732
2021-06-07 09:54:42,17431.0,9732
2021-06-07 09:54:43,17431.0,9732
2021-06-07 09:54:44,17436.0,9742
2021-06-07 09:54:45,17430.0,9772
2021-06-07 09:54:46,17430.0,9772
2021-06-07 09:54:47,17430.0,9772
2021-06-07 09:54:48,17430.0,9772
2021-06-07 09:54:49,17430.0,9772
2021-06-07 09:54:50,17429.6,9773
2021-06-07 09:54:51,17431.0,9774
2021-06-07 09:54:55,17431.0,9774
2021-06-07 09:54:54,17431.0,9774
2021-06-07 09:54:56,17431.0,9774
2021-06-07 09:54:57,17430.0,9775
2021-06-07 09:54:58,17430.0,9775
2021-06-07 09:54:59,17430.0,9775
2021-06-07 09:55:00,17429.6,9812
2021-06-07 09:55:01,17429.6,9812
2021-06-07 09:55:02,17429.6,9812
2021-06-07 09:55:03,17429.6,9812
2021-06-07 09:55:04,17429.6,9812
2021-06-07 09:55:05,17429.6,9812
2021-06-07 09:55:06,17429.6,9812
2021-06-07 09:55:07,17429.6,9812
2021-06-07 09:55:08,17429.6,9812
2021-06-07 09:55:09,17429.6,9812
2021-06-07 09:55:10,17429.6,9814
2021-06-07 09:55:12,17429.6,9814
2021-06-07 09:55:13,17429.6,9814
2021-06-07 09:55:14,17429.6,9814
2021-06-07 09:55:15,17429.6,9814
2021-06-07 09:55:16,17429.6,9814
2021-06-07 09:55:17,17429.6,9814
2021-06-07 09:55:18,17430.0,9815
2021-06-07 09:55:19,17430.0,9815
2021-06-07 09:55:20,17430.0,9815
2021-06-07 09:55:24,17430.0,9815
2021-06-07 09:55:26,17430.0,9815
2021-06-07 09:55:27,17430.0,9816
2021-06-07 09:55:28,17430.0,9816
2021-06-07 09:55:29,17430.0,9818
2021-06-07 09:55:30,17425.0,9819
2021-06-07 09:55:31,17425.0,9819
2021-06-07 09:55:32,17425.0,9819
2021-06-07 09:55:33,17425.0,9819
2021-06-07 09:55:34,17425.0,9819
2021-06-07 09:55:35,17425.0,9819
2021-06-07 09:55:38,17425.0,9819
2021-06-07 09:55:39,17430.0,9824
2021-06-07 09:55:40,17425.0,9826
2021-06-07 09:55:44,17430.0,9829
2021-06-07 09:55:46,17430.0,9829
2021-06-07 09:55:48,17430.0,9829
2021-06-07 09:55:50,17425.05,9830
2021-06-07 09:55:51,17425.05,9837
2021-06-07 09:55:52,17424.0,9893
2021-06-07 09:55:53,17424.0,9893
2021-06-07 09:55:54,17424.0,9893
2021-06-07 09:55:55,17424.0,9893
2021-06-07 09:55:56,17424.0,9893
2021-06-07 09:55:57,17424.0,9893
2021-06-07 09:55:58,17424.0,9893
2021-06-07 09:55:59,17424.0,9893
2021-06-07 09:56:00,17424.0,9893
2021-06-07 09:56:01,17424.0,9893
2021-06-07 09:56:02,17411.05,9930
2021-06-07 09:56:03,17411.05,9930
2021-06-07 09:56:05,17411.05,9930
2021-06-07 09:56:07,17408.9,9933
2021-06-07 09:56:08,17408.9,9933
2021-06-07 09:56:08,17408.9,9933
2021-06-07 09:56:09,17408.9,9933
2021-06-07 09:56:11,17408.25,9937
2021-06-07 09:56:11,17408.9,9933
2021-06-07 09:56:12,17408.25,9937
2021-06-07 09:56:13,17408.25,9937
2021-06-07 09:56:14,17408.25,9937
2021-06-07 09:56:15,17408.25,9937
2021-06-07 09:56:16,17417.45,9943
2021-06-07 09:56:17,17417.45,9943
2021-06-07 09:56:18,17417.45,9943
2021-06-07 09:56:19,17417.45,9943
2021-06-07 09:56:20,17417.45,9943
2021-06-07 09:56:21,17417.45,9943
2021-06-07 09:56:22,17417.45,9943
2021-06-07 09:56:23,17417.45,9943
2021-06-07 09:56:25,17417.45,9943
2021-06-07 09:56:26,17417.45,9943
2021-06-07 09:56:27,17417.45,9943
2021-06-07 09:56:28,17417.95,9944
2021-06-07 09:56:29,17411.0,9946
2021-06-07 09:56:30,17411.0,9946
2021-06-07 09:56:31,17411.0,9946
2021-06-07 09:56:31,17411.0,9946
2021-06-07 09:56:32,17411.0,9946
2021-06-07 09:56:33,17411.0,9946
2021-06-07 09:56:34,17411.0,9946
2021-06-07 09:56:35,17411.0,9946
2021-06-07 09:56:36,17417.0,9947
2021-06-07 09:56:37,17417.0,9947
2021-06-07 09:56:38,17417.0,9947
2021-06-07 09:56:39,17417.0,9947
2021-06-07 09:56:40,17411.0,9948
2021-06-07 09:56:41,17411.0,9948
2021-06-07 09:56:42,17411.0,9957
2021-06-07 09:56:43,17417.0,9958
2021-06-07 09:56:44,17410.05,9960
2021-06-07 09:56:45,17410.05,9960
2021-06-07 09:56:46,17410.05,9960
2021-06-07 09:56:49,17410.05,9960
2021-06-07 09:56:49,17410.05,9960
2021-06-07 09:56:51,17410.05,9960
2021-06-07 09:56:52,17410.25,9966
2021-06-07 09:56:53,17410.25,9966
2021-06-07 09:56:54,17410.25,9968
2021-06-07 09:56:55,17410.25,9968
2021-06-07 09:56:56,17417.0,9972
2021-06-07 09:56:57,17417.0,9972
2021-06-07 09:56:58,17417.0,9972
2021-06-07 09:57:00,17417.0,9973
2021-06-07 09:57:01,17417.0,9974
2021-06-07 09:57:03,17417.0,9974
2021-06-07 09:57:03,17417.0,9974
2021-06-07 09:57:04,17417.0,9974
2021-06-07 09:57:05,17417.0,9974
2021-06-07 09:57:06,17417.0,9974
2021-06-07 09:57:07,17417.0,9974
2021-06-07 09:57:08,17417.0,9974
2021-06-07 09:57:09,17417.0,9974
2021-06-07 09:57:11,17417.0,9974
2021-06-07 09:57:12,17417.0,9974
2021-06-07 09:57:14,17417.0,9974
2021-06-07 09:57:16,17417.0,9974
2021-06-07 09:57:17,17417.0,9974
2021-06-07 09:57:19,17417.0,9974
2021-06-07 09:57:20,17417.0,9974
2021-06-07 09:57:21,17417.0,9974
2021-06-07 09:57:23,17417.0,9976
2021-06-07 09:57:24,17417.0,9976
2021-06-07 09:57:25,17417.0,9976
2021-06-07 09:57:25,17417.0,9976
2021-06-07 09:57:27,17417.0,9976
2021-06-07 09:57:28,17417.0,9976
2021-06-07 09:57:28,17417.0,9977
2021-06-07 09:57:29,17417.0,9977
2021-06-07 09:57:30,17417.0,9977
2021-06-07 09:57:31,17417.0,9977
2021-06-07 09:57:32,17417.0,9977
2021-06-07 09:57:35,17417.0,9977
2021-06-07 09:57:36,17417.0,9977
2021-06-07 09:57:37,17417.0,9977
2021-06-07 09:57:38,17417.0,9978
2021-06-07 09:57:41,17417.0,9978
2021-06-07 09:57:41,17417.0,9978
2021-06-07 09:57:42,17417.0,9978
2021-06-07 09:57:43,17417.0,9978
2021-06-07 09:57:44,17417.0,9998
2021-06-07 09:57:45,17417.0,10000
2021-06-07 09:57:46,17419.75,10006
2021-06-07 09:57:47,17419.75,10009
2021-06-07 09:57:49,17419.75,10011
2021-06-07 09:57:49,17419.85,10019
2021-06-07 09:57:50,17419.9,10024
2021-06-07 09:57:52,17419.9,10024
2021-06-07 09:57:52,17420.0,10026
2021-06-07 09:57:53,17420.0,10026
2021-06-07 09:57:54,17420.0,10026
2021-06-07 09:57:55,17420.0,10026
2021-06-07 09:57:56,17420.0,10026
2021-06-07 09:57:57,17422.05,10046
2021-06-07 09:57:58,17422.05,10046
2021-06-07 09:58:00,17422.05,10046
2021-06-07 09:58:01,17422.05,10046
2021-06-07 09:58:02,17422.1,10056
2021-06-07 09:58:03,17422.1,10056
2021-06-07 09:58:05,17420.0,10057
2021-06-07 09:58:05,17420.0,10057
2021-06-07 09:58:06,17420.0,10057
2021-06-07 09:58:07,17420.0,10057
2021-06-07 09:58:08,17420.0,10057
2021-06-07 09:58:09,17420.0,10057
2021-06-07 09:58:10,17420.0,10057
2021-06-07 09:58:11,17410.05,10058
2021-06-07 09:58:12,17410.05,10058
2021-06-07 09:58:13,17410.05,10058
2021-06-07 09:58:14,17419.9,10063
2021-06-07 09:58:15,17419.9,10063
2021-06-07 09:58:17,17419.9,10063
2021-06-07 09:58:17,17419.9,10063
2021-06-07 09:58:18,17405.0,10088
2021-06-07 09:58:19,17405.0,10088
2021-06-07 09:58:21,17405.0,10088
2021-06-07 09:58:23,17405.0,10088
2021-06-07 09:58:23,17405.0,10088
2021-06-07 09:58:24,17405.0,10088
2021-06-07 09:58:25,17405.0,10088
2021-06-07 09:58:26,17405.0,10088
2021-06-07 09:58:28,17405.0,10088
2021-06-07 09:58:28,17405.0,10088
2021-06-07 09:58:29,17405.0,10088
2021-06-07 09:58:30,17405.0,10088
2021-06-07 09:58:31,17419.8,10103
2021-06-07 09:58:33,17419.8,10103
2021-06-07 09:58:34,17419.8,10103
2021-06-07 09:58:35,17419.8,10103
2021-06-07 09:58:35,17410.0,10105
2021-06-07 09:58:36,17419.6,10108
2021-06-07 09:58:37,17419.6,10108
2021-06-07 09:58:38,17419.6,10108
2021-06-07 09:58:39,17419.6,10108
2021-06-07 09:58:40,17419.6,10108
2021-06-07 09:58:41,17419.6,10110
2021-06-07 09:58:43,17419.6,10110
2021-06-07 09:58:44,17419.6,10110
2021-06-07 09:58:44,17419.6,10110
2021-06-07 09:58:45,17419.6,10110
2021-06-07 09:58:46,17419.6,10110
2021-06-07 09:58:47,17419.6,10110
2021-06-07 09:58:48,17419.8,10114
2021-06-07 09:58:49,17419.8,10114
2021-06-07 09:58:50,17419.8,10114
2021-06-07 09:58:52,17419.8,10114
2021-06-07 09:58:53,17419.8,10114
2021-06-07 09:58:54,17419.8,10114
2021-06-07 09:58:55,17419.8,10114
2021-06-07 09:58:57,17419.8,10114
2021-06-07 09:58:58,17419.8,10114
2021-06-07 09:58:59,17419.8,10114
2021-06-07 09:59:01,17419.8,10114
2021-06-07 09:59:02,17419.8,10114
2021-06-07 09:59:03,17419.8,10114
2021-06-07 09:59:03,17419.8,10114
2021-06-07 09:59:04,17419.8,10114
2021-06-07 09:59:06,17419.8,10114
2021-06-07 09:59:07,17419.8,10114
2021-06-07 09:59:09,17419.8,10119
2021-06-07 09:59:10,17419.8,10119
2021-06-07 09:59:12,17419.8,10119
2021-06-07 09:59:13,17419.8,10119
2021-06-07 09:59:14,17419.8,10119
2021-06-07 09:59:15,17419.8,10121
2021-06-07 09:59:15,17419.8,10121
2021-06-07 09:59:16,17419.8,10121
2021-06-07 09:59:17,17419.8,10121
2021-06-07 09:59:18,17419.8,10121
2021-06-07 09:59:19,17419.8,10121
2021-06-07 09:59:20,17419.8,10121
2021-06-07 09:59:22,17419.8,10121
2021-06-07 09:59:23,17419.8,10121
2021-06-07 09:59:24,17419.8,10121
2021-06-07 09:59:25,17419.8,10121
2021-06-07 09:59:25,17419.8,10121
2021-06-07 09:59:26,17420.0,10127
2021-06-07 09:59:27,17420.0,10127
2021-06-07 09:59:28,17420.0,10127
2021-06-07 09:59:29,17420.0,10127
2021-06-07 09:59:30,17422.7,10128
2021-06-07 09:59:34,17422.7,10128
2021-06-07 09:59:33,17422.7,10128
2021-06-07 09:59:35,17422.7,10128
2021-06-07 09:59:35,17422.7,10128
2021-06-07 09:59:36,17422.7,10128
2021-06-07 09:59:39,17422.7,10128
2021-06-07 09:59:39,17422.7,10128
2021-06-07 09:59:40,17422.7,10128
2021-06-07 09:59:41,17422.7,10128
2021-06-07 09:59:42,17422.7,10128
2021-06-07 09:59:43,17422.7,10128
2021-06-07 09:59:44,17422.7,10128
2021-06-07 09:59:46,17422.7,10128
2021-06-07 09:59:47,17420.0,10129
2021-06-07 09:59:48,17420.0,10129
2021-06-07 09:59:49,17420.0,10129
2021-06-07 09:59:50,17420.0,10129
2021-06-07 09:59:51,17422.7,10130
2021-06-07 09:59:52,17422.7,10130
2021-06-07 09:59:53,17422.7,10131
2021-06-07 09:59:53,17422.7,10131
2021-06-07 09:59:54,17422.7,10131
2021-06-07 09:59:55,17422.7,10131
2021-06-07 09:59:56,17422.7,10131
2021-06-07 09:59:58,17422.7,10132
2021-06-07 09:59:59,17422.7,10132
2021-06-07 10:00:00,17422.55,10146
2021-06-07 10:00:01,17422.55,10146
2021-06-07 10:00:03,17422.55,10146
2021-06-07 10:00:04,17422.7,10147
2021-06-07 10:00:05,17420.0,10151
2021-06-07 10:00:06,17420.0,10151
2021-06-07 10:00:06,17420.0,10151
2021-06-07 10:00:07,17420.0,10151
2021-06-07 10:00:08,17420.0,10166
2021-06-07 10:00:09,17420.0,10166
2021-06-07 10:00:10,17420.0,10166
2021-06-07 10:00:12,17420.0,10166
2021-06-07 10:00:13,17420.0,10166
2021-06-07 10:00:14,17420.0,10166
2021-06-07 10:00:14,17420.0,10166
2021-06-07 10:00:15,17420.0,10166
2021-06-07 10:00:16,17420.0,10166
2021-06-07 10:00:17,17420.0,10166
2021-06-07 10:00:18,17422.7,10170
2021-06-07 10:00:19,17422.7,10170
2021-06-07 10:00:20,17422.7,10170
2021-06-07 10:00:21,17422.7,10170
2021-06-07 10:00:22,17422.7,10170
2021-06-07 10:00:24,17422.7,10170
2021-06-07 10:00:25,17422.7,10170
2021-06-07 10:00:26,17422.7,10170
2021-06-07 10:00:30,17420.0,10173
2021-06-07 10:00:31,17420.0,10193
2021-06-07 10:00:31,17420.0,10193
2021-06-07 10:00:32,17420.0,10193
2021-06-07 10:00:33,17420.0,10193
2021-06-07 10:00:34,17420.0,10193
2021-06-07 10:00:35,17420.0,10195
2021-06-07 10:00:36,17420.0,10195
2021-06-07 10:00:37,17420.0,10195
2021-06-07 10:00:38,17420.0,10195
2021-06-07 10:00:41,17420.0,10195
2021-06-07 10:00:43,17420.0,10195
2021-06-07 10:00:44,17420.0,10195
2021-06-07 10:00:45,17420.0,10195
2021-06-07 10:00:46,17420.0,10195
2021-06-07 10:00:47,17420.0,10195
2021-06-07 10:00:48,17420.0,10195
2021-06-07 10:00:49,17420.0,10195
2021-06-07 10:00:50,17422.0,10197
2021-06-07 10:00:51,17413.9,10199
2021-06-07 10:00:53,17421.6,10207
2021-06-07 10:00:53,17421.6,10207
2021-06-07 10:00:54,17421.6,10207
2021-06-07 10:00:55,17421.6,10207
2021-06-07 10:00:57,17421.6,10207
2021-06-07 10:00:58,17421.6,10207
2021-06-07 10:00:59,17421.6,10207
2021-06-07 10:01:00,17421.6,10207
2021-06-07 10:01:01,17421.6,10207
2021-06-07 10:01:02,17421.6,10207
2021-06-07 10:01:03,17421.6,10207
2021-06-07 10:01:04,17421.6,10207
2021-06-07 10:01:05,17421.6,10207
2021-06-07 10:01:06,17421.6,10207
2021-06-07 10:01:07,17421.6,10207
2021-06-07 10:01:08,17421.6,10207
2021-06-07 10:01:08,17421.6,10208
2021-06-07 10:01:09,17421.6,10208
2021-06-07 10:01:11,17425.0,10283
2021-06-07 10:01:11,17425.0,10283
2021-06-07 10:01:12,17425.0,10283
2021-06-07 10:01:13,17421.6,10285
2021-06-07 10:01:14,17425.0,10288
2021-06-07 10:01:15,17425.0,10288
2021-06-07 10:01:16,17425.0,10288
2021-06-07 10:01:17,17427.25,10290
2021-06-07 10:01:18,17427.25,10290
2021-06-07 10:01:19,17427.25,10290
2021-06-07 10:01:21,17427.25,10290
2021-06-07 10:01:22,17427.25,10290
2021-06-07 10:01:23,17427.25,10290
2021-06-07 10:01:24,17427.25,10290
2021-06-07 10:01:26,17427.25,10290
2021-06-07 10:01:27,17427.25,10290
2021-06-07 10:01:27,17427.25,10290
2021-06-07 10:01:28,17427.25,10290
2021-06-07 10:01:29,17427.25,10290
2021-06-07 10:01:30,17427.25,10290
2021-06-07 10:01:31,17427.25,10290
2021-06-07 10:01:33,17427.25,10290
2021-06-07 10:01:34,17427.25,10290
2021-06-07 10:01:35,17427.25,10290
2021-06-07 10:01:35,17427.25,10290
2021-06-07 10:01:37,17427.25,10290
2021-06-07 10:01:38,17420.0,10292
2021-06-07 10:01:38,17420.0,10292
2021-06-07 10:01:39,17420.0,10292
2021-06-07 10:01:40,17420.0,10292
2021-06-07 10:01:41,17420.0,10292
2021-06-07 10:01:42,17420.0,10292
2021-06-07 10:01:43,17420.0,10292
2021-06-07 10:01:45,17420.0,10292
2021-06-07 10:01:46,17420.0,10293
2021-06-07 10:01:46,17420.0,10293
2021-06-07 10:01:48,17427.25,10294
2021-06-07 10:01:48,17427.25,10294
2021-06-07 10:01:49,17427.25,10294
2021-06-07 10:01:50,17427.25,10294
2021-06-07 10:01:52,17427.25,10294
2021-06-07 10:01:52,17427.25,10294
2021-06-07 10:01:54,17427.25,10294
2021-06-07 10:01:54,17427.25,10294
2021-06-07 10:01:56,17427.25,10294
2021-06-07 10:01:57,17427.25,10294
2021-06-07 10:01:58,17417.95,10295
2021-06-07 10:01:59,17417.95,10295
2021-06-07 10:02:00,17417.95,10295
2021-06-07 10:02:02,17417.95,10295
2021-06-07 10:02:04,17417.95,10295
2021-06-07 10:02:05,17417.95,10295
2021-06-07 10:02:06,17417.95,10295
2021-06-07 10:02:07,17417.95,10295
2021-06-07 10:02:08,17426.0,10296
2021-06-07 10:02:09,17426.0,10296
2021-06-07 10:02:10,17426.0,10296
2021-06-07 10:02:11,17426.0,10296
2021-06-07 10:02:12,17426.0,10296
2021-06-07 10:02:13,17426.0,10296
2021-06-07 10:02:14,17426.0,10296
2021-06-07 10:02:15,17426.0,10296
2021-06-07 10:02:17,17426.0,10296
2021-06-07 10:02:17,17426.0,10296
2021-06-07 10:02:18,17426.0,10296
2021-06-07 10:02:20,17426.0,10296
2021-06-07 10:02:22,17426.0,10296
2021-06-07 10:02:23,17426.0,10296
2021-06-07 10:02:24,17426.0,10296
2021-06-07 10:02:26,17426.0,10296
2021-06-07 10:02:27,17426.0,10298
2021-06-07 10:02:28,17426.0,10298
2021-06-07 10:02:29,17426.0,10298
2021-06-07 10:02:30,17426.0,10298
2021-06-07 10:02:33,17418.0,10299
2021-06-07 10:02:34,17418.0,10299
2021-06-07 10:02:35,17418.0,10299
2021-06-07 10:02:36,17418.0,10299
2021-06-07 10:02:37,17420.0,10300
2021-06-07 10:02:38,17420.0,10300
2021-06-07 10:02:39,17420.0,10300
2021-06-07 10:02:40,17420.0,10300
2021-06-07 10:02:41,17420.0,10300
2021-06-07 10:02:42,17420.0,10300
2021-06-07 10:02:43,17418.0,10302
2021-06-07 10:02:44,17418.0,10304
2021-06-07 10:02:45,17418.0,10304
2021-06-07 10:02:46,17417.95,10307
2021-06-07 10:02:47,17417.95,10307
2021-06-07 10:02:48,17417.95,10307
2021-06-07 10:02:49,17417.95,10307
2021-06-07 10:02:50,17418.0,10314
2021-06-07 10:02:51,17418.0,10314
2021-06-07 10:02:52,17418.0,10314
2021-06-07 10:02:53,17418.0,10314
2021-06-07 10:02:54,17417.0,10316
2021-06-07 10:02:55,17417.0,10316
2021-06-07 10:02:56,17417.0,10316
2021-06-07 10:02:57,17417.0,10316
2021-06-07 10:02:58,17417.0,10316
2021-06-07 10:03:00,17417.0,10316
2021-06-07 10:03:01,17417.0,10320
2021-06-07 10:03:01,17417.0,10320
2021-06-07 10:03:03,17417.0,10320
2021-06-07 10:03:04,17412.05,10321
2021-06-07 10:03:05,17417.0,10323
2021-06-07 10:03:06,17417.0,10323
2021-06-07 10:03:07,17420.45,10328
2021-06-07 10:03:08,17420.45,10328
2021-06-07 10:03:09,17420.45,10328
2021-06-07 10:03:10,17420.45,10328
2021-06-07 10:03:11,17420.45,10328
2021-06-07 10:03:13,17420.45,10328
2021-06-07 10:03:15,17412.8,10330
2021-06-07 10:03:16,17412.8,10330
2021-06-07 10:03:17,17412.8,10330
2021-06-07 10:03:18,17420.75,10331
2021-06-07 10:03:19,17420.75,10332
2021-06-07 10:03:20,17420.75,10334
2021-06-07 10:03:22,17420.75,10341
2021-06-07 10:03:23,17420.75,10341
2021-06-07 10:03:24,17417.0,10350
2021-06-07 10:03:25,17417.0,10352
2021-06-07 10:03:25,17417.0,10352
2021-06-07 10:03:26,17417.0,10352
2021-06-07 10:03:28,17417.0,10352
2021-06-07 10:03:29,17417.0,10352
2021-06-07 10:03:30,17417.0,10352
2021-06-07 10:03:31,17417.0,10352
2021-06-07 10:03:32,17417.0,10352
2021-06-07 10:03:33,17417.0,10352
2021-06-07 10:03:34,17417.0,10352
2021-06-07 10:03:35,17417.0,10352
2021-06-07 10:03:36,17417.0,10352
2021-06-07 10:03:37,17417.0,10352
2021-06-07 10:03:38,17425.2,10353
2021-06-07 10:03:39,17425.2,10353
2021-06-07 10:03:40,17425.2,10353
2021-06-07 10:03:41,17425.2,10353
2021-06-07 10:03:42,17425.2,10353
2021-06-07 10:03:43,17425.2,10353
2021-06-07 10:03:46,17425.2,10353
2021-06-07 10:03:47,17417.8,10354
2021-06-07 10:03:49,17417.8,10354
2021-06-07 10:03:50,17417.8,10354
2021-06-07 10:03:51,17417.8,10354
2021-06-07 10:03:51,17424.95,10359
2021-06-07 10:03:52,17424.95,10359
2021-06-07 10:03:53,17424.95,10359
2021-06-07 10:03:54,17424.95,10359
2021-06-07 10:03:55,17424.95,10359
2021-06-07 10:03:57,17424.95,10359
2021-06-07 10:03:58,17424.95,10359
2021-06-07 10:03:59,17424.95,10359
2021-06-07 10:04:00,17424.95,10359
2021-06-07 10:04:01,17420.8,10363
2021-06-07 10:04:02,17420.8,10373
2021-06-07 10:04:03,17420.8,10373
2021-06-07 10:04:03,17420.8,10373
2021-06-07 10:04:04,17420.8,10373
2021-06-07 10:04:06,17420.8,10373
2021-06-07 10:04:07,17417.05,10375
2021-06-07 10:04:08,17417.0,10381
2021-06-07 10:04:09,17420.8,10383
2021-06-07 10:04:10,17420.8,10383
2021-06-07 10:04:11,17420.8,10383
2021-06-07 10:04:12,17420.8,10383
2021-06-07 10:04:13,17417.0,10384
2021-06-07 10:04:14,17417.0,10384
2021-06-07 10:04:16,17417.0,10384
2021-06-07 10:04:18,17417.0,10384
2021-06-07 10:04:19,17417.0,10385
2021-06-07 10:04:21,17420.8,10386
2021-06-07 10:04:23,17420.8,10386
2021-06-07 10:04:24,17420.8,10386
2021-06-07 10:04:25,17420.8,10386
2021-06-07 10:04:26,17420.8,10386
2021-06-07 10:04:28,17420.8,10386
2021-06-07 10:04:29,17420.8,10386
2021-06-07 10:04:30,17420.8,10386
2021-06-07 10:04:32,17420.8,10386
2021-06-07 10:04:33,17420.8,10386
2021-06-07 10:04:34,17420.8,10386
2021-06-07 10:04:35,17420.8,10386
2021-06-07 10:04:36,17420.8,10386
2021-06-07 10:04:37,17420.8,10386
2021-06-07 10:04:38,17420.8,10387
2021-06-07 10:04:39,17420.8,10387
2021-06-07 10:04:41,17420.8,10387
2021-06-07 10:04:44,17420.8,10387
2021-06-07 10:04:47,17420.8,10387
2021-06-07 10:04:48,17420.8,10387
2021-06-07 10:04:49,17420.8,10388
2021-06-07 10:04:50,17417.0,10390
2021-06-07 10:04:51,17420.8,10397
2021-06-07 10:04:52,17420.8,10397
2021-06-07 10:04:53,17420.8,10397
2021-06-07 10:04:55,17420.8,10397
2021-06-07 10:04:58,17420.8,10397
2021-06-07 10:05:00,17417.0,10399
2021-06-07 10:05:01,17417.0,10399
2021-06-07 10:05:02,17422.0,10412
2021-06-07 10:05:03,17422.0,10412
2021-06-07 10:05:04,17422.0,10412
2021-06-07 10:05:06,17420.8,10417
2021-06-07 10:05:07,17420.8,10417
2021-06-07 10:05:08,17420.8,10417
2021-06-07 10:05:09,17420.8,10417
2021-06-07 10:05:12,17420.8,10417
2021-06-07 10:05:13,17420.8,10417
2021-06-07 10:05:14,17420.8,10417
2021-06-07 10:05:16,17420.8,10417
2021-06-07 10:05:17,17420.8,10417
2021-06-07 10:05:18,17420.8,10417
2021-06-07 10:05:20,17420.8,10417
2021-06-07 10:05:22,17420.8,10417
2021-06-07 10:05:23,17420.8,10417
2021-06-07 10:05:28,17420.8,10417
2021-06-07 10:05:29,17420.8,10417
2021-06-07 10:05:30,17420.8,10417
2021-06-07 10:05:31,17425.9,10418
2021-06-07 10:05:32,17425.9,10418
2021-06-07 10:05:33,17425.95,10430
2021-06-07 10:05:34,17411.6,10502
2021-06-07 10:05:35,17425.15,10503
2021-06-07 10:05:37,17425.15,10503
2021-06-07 10:05:38,17425.15,10503
2021-06-07 10:05:39,17425.15,10503
2021-06-07 10:05:42,17425.15,10503
2021-06-07 10:05:44,17425.85,10514
2021-06-07 10:05:45,17425.85,10514
2021-06-07 10:05:46,17425.85,10514
2021-06-07 10:05:48,17425.85,10514
2021-06-07 10:05:49,17425.85,10514
2021-06-07 10:05:53,17416.8,10516
2021-06-07 10:05:57,17425.6,10522
2021-06-07 10:06:01,17425.6,10524
2021-06-07 10:06:05,17425.6,10524
2021-06-07 10:06:09,17425.6,10524
2021-06-07 10:06:13,17425.6,10524
2021-06-07 10:06:17,17425.85,10534
2021-06-07 10:06:21,17424.7,10535
2021-06-07 10:06:25,17420.0,10537
2021-06-07 10:06:29,17420.0,10537
2021-06-07 10:06:33,17420.0,10537
2021-06-07 10:06:41,17420.0,10537
2021-06-07 10:06:45,17420.0,10537
2021-06-07 10:06:49,17420.0,10537
2021-06-07 10:06:53,17421.4,11175
2021-06-07 10:06:58,17420.0,11209
2021-06-07 10:07:02,17420.0,11209
2021-06-07 10:07:06,17420.0,11209
2021-06-07 10:07:10,17420.0,11209
2021-06-07 10:07:14,17420.0,11213
2021-06-07 10:07:19,17426.0,11215
2021-06-07 10:07:23,17426.0,11215
2021-06-07 10:07:27,17426.0,11216
2021-06-07 10:07:31,17420.0,11218
2021-06-07 10:07:35,17420.0,11224
2021-06-07 10:07:39,17420.0,11224
2021-06-07 10:07:43,17426.0,11226
2021-06-07 10:07:47,17420.0,11230
2021-06-07 10:07:51,17420.0,11230
2021-06-07 10:07:55,17420.0,11230
2021-06-07 10:08:00,17420.0,11230
2021-06-07 10:08:04,17420.0,11230
2021-06-07 10:08:08,17420.0,11230
2021-06-07 10:08:12,17420.0,11232
2021-06-07 10:08:17,17420.0,11232
2021-06-07 10:08:21,17420.0,11246
2021-06-07 10:08:26,17420.0,11261
2021-06-07 10:08:29,17425.0,11271
2021-06-07 10:08:33,17425.0,11271
2021-06-07 10:08:37,17425.0,11274
2021-06-07 10:08:41,17425.0,11275
2021-06-07 10:08:45,17420.0,11276
2021-06-07 10:08:49,17425.0,11281
2021-06-07 10:08:53,17427.0,11288
2021-06-07 10:08:58,17427.0,11288
2021-06-07 10:09:02,17427.0,11288
2021-06-07 10:09:06,17427.0,11288
2021-06-07 10:09:10,17427.0,11288
2021-06-07 10:09:14,17427.0,11288
2021-06-07 10:09:18,17427.0,11288
2021-06-07 10:09:21,17427.0,11288
2021-06-07 10:09:25,17427.0,11288
2021-06-07 10:09:29,17426.0,11294
2021-06-07 10:09:34,17426.0,11294
2021-06-07 10:09:38,17421.0,11295
2021-06-07 10:09:42,17421.0,11296
2021-06-07 10:09:46,17426.0,11299
2021-06-07 10:09:50,17426.0,11299
2021-06-07 10:09:54,17427.0,11309
2021-06-07 10:09:58,17426.0,11311
2021-06-07 10:10:02,17426.0,11314
2021-06-07 10:10:07,17428.9,11321
2021-06-07 10:10:11,17428.9,11321
2021-06-07 10:10:19,17421.0,11386
2021-06-07 10:10:23,17421.0,11386
2021-06-07 10:10:27,17421.0,11386
2021-06-07 10:10:31,17421.0,11386
2021-06-07 10:10:35,17421.0,11386
2021-06-07 10:10:39,17421.0,11386
2021-06-07 10:10:43,17421.0,11386
2021-06-07 10:10:47,17421.0,11386
2021-06-07 10:10:51,17421.0,11386
2021-06-07 10:10:55,17421.0,11393
2021-06-07 10:11:00,17428.75,11395
2021-06-07 10:11:04,17428.85,11397
2021-06-07 10:11:09,17428.85,11398
2021-06-07 10:11:13,17428.85,11409
2021-06-07 10:11:17,17428.85,11409
2021-06-07 10:11:21,17425.0,11411
2021-06-07 10:11:25,17425.0,11411
2021-06-07 10:11:28,17425.0,11411
2021-06-07 10:11:32,17425.0,11411
2021-06-07 10:11:36,17425.0,11412
2021-06-07 10:11:39,17425.0,11417
2021-06-07 10:11:44,17425.0,11417
2021-06-07 10:11:48,17425.0,11419
2021-06-07 10:11:52,17425.0,11419
2021-06-07 10:11:56,17425.0,11421
2021-06-07 10:12:00,17425.0,11421
2021-06-07 10:12:04,17425.0,11421
2021-06-07 10:12:08,17425.0,11421
2021-06-07 10:12:16,17425.0,11421
2021-06-07 10:12:20,17425.05,11423
2021-06-07 10:12:24,17425.05,11430
2021-06-07 10:12:28,17430.0,11431
2021-06-07 10:12:32,17430.0,11431
2021-06-07 10:12:36,17430.0,11439
2021-06-07 10:12:41,17430.0,11439
2021-06-07 10:12:44,17430.0,11444
2021-06-07 10:12:48,17430.0,11444
2021-06-07 10:12:53,17430.0,11452
2021-06-07 10:12:57,17430.0,11473
2021-06-07 10:13:01,17430.0,11474
2021-06-07 10:13:05,17435.2,11478
2021-06-07 10:13:10,17435.45,11479
2021-06-07 10:13:14,17435.45,11479
2021-06-07 10:13:18,17435.85,11490
2021-06-07 10:13:21,17435.85,11490
2021-06-07 10:13:25,17430.0,11492
2021-06-07 10:13:29,17430.0,11492
2021-06-07 10:13:33,17430.0,11492
2021-06-07 10:13:37,17430.0,11492
2021-06-07 10:13:41,17430.0,11492
2021-06-07 10:13:45,17436.8,11505
2021-06-07 10:13:49,17436.8,11506
2021-06-07 10:13:53,17436.8,11506
2021-06-07 10:13:57,17436.8,11506
2021-06-07 10:14:00,17436.8,11506
2021-06-07 10:14:04,17436.8,11506
2021-06-07 10:14:13,17436.8,11506
2021-06-07 10:14:16,17430.0,11511
2021-06-07 10:14:20,17430.0,11511
2021-06-07 10:14:24,17436.7,11547
2021-06-07 10:14:28,17436.7,11547
2021-06-07 10:14:32,17430.0,11551
2021-06-07 10:14:36,17438.95,11561
2021-06-07 10:14:40,17438.95,11561
2021-06-07 10:14:45,17430.0,11562
2021-06-07 10:14:49,17430.0,11562
2021-06-07 10:14:53,17436.7,11563
2021-06-07 10:14:57,17436.7,11563
2021-06-07 10:15:00,17436.7,11563
2021-06-07 10:15:04,17447.45,11625
2021-06-07 10:15:08,17447.45,11625
2021-06-07 10:15:12,17447.75,11635
2021-06-07 10:15:16,17447.45,11636
2021-06-07 10:15:21,17447.0,11638
2021-06-07 10:15:25,17430.0,11718
2021-06-07 10:15:30,17430.0,11718
2021-06-07 10:15:34,17438.5,11728
2021-06-07 10:15:38,17438.5,11733
2021-06-07 10:15:42,17438.5,11740
2021-06-07 10:15:46,17438.5,11747
2021-06-07 10:15:51,17443.2,11749
2021-06-07 10:15:55,17443.2,11749
2021-06-07 10:15:59,17443.2,11751
2021-06-07 10:16:03,17443.2,11751
2021-06-07 10:16:07,17440.0,11756
2021-06-07 10:16:11,17440.0,11756
2021-06-07 10:16:15,17440.0,11756
2021-06-07 10:16:20,17440.0,11756
2021-06-07 10:16:24,17443.2,11778
2021-06-07 10:16:28,17443.2,11778
2021-06-07 10:16:32,17446.95,11805
2021-06-07 10:16:36,17446.95,11806
2021-06-07 10:16:40,17442.0,11812
2021-06-07 10:16:44,17442.0,11821
2021-06-07 10:16:48,17442.0,11846
2021-06-07 10:16:53,17446.8,11863
2021-06-07 10:16:57,17446.7,11886
2021-06-07 10:17:01,17446.7,11886
2021-06-07 10:17:05,17446.7,11886
2021-06-07 10:17:09,17446.65,11887
2021-06-07 10:17:13,17446.65,11887
2021-06-07 10:17:17,17446.65,11887
2021-06-07 10:17:20,17446.0,11905
2021-06-07 10:17:24,17446.0,11905
2021-06-07 10:17:28,17446.95,11936
2021-06-07 10:17:32,17446.6,11937
2021-06-07 10:17:36,17446.6,11938
2021-06-07 10:17:40,17446.6,11938
2021-06-07 10:17:44,17446.6,11938
2021-06-07 10:17:48,17439.2,11942
2021-06-07 10:17:52,17439.05,11943
2021-06-07 10:17:56,17446.95,11958
2021-06-07 10:18:00,17446.95,11958
2021-06-07 10:18:04,17446.95,11958
2021-06-07 10:18:07,17446.95,11958
2021-06-07 10:18:11,17446.95,11970
2021-06-07 10:18:15,17446.9,11971
2021-06-07 10:18:20,17446.95,11981
2021-06-07 10:18:23,17438.55,11985
2021-06-07 10:18:27,17446.85,11995
2021-06-07 10:18:31,17446.85,11995
2021-06-07 10:18:35,17446.85,11995
2021-06-07 10:18:39,17446.85,11995
2021-06-07 10:18:42,17445.1,11998
2021-06-07 10:18:45,17445.1,11999
2021-06-07 10:18:49,17448.0,12008
2021-06-07 10:18:52,17440.0,12010
2021-06-07 10:18:56,17440.0,12010
2021-06-07 10:19:00,17440.0,12010
2021-06-07 10:19:04,17448.0,12021
2021-06-07 10:19:08,17445.1,12023
2021-06-07 10:19:11,17445.1,12023
2021-06-07 10:19:15,17445.1,12023
2021-06-07 10:19:19,17438.55,12025
2021-06-07 10:19:23,17438.55,12025
2021-06-07 10:19:27,17438.55,12025
2021-06-07 10:19:31,17444.4,12026
2021-06-07 10:19:36,17444.4,12026
2021-06-07 10:19:39,17444.4,12026
2021-06-07 10:19:43,17444.4,12026
2021-06-07 10:19:46,17444.4,12026
2021-06-07 10:19:50,17444.4,12026
2021-06-07 10:19:54,17438.8,12028
2021-06-07 10:19:58,17438.5,12030
2021-06-07 10:20:02,17438.5,12030
2021-06-07 10:20:06,17435.3,12045
2021-06-07 10:20:10,17435.65,12047
2021-06-07 10:20:14,17444.4,12054
2021-06-07 10:20:18,17444.4,12054
2021-06-07 10:20:22,17444.4,12059
2021-06-07 10:20:26,17444.4,12059
2021-06-07 10:20:29,17431.2,12103
2021-06-07 10:20:33,17435.25,12155
2021-06-07 10:20:37,17444.4,12156
2021-06-07 10:20:41,17444.4,12156
2021-06-07 10:20:44,17444.4,12156
2021-06-07 10:20:48,17444.4,12156
2021-06-07 10:20:53,17444.4,12156
2021-06-07 10:20:56,17444.4,12156
2021-06-07 10:21:00,17440.5,12157
2021-06-07 10:21:04,17444.4,12159
2021-06-07 10:21:08,17440.5,12163
2021-06-07 10:21:12,17440.5,12164
2021-06-07 10:21:16,17440.5,12168
2021-06-07 10:21:20,17441.0,12176
2021-06-07 10:21:24,17441.0,12176
2021-06-07 10:21:28,17441.0,12176
2021-06-07 10:21:32,17440.5,12177
2021-06-07 10:21:36,17443.65,12182
2021-06-07 10:21:40,17443.65,12182
2021-06-07 10:21:44,17441.0,12186
2021-06-07 10:21:47,17440.5,12187
2021-06-07 10:21:50,17440.5,12187
2021-06-07 10:21:54,17419.0,12663
2021-06-07 10:21:58,17424.0,12702
2021-06-07 10:22:02,17422.75,12712
2021-06-07 10:22:06,17422.75,12712
2021-06-07 10:22:10,17422.75,12712
2021-06-07 10:22:14,17432.65,12769
2021-06-07 10:22:18,17410.85,12781
2021-06-07 10:22:22,17410.6,12875
2021-06-07 10:22:26,17410.6,12875
2021-06-07 10:22:29,17410.6,12875
2021-06-07 10:22:33,17410.6,12875
2021-06-07 10:22:37,17410.6,12875
2021-06-07 10:22:41,17421.55,12876
2021-06-07 10:22:45,17421.55,12876
2021-06-07 10:22:49,17421.55,12876
2021-06-07 10:22:52,17414.8,12877
2021-06-07 10:22:56,17423.9,12885
2021-06-07 10:22:59,17423.9,12885
2021-06-07 10:23:03,17421.45,12887
2021-06-07 10:23:07,17420.0,12888
2021-06-07 10:23:10,17420.0,12888
2021-06-07 10:23:14,17411.25,12896
2021-06-07 10:23:17,17420.9,12897
2021-06-07 10:23:25,17423.0,12945
2021-06-07 10:23:29,17425.0,12946
2021-06-07 10:23:33,17429.0,12955
2021-06-07 10:23:36,17430.75,12974
2021-06-07 10:23:40,17422.75,13086
2021-06-07 10:23:43,17422.75,13086
2021-06-07 10:23:47,17422.75,13086
2021-06-07 10:23:50,17422.75,13086
2021-06-07 10:23:55,17424.6,13087
2021-06-07 10:23:58,17429.05,13091
2021-06-07 10:24:02,17429.3,13093
2021-06-07 10:24:06,17429.3,13093
2021-06-07 10:24:10,17422.75,13094
2021-06-07 10:24:14,17422.75,13094
2021-06-07 10:24:18,17422.75,13094
2021-06-07 10:24:22,17415.2,13452
2021-06-07 10:24:25,17403.2,13542
2021-06-07 10:24:29,17412.9,13544
2021-06-07 10:24:33,17412.9,13544
2021-06-07 10:24:36,17413.35,13545
2021-06-07 10:24:40,17408.8,13552
2021-06-07 10:24:44,17406.2,13557
2021-06-07 10:24:48,17416.65,13558
2021-06-07 10:24:52,17412.0,13559
2021-06-07 10:24:56,17419.45,13569
2021-06-07 10:25:00,17416.55,13570
2021-06-07 10:25:04,17416.55,13570
2021-06-07 10:25:08,17416.55,13570
2021-06-07 10:25:11,17413.25,13572
2021-06-07 10:25:15,17413.25,13572
2021-06-07 10:25:19,17419.9,13577
2021-06-07 10:25:22,17419.9,13577
2021-06-07 10:25:26,17419.9,13577
2021-06-07 10:25:30,17419.9,13577
2021-06-07 10:25:33,17419.9,13577
2021-06-07 10:25:37,17419.9,13577
2021-06-07 10:25:40,17419.9,13577
2021-06-07 10:25:44,17419.9,13580
2021-06-07 10:25:48,17415.2,13581
2021-06-07 10:25:49,17415.2,13581
2021-06-07 10:25:51,17415.2,13581
2021-06-07 10:25:52,17415.2,13581
2021-06-07 10:25:53,17415.2,13581
2021-06-07 10:25:54,17419.8,13582
2021-06-07 10:25:55,17419.8,13582
2021-06-07 10:25:56,17415.2,13584
2021-06-07 10:25:57,17415.2,13584
2021-06-07 10:25:58,17415.2,13584
2021-06-07 10:25:59,17415.2,13584
2021-06-07 10:26:01,17415.2,13584
2021-06-07 10:26:06,17415.2,13586
2021-06-07 10:26:08,17415.2,13586
2021-06-07 10:26:09,17415.2,13586
2021-06-07 10:26:10,17415.2,13586
2021-06-07 10:26:11,17419.0,13606
2021-06-07 10:26:12,17419.0,13606
2021-06-07 10:26:13,17415.2,13607
2021-06-07 10:26:14,17415.2,13607
2021-06-07 10:26:15,17415.2,13607
2021-06-07 10:26:16,17415.0,13636
2021-06-07 10:26:17,17415.0,13638
2021-06-07 10:26:18,17415.0,13638
2021-06-07 10:26:19,17415.0,13638
2021-06-07 10:26:20,17415.0,13642
2021-06-07 10:26:22,17415.0,13642
2021-06-07 10:26:21,17415.0,13642
2021-06-07 10:26:23,17415.0,13642
2021-06-07 10:26:24,17415.0,13642
2021-06-07 10:26:25,17415.0,13642
2021-06-07 10:26:26,17419.0,13643
2021-06-07 10:26:27,17419.0,13643
2021-06-07 10:26:29,17415.0,13644
2021-06-07 10:26:28,17415.0,13644
2021-06-07 10:26:30,17415.0,13644
2021-06-07 10:26:31,17415.0,13644
2021-06-07 10:26:32,17415.0,13644
2021-06-07 10:26:33,17415.0,13644
2021-06-07 10:26:34,17415.0,13644
2021-06-07 10:26:35,17415.0,13644
2021-06-07 10:26:36,17415.0,13644
2021-06-07 10:26:40,17419.0,13664
2021-06-07 10:26:41,17419.0,13664
2021-06-07 10:26:42,17419.0,13664
2021-06-07 10:26:43,17415.0,13702
2021-06-07 10:26:44,17415.0,13702
2021-06-07 10:26:45,17415.0,13702
2021-06-07 10:26:46,17415.0,13702
2021-06-07 10:26:47,17415.0,13702
2021-06-07 10:26:48,17415.0,13702
2021-06-07 10:26:49,17418.95,13704
2021-06-07 10:26:50,17418.95,13704
2021-06-07 10:26:51,17418.95,13704
2021-06-07 10:26:52,17418.95,13704
2021-06-07 10:26:53,17423.9,13706
2021-06-07 10:26:54,17423.9,13706
2021-06-07 10:26:55,17423.9,13706
2021-06-07 10:26:56,17423.9,13706
2021-06-07 10:26:57,17423.9,13706
2021-06-07 10:26:58,17423.9,13706
2021-06-07 10:26:59,17423.9,13706
2021-06-07 10:27:00,17423.9,13706
2021-06-07 10:27:02,17423.9,13706
2021-06-07 10:27:01,17423.9,13706
2021-06-07 10:27:03,17423.9,13707
2021-06-07 10:27:04,17423.9,13707
2021-06-07 10:27:05,17423.9,13707
2021-06-07 10:27:06,17423.9,13707
2021-06-07 10:27:07,17423.9,13707
2021-06-07 10:27:08,17423.9,13707
2021-06-07 10:27:09,17423.9,13707
2021-06-07 10:27:10,17423.9,13707
2021-06-07 10:27:11,17423.9,13709
2021-06-07 10:27:12,17423.9,13709
2021-06-07 10:27:13,17423.9,13709
2021-06-07 10:27:14,17423.9,13709
2021-06-07 10:27:15,17423.9,13709
2021-06-07 10:27:16,17423.9,13709
2021-06-07 10:27:17,17420.05,13712
2021-06-07 10:27:18,17420.05,13741
2021-06-07 10:27:19,17420.05,13741
2021-06-07 10:27:20,17420.05,13741
2021-06-07 10:27:22,17420.05,13741
2021-06-07 10:27:24,17420.05,13741
2021-06-07 10:27:23,17420.05,13741
2021-06-07 10:27:25,17420.05,13741
2021-06-07 10:27:26,17420.05,13741
2021-06-07 10:27:28,17422.4,13742
2021-06-07 10:27:27,17420.05,13741
2021-06-07 10:27:29,17422.4,13742
2021-06-07 10:27:33,17422.4,13742
2021-06-07 10:27:32,17422.4,13742
2021-06-07 10:27:35,17422.4,13742
2021-06-07 10:27:36,17422.4,13742
2021-06-07 10:27:37,17422.4,13742
2021-06-07 10:27:38,17422.4,13742
2021-06-07 10:27:40,17422.4,13744
2021-06-07 10:27:39,17422.4,13744
2021-06-07 10:27:41,17422.4,13744
2021-06-07 10:27:42,17422.4,13744
2021-06-07 10:27:43,17422.4,13744
2021-06-07 10:27:44,17422.4,13744
2021-06-07 10:27:45,17422.4,13744
2021-06-07 10:27:46,17422.4,13744
2021-06-07 10:27:47,17422.4,13744
2021-06-07 10:27:48,17422.4,13744
2021-06-07 10:27:49,17422.4,13744
2021-06-07 10:27:50,17422.4,13744
2021-06-07 10:27:52,17423.0,13746
2021-06-07 10:27:53,17423.0,13746
2021-06-07 10:27:55,17422.4,13766
2021-06-07 10:27:56,17422.4,13771
2021-06-07 10:27:57,17422.4,13771
2021-06-07 10:27:58,17422.4,13771
2021-06-07 10:27:59,17422.4,13771
2021-06-07 10:28:00,17422.4,13772
2021-06-07 10:28:01,17422.4,13772
2021-06-07 10:28:02,17422.4,13772
2021-06-07 10:28:06,17422.4,13772
2021-06-07 10:28:07,17422.4,13772
2021-06-07 10:28:08,17422.4,13772
2021-06-07 10:28:09,17422.4,13772
2021-06-07 10:28:10,17422.4,13772
2021-06-07 10:28:16,17422.4,13772
2021-06-07 10:28:20,17422.4,13772
2021-06-07 10:28:21,17422.4,13772
2021-06-07 10:28:22,17428.0,13773
2021-06-07 10:28:23,17428.0,13773
2021-06-07 10:28:24,17428.0,13773
2021-06-07 10:28:25,17427.9,13774
2021-06-07 10:28:26,17427.9,13774
2021-06-07 10:28:29,17427.9,13779
2021-06-07 10:28:30,17427.9,13779
2021-06-07 10:28:31,17420.05,13786
2021-06-07 10:28:32,17420.05,13796
2021-06-07 10:28:33,17427.2,13797
2021-06-07 10:28:34,17427.2,13797
2021-06-07 10:28:35,17427.2,13797
2021-06-07 10:28:37,17420.05,13798
2021-06-07 10:28:37,17420.05,13798
2021-06-07 10:28:39,17420.05,13798
2021-06-07 10:28:40,17426.0,13808
2021-06-07 10:28:41,17426.0,13808
2021-06-07 10:28:42,17426.0,13808
2021-06-07 10:28:43,17426.0,13808
2021-06-07 10:28:48,17426.0,13808
2021-06-07 10:28:50,17426.0,13808
2021-06-07 10:28:50,17426.0,13808
2021-06-07 10:28:51,17426.0,13808
2021-06-07 10:28:53,17426.0,13808
2021-06-07 10:28:54,17426.0,13808
2021-06-07 10:28:57,17426.0,13808
2021-06-07 10:29:00,17426.0,13808
2021-06-07 10:29:01,17426.0,13809
2021-06-07 10:29:02,17426.0,13809
2021-06-07 10:29:03,17426.0,13809
2021-06-07 10:29:04,17426.0,13811
2021-06-07 10:29:06,17426.0,13811
2021-06-07 10:29:08,17426.0,13811
2021-06-07 10:29:11,17426.0,13811
2021-06-07 10:29:12,17426.0,13811
2021-06-07 10:29:13,17426.0,13811
2021-06-07 10:29:14,17426.0,13812
2021-06-07 10:29:15,17426.0,13812
2021-06-07 10:29:16,17426.0,13812
2021-06-07 10:29:17,17426.0,13812
2021-06-07 10:29:18,17427.95,13822
2021-06-07 10:29:20,17427.95,13822
2021-06-07 10:29:22,17427.95,13822
2021-06-07 10:29:23,17427.95,13822
2021-06-07 10:29:25,17427.95,13822
2021-06-07 10:29:25,17427.95,13822
2021-06-07 10:29:26,17427.95,13822
2021-06-07 10:29:27,17427.95,13822
2021-06-07 10:29:28,17427.95,13822
2021-06-07 10:29:29,17427.95,13823
2021-06-07 10:29:31,17427.95,13823
2021-06-07 10:29:32,17427.95,13823
2021-06-07 10:29:33,17427.95,13823
2021-06-07 10:29:35,17423.05,13827
2021-06-07 10:29:35,17427.95,13823
2021-06-07 10:29:36,17423.05,13828
2021-06-07 10:29:37,17423.05,13828
2021-06-07 10:29:39,17427.8,13830
2021-06-07 10:29:39,17423.05,13828
2021-06-07 10:29:40,17427.8,13830
2021-06-07 10:29:41,17427.8,13830
2021-06-07 10:29:42,17427.8,13830
2021-06-07 10:29:43,17423.05,13831
2021-06-07 10:29:46,17423.05,13831
2021-06-07 10:29:47,17423.05,13831
2021-06-07 10:29:48,17423.05,13831
2021-06-07 10:29:49,17423.05,13831
2021-06-07 10:29:49,17423.05,13831
2021-06-07 10:29:50,17423.05,13831
2021-06-07 10:29:52,17427.7,13832
2021-06-07 10:29:52,17427.7,13832
2021-06-07 10:29:53,17427.7,13832
2021-06-07 10:29:54,17423.05,13833
2021-06-07 10:29:55,17423.05,13835
2021-06-07 10:29:57,17423.05,13835
2021-06-07 10:29:58,17423.05,13835
2021-06-07 10:29:59,17423.05,13837
2021-06-07 10:30:01,17427.8,13838
2021-06-07 10:30:02,17427.8,13838
2021-06-07 10:30:03,17427.8,13838
2021-06-07 10:30:06,17427.8,13838
2021-06-07 10:30:07,17427.8,13838
2021-06-07 10:30:08,17423.05,13839
2021-06-07 10:30:08,17423.05,13839
2021-06-07 10:30:09,17423.05,13841
2021-06-07 10:30:11,17423.05,13841
2021-06-07 10:30:11,17423.05,13841
2021-06-07 10:30:12,17423.05,13851
2021-06-07 10:30:13,17423.05,13851
2021-06-07 10:30:15,17423.05,13851
2021-06-07 10:30:18,17423.05,13851
2021-06-07 10:30:19,17423.05,13851
2021-06-07 10:30:20,17423.05,13853
2021-06-07 10:30:21,17423.05,13853
2021-06-07 10:30:22,17423.05,13853
2021-06-07 10:30:23,17423.05,13853
2021-06-07 10:30:24,17423.05,13853
2021-06-07 10:30:25,17423.05,13855
2021-06-07 10:30:26,17423.05,13855
2021-06-07 10:30:27,17423.05,13855
2021-06-07 10:30:29,17423.05,13860
2021-06-07 10:30:30,17423.05,13868
2021-06-07 10:30:30,17423.05,13862
2021-06-07 10:30:31,17426.8,13875
2021-06-07 10:30:33,17426.8,13879
2021-06-07 10:30:34,17426.8,13879
2021-06-07 10:30:35,17426.8,13879
2021-06-07 10:30:35,17426.8,13879
2021-06-07 10:30:36,17426.8,13879
2021-06-07 10:30:37,17426.8,13879
2021-06-07 10:30:38,17426.8,13879
2021-06-07 10:30:39,17426.8,13879
2021-06-07 10:30:40,17426.8,13879
2021-06-07 10:30:41,17426.8,13879
2021-06-07 10:30:43,17426.8,13879
2021-06-07 10:30:44,17426.8,13879
2021-06-07 10:30:44,17426.8,13879
2021-06-07 10:30:45,17426.8,13879
2021-06-07 10:30:48,17426.8,13879
2021-06-07 10:30:49,17425.0,13881
2021-06-07 10:30:52,17420.0,13907
2021-06-07 10:30:55,17415.5,14008
2021-06-07 10:30:59,17415.5,14008
2021-06-07 10:31:02,17415.5,14008
2021-06-07 10:31:06,17422.3,14009
2021-06-07 10:31:10,17415.0,14012
2021-06-07 10:31:13,17414.0,14014
2021-06-07 10:31:16,17414.0,14014
2021-06-07 10:31:20,17421.8,14015
2021-06-07 10:31:23,17413.6,14016
2021-06-07 10:31:26,17413.6,14016
2021-06-07 10:31:30,17413.6,14016
2021-06-07 10:31:33,17411.65,14018
2021-06-07 10:31:37,17420.95,14030
2021-06-07 10:31:41,17413.6,14031
2021-06-07 10:31:44,17417.95,14051
2021-06-07 10:31:47,17417.95,14051
2021-06-07 10:31:51,17417.95,14051
2021-06-07 10:31:54,17417.95,14051
2021-06-07 10:32:02,17417.95,14051
2021-06-07 10:32:06,17417.95,14051
2021-06-07 10:32:09,17417.95,14052
2021-06-07 10:32:13,17417.95,14052
2021-06-07 10:32:16,17411.6,14055
2021-06-07 10:32:20,17411.6,14055
2021-06-07 10:32:23,17417.0,14075
2021-06-07 10:32:26,17417.0,14075
2021-06-07 10:32:29,17411.5,14076
2021-06-07 10:32:33,17411.5,14076
2021-06-07 10:32:37,17418.6,14086
2021-06-07 10:32:40,17411.65,14087
2021-06-07 10:32:44,17413.2,14088
2021-06-07 10:32:47,17413.2,14088
2021-06-07 10:32:50,17413.2,14088
2021-06-07 10:32:54,17413.2,14088
2021-06-07 10:32:57,17413.15,14089
2021-06-07 10:33:01,17413.15,14089
2021-06-07 10:33:05,17413.15,14089
2021-06-07 10:33:08,17413.15,14089
2021-06-07 10:33:12,17419.7,14093
2021-06-07 10:33:16,17419.7,14093
2021-06-07 10:33:20,17419.7,14093
2021-06-07 10:33:23,17419.7,14093
2021-06-07 10:33:26,17419.7,14093
2021-06-07 10:33:30,17413.0,14107
2021-06-07 10:33:37,17419.2,14111
2021-06-07 10:33:40,17412.45,14113
2021-06-07 10:33:43,17418.65,14118
2021-06-07 10:33:47,17418.65,14118
2021-06-07 10:33:50,17411.0,14143
2021-06-07 10:33:53,17413.95,14155
2021-06-07 10:33:57,17413.9,14156
2021-06-07 10:34:00,17413.9,14156
2021-06-07 10:34:04,17407.5,14157
2021-06-07 10:34:07,17406.05,14158
2021-06-07 10:34:10,17406.05,14158
2021-06-07 10:34:13,17406.0,14160
2021-06-07 10:34:17,17406.0,14160
2021-06-07 10:34:20,17406.0,14189
2021-06-07 10:34:23,17404.5,14193
2021-06-07 10:34:27,17404.5,14193
2021-06-07 10:34:31,17404.5,14193
2021-06-07 10:34:34,17411.6,14197
2021-06-07 10:34:38,17411.6,14200
2021-06-07 10:34:41,17411.6,14200
2021-06-07 10:34:45,17411.6,14200
2021-06-07 10:34:49,17411.6,14200
2021-06-07 10:34:52,17411.6,14200
2021-06-07 10:34:56,17406.0,14201
2021-06-07 10:35:00,17406.0,14201
2021-06-07 10:35:04,17406.0,14201
2021-06-07 10:35:07,17406.0,14206
2021-06-07 10:35:11,17406.0,14206
2021-06-07 10:35:15,17406.0,14208
2021-06-07 10:35:19,17406.0,14208
2021-06-07 10:35:22,17406.0,14208
2021-06-07 10:35:26,17406.0,14211
2021-06-07 10:35:29,17410.0,14212
2021-06-07 10:35:33,17410.0,14212
2021-06-07 10:35:37,17406.0,14214
2021-06-07 10:35:41,17406.0,14224
2021-06-07 10:35:44,17406.0,14224
2021-06-07 10:35:48,17406.0,14226
2021-06-07 10:35:52,17410.0,14238
2021-06-07 10:35:56,17410.0,14238
2021-06-07 10:35:59,17410.0,14238
2021-06-07 10:36:03,17410.0,14238
2021-06-07 10:36:06,17410.0,14257
2021-06-07 10:36:10,17406.0,14260
2021-06-07 10:36:14,17406.0,14260
2021-06-07 10:36:18,17410.0,14270
2021-06-07 10:36:21,17410.0,14270
2021-06-07 10:36:25,17406.0,14271
2021-06-07 10:36:28,17406.0,14271
2021-06-07 10:36:32,17410.0,14272
2021-06-07 10:36:36,17410.0,14272
2021-06-07 10:36:39,17410.0,14277
2021-06-07 10:36:42,17410.0,14278
2021-06-07 10:36:46,17410.0,14278
2021-06-07 10:36:49,17410.0,14278
2021-06-07 10:36:53,17406.0,14279
2021-06-07 10:36:57,17406.0,14279
2021-06-07 10:37:00,17406.0,14279
2021-06-07 10:37:04,17406.0,14281
2021-06-07 10:37:07,17406.0,14281
2021-06-07 10:37:11,17406.0,14283
2021-06-07 10:37:14,17406.0,14283
2021-06-07 10:37:22,17406.0,14287
2021-06-07 10:37:25,17406.0,14287
2021-06-07 10:37:28,17406.0,14287
2021-06-07 10:37:32,17406.0,14289
2021-06-07 10:37:35,17406.0,14289
2021-06-07 10:37:38,17410.0,14291
2021-06-07 10:37:41,17410.0,14291
2021-06-07 10:37:45,17410.0,14300
2021-06-07 10:37:48,17410.0,14300
2021-06-07 10:37:51,17410.0,14301
2021-06-07 10:37:55,17406.05,14303
2021-06-07 10:37:59,17410.0,14313
2021-06-07 10:38:02,17410.0,14321
2021-06-07 10:38:05,17406.0,14326
2021-06-07 10:38:08,17412.8,14338
2021-06-07 10:38:11,17406.0,14342
2021-06-07 10:38:18,17406.0,14342
2021-06-07 10:38:20,17406.0,14342
2021-06-07 10:38:24,17406.0,14342
2021-06-07 10:38:28,17412.8,14346
2021-06-07 10:38:31,17412.8,14346
2021-06-07 10:38:35,17412.8,14346
2021-06-07 10:38:38,17406.05,14368
2021-06-07 10:38:42,17406.05,14368
2021-06-07 10:38:46,17406.05,14368
2021-06-07 10:38:49,17406.05,14368
2021-06-07 10:38:53,17410.0,14371
2021-06-07 10:38:57,17410.0,14371
2021-06-07 10:39:01,17407.0,14373
2021-06-07 10:39:04,17410.0,14381
2021-06-07 10:39:08,17410.0,14386
2021-06-07 10:39:11,17410.0,14386
2021-06-07 10:39:15,17410.0,14386
2021-06-07 10:39:18,17410.0,14386
2021-06-07 10:39:21,17410.0,14389
2021-06-07 10:39:24,17410.0,14390
2021-06-07 10:39:28,17410.0,14390
2021-06-07 10:39:31,17410.0,14390
2021-06-07 10:39:35,17410.0,14390
2021-06-07 10:39:39,17410.0,14390
2021-06-07 10:39:43,17407.15,14391
2021-06-07 10:39:46,17410.0,14399
2021-06-07 10:39:50,17410.0,14399
2021-06-07 10:39:53,17414.4,14400
2021-06-07 10:39:57,17414.4,14400
2021-06-07 10:40:00,17414.4,14400
2021-06-07 10:40:03,17414.4,14400
2021-06-07 10:40:07,17414.4,14400
2021-06-07 10:40:11,17414.4,14401
2021-06-07 10:40:15,17414.4,14401
2021-06-07 10:40:19,17414.4,14401
2021-06-07 10:40:22,17414.4,14401
2021-06-07 10:40:26,17414.4,14401
2021-06-07 10:40:29,17406.0,14451
2021-06-07 10:40:33,17406.0,14453
2021-06-07 10:40:37,17406.0,14453
2021-06-07 10:40:40,17406.0,14453
2021-06-07 10:40:43,17406.0,14454
2021-06-07 10:40:47,17414.3,14479
2021-06-07 10:40:49,17414.3,14479
2021-06-07 10:40:50,17414.3,14479
2021-06-07 10:40:51,17415.0,14480
2021-06-07 10:40:52,17415.0,14480
2021-06-07 10:40:53,17415.0,14480
2021-06-07 10:40:54,17415.0,14480
2021-06-07 10:40:56,17415.0,14480
2021-06-07 10:40:56,17415.0,14480
2021-06-07 10:40:57,17415.0,14480
2021-06-07 10:40:58,17415.0,14480
2021-06-07 10:40:59,17415.0,14480
2021-06-07 10:41:01,17406.4,14481
2021-06-07 10:41:02,17406.4,14481
2021-06-07 10:41:03,17406.0,14482
2021-06-07 10:41:05,17406.0,14482
2021-06-07 10:41:05,17406.0,14482
2021-06-07 10:41:08,17406.0,14482
2021-06-07 10:41:08,17406.0,14482
2021-06-07 10:41:10,17406.0,14482
2021-06-07 10:41:11,17406.0,14482
2021-06-07 10:41:11,17406.0,14482
2021-06-07 10:41:12,17406.0,14482
2021-06-07 10:41:13,17406.0,14482
2021-06-07 10:41:14,17406.0,14484
2021-06-07 10:41:15,17406.0,14484
2021-06-07 10:41:16,17406.0,14487
2021-06-07 10:41:17,17406.0,14487
2021-06-07 10:41:18,17406.0,14487
2021-06-07 10:41:19,17413.55,14488
2021-06-07 10:41:20,17413.55,14488
2021-06-07 10:41:22,17413.55,14488
2021-06-07 10:41:22,17413.55,14488
2021-06-07 10:41:23,17413.55,14488
2021-06-07 10:41:24,17413.55,14488
2021-06-07 10:41:26,17406.0,14489
2021-06-07 10:41:27,17406.0,14489
2021-06-07 10:41:28,17406.0,14489
2021-06-07 10:41:28,17406.0,14489
2021-06-07 10:41:29,17406.0,14489
2021-06-07 10:41:31,17406.0,14489
2021-06-07 10:41:33,17413.55,14497
2021-06-07 10:41:34,17417.0,14498
2021-06-07 10:41:35,17417.0,14498
2021-06-07 10:41:36,17417.0,14498
2021-06-07 10:41:36,17417.0,14498
2021-06-07 10:41:39,17417.0,14499
2021-06-07 10:41:40,17417.0,14499
2021-06-07 10:41:41,17417.0,14499
2021-06-07 10:41:42,17417.0,14499
2021-06-07 10:41:42,17417.0,14499
2021-06-07 10:41:43,17417.0,14499
2021-06-07 10:41:46,17413.55,14501
2021-06-07 10:41:47,17413.55,14501
2021-06-07 10:41:48,17413.55,14501
2021-06-07 10:41:49,17417.0,14503
2021-06-07 10:41:49,17417.0,14503
2021-06-07 10:41:51,17417.0,14503
2021-06-07 10:41:53,17417.0,14513
2021-06-07 10:41:54,17417.0,14513
2021-06-07 10:41:55,17417.0,14513
2021-06-07 10:41:56,17413.55,14514
2021-06-07 10:41:57,17413.55,14514
2021-06-07 10:41:58,17413.55,14514
2021-06-07 10:41:59,17413.55,14515
2021-06-07 10:42:00,17413.55,14515
2021-06-07 10:42:03,17413.55,14515
2021-06-07 10:42:04,17413.55,14515
2021-06-07 10:42:05,17413.55,14516
2021-06-07 10:42:07,17413.55,14516
2021-06-07 10:42:08,17413.55,14516
2021-06-07 10:42:09,17417.0,14517
2021-06-07 10:42:10,17417.0,14517
2021-06-07 10:42:12,17417.0,14517
2021-06-07 10:42:12,17417.0,14517
2021-06-07 10:42:13,17417.0,14517
2021-06-07 10:42:14,17417.0,14517
2021-06-07 10:42:15,17417.0,14517
2021-06-07 10:42:16,17417.0,14517
2021-06-07 10:42:17,17413.55,14527
2021-06-07 10:42:18,17413.55,14527
2021-06-07 10:42:19,17413.55,14527
2021-06-07 10:42:22,17413.55,14527
2021-06-07 10:42:22,17413.55,14527
2021-06-07 10:42:23,17413.55,14527
2021-06-07 10:42:25,17413.55,14527
2021-06-07 10:42:26,17413.55,14527
2021-06-07 10:42:27,17413.55,14527
2021-06-07 10:42:28,17413.55,14527
2021-06-07 10:42:29,17413.55,14527
2021-06-07 10:42:30,17413.55,14527
2021-06-07 10:42:33,17413.55,14527
2021-06-07 10:42:34,17413.55,14527
2021-06-07 10:42:35,17413.55,14527
2021-06-07 10:42:36,17414.0,14533
2021-06-07 10:42:37,17414.0,14533
2021-06-07 10:42:38,17414.0,14533
2021-06-07 10:42:39,17414.0,14533
2021-06-07 10:42:40,17414.0,14533
2021-06-07 10:42:41,17414.0,14533
2021-06-07 10:42:42,17414.0,14533
2021-06-07 10:42:43,17414.0,14538
2021-06-07 10:42:44,17414.0,14538
2021-06-07 10:42:44,17414.0,14538
2021-06-07 10:42:45,17414.0,14538
2021-06-07 10:42:46,17414.0,14538
2021-06-07 10:42:47,17414.0,14538
2021-06-07 10:42:48,17414.0,14538
2021-06-07 10:42:49,17414.0,14539
2021-06-07 10:42:50,17407.15,14540
2021-06-07 10:42:51,17407.25,14541
2021-06-07 10:42:53,17407.25,14541
2021-06-07 10:42:54,17407.25,14541
2021-06-07 10:42:55,17407.25,14541
2021-06-07 10:42:55,17407.25,14541
2021-06-07 10:42:56,17407.25,14541
2021-06-07 10:42:57,17407.25,14541
2021-06-07 10:42:58,17407.25,14541
2021-06-07 10:43:00,17407.2,14555
2021-06-07 10:43:01,17407.2,14555
2021-06-07 10:43:02,17407.2,14555
2021-06-07 10:43:03,17407.2,14555
2021-06-07 10:43:04,17416.0,14557
2021-06-07 10:43:05,17416.0,14557
2021-06-07 10:43:06,17416.0,14557
2021-06-07 10:43:07,17416.0,14557
2021-06-07 10:43:08,17416.0,14557
2021-06-07 10:43:09,17416.0,14557
2021-06-07 10:43:10,17416.0,14557
2021-06-07 10:43:11,17416.0,14557
2021-06-07 10:43:12,17416.0,14557
2021-06-07 10:43:14,17416.0,14557
2021-06-07 10:43:15,17416.0,14557
2021-06-07 10:43:16,17416.0,14557
2021-06-07 10:43:17,17416.0,14557
2021-06-07 10:43:18,17416.0,14557
2021-06-07 10:43:19,17416.0,14557
2021-06-07 10:43:21,17407.6,14559
2021-06-07 10:43:23,17407.6,14559
2021-06-07 10:43:24,17407.6,14559
2021-06-07 10:43:25,17407.6,14559
2021-06-07 10:43:26,17407.6,14559
2021-06-07 10:43:27,17407.6,14559
2021-06-07 10:43:28,17407.6,14559
2021-06-07 10:43:29,17407.6,14559
2021-06-07 10:43:30,17419.9,14589
2021-06-07 10:43:31,17419.9,14589
2021-06-07 10:43:32,17419.9,14589
2021-06-07 10:43:33,17419.9,14589
2021-06-07 10:43:33,17419.9,14589
2021-06-07 10:43:34,17419.9,14589
2021-06-07 10:43:35,17414.8,14592
2021-06-07 10:43:37,17417.2,14595
2021-06-07 10:43:37,17417.2,14595
2021-06-07 10:43:38,17417.2,14595
2021-06-07 10:43:39,17417.2,14595
2021-06-07 10:43:41,17417.0,14598
2021-06-07 10:43:42,17417.0,14598
2021-06-07 10:43:43,17417.0,14598
2021-06-07 10:43:45,17417.0,14598
2021-06-07 10:43:46,17417.0,14598
2021-06-07 10:43:47,17417.0,14598
2021-06-07 10:43:48,17417.0,14598
2021-06-07 10:43:49,17417.0,14598
2021-06-07 10:43:50,17417.0,14598
2021-06-07 10:43:51,17417.0,14598
2021-06-07 10:43:52,17417.9,14600
2021-06-07 10:43:53,17417.9,14600
2021-06-07 10:43:54,17417.9,14600
2021-06-07 10:43:55,17417.9,14600
2021-06-07 10:43:56,17417.9,14600
2021-06-07 10:43:56,17417.9,14600
2021-06-07 10:43:57,17417.9,14600
2021-06-07 10:43:58,17417.9,14600
2021-06-07 10:43:59,17417.9,14600
2021-06-07 10:44:00,17417.9,14600
2021-06-07 10:44:01,17417.9,14600
2021-06-07 10:44:02,17417.9,14600
2021-06-07 10:44:04,17417.9,14600
2021-06-07 10:44:05,17417.9,14600
2021-06-07 10:44:06,17417.9,14600
2021-06-07 10:44:07,17417.75,14602
2021-06-07 10:44:08,17417.75,14602
2021-06-07 10:44:09,17417.75,14602
2021-06-07 10:44:10,17417.75,14602
2021-06-07 10:44:11,17417.75,14602
2021-06-07 10:44:12,17417.75,14602
2021-06-07 10:44:14,17417.75,14602
2021-06-07 10:44:15,17417.75,14602
2021-06-07 10:44:16,17417.75,14602
2021-06-07 10:44:18,17417.75,14602
2021-06-07 10:44:19,17417.75,14602
2021-06-07 10:44:19,17417.75,14602
2021-06-07 10:44:21,17417.75,14602
2021-06-07 10:44:23,17417.75,14602
2021-06-07 10:44:24,17410.15,14603
2021-06-07 10:44:25,17410.15,14603
2021-06-07 10:44:26,17410.15,14603
2021-06-07 10:44:26,17410.15,14603
2021-06-07 10:44:28,17410.15,14603
2021-06-07 10:44:30,17410.15,14603
2021-06-07 10:44:31,17410.15,14603
2021-06-07 10:44:32,17410.15,14603
2021-06-07 10:44:34,17410.15,14605
2021-06-07 10:44:35,17410.15,14605
2021-06-07 10:44:36,17410.15,14605
2021-06-07 10:44:37,17410.15,14605
2021-06-07 10:44:38,17410.15,14605
2021-06-07 10:44:40,17410.15,14605
2021-06-07 10:44:41,17410.15,14605
2021-06-07 10:44:42,17410.15,14605
2021-06-07 10:44:43,17410.15,14605
2021-06-07 10:44:44,17410.15,14605
2021-06-07 10:44:44,17410.15,14605
2021-06-07 10:44:46,17411.0,14606
2021-06-07 10:44:47,17410.15,14607
2021-06-07 10:44:48,17410.15,14607
2021-06-07 10:44:49,17410.15,14607
2021-06-07 10:44:49,17410.15,14607
2021-06-07 10:44:50,17410.15,14607
2021-06-07 10:44:51,17410.15,14607
2021-06-07 10:44:52,17410.15,14607
2021-06-07 10:44:53,17410.15,14607
2021-06-07 10:44:54,17410.15,14607
2021-06-07 10:44:55,17410.15,14607
2021-06-07 10:44:57,17410.15,14609
2021-06-07 10:44:59,17410.15,14609
2021-06-07 10:45:00,17411.0,14610
2021-06-07 10:45:01,17410.15,14611
2021-06-07 10:45:02,17410.15,14612
2021-06-07 10:45:03,17410.15,14612
2021-06-07 10:45:04,17410.15,14612
2021-06-07 10:45:06,17410.15,14614
2021-06-07 10:45:07,17410.15,14620
2021-06-07 10:45:08,17410.15,14620
2021-06-07 10:45:09,17410.15,14621
2021-06-07 10:45:10,17410.15,14621
2021-06-07 10:45:11,17410.15,14621
2021-06-07 10:45:13,17410.15,14621
2021-06-07 10:45:14,17411.0,14654
2021-06-07 10:45:15,17422.5,14704
2021-06-07 10:45:15,17422.5,14704
2021-06-07 10:45:16,17422.5,14704
2021-06-07 10:45:17,17422.5,14704
2021-06-07 10:45:18,17422.5,14704
2021-06-07 10:45:19,17422.5,14704
2021-06-07 10:45:20,17422.5,14704
2021-06-07 10:45:21,17422.5,14704
2021-06-07 10:45:22,17422.5,14704
2021-06-07 10:45:23,17422.5,14704
2021-06-07 10:45:26,17422.5,14704
2021-06-07 10:45:27,17422.5,14704
2021-06-07 10:45:28,17422.5,14704
2021-06-07 10:45:29,17422.5,14704
2021-06-07 10:45:29,17415.05,14707
2021-06-07 10:45:30,17415.05,14707
2021-06-07 10:45:32,17415.05,14707
2021-06-07 10:45:33,17415.05,14707
2021-06-07 10:45:34,17415.05,14707
2021-06-07 10:45:35,17415.05,14707
2021-06-07 10:45:36,17415.05,14707
2021-06-07 10:45:37,17415.05,14707
2021-06-07 10:45:38,17415.05,14707
2021-06-07 10:45:40,17415.05,14707
2021-06-07 10:45:41,17415.05,14707
2021-06-07 10:45:42,17415.05,14707
2021-06-07 10:45:43,17415.05,14707
2021-06-07 10:45:44,17415.0,14708
2021-06-07 10:45:44,17415.0,14708
2021-06-07 10:45:45,17415.0,14708
2021-06-07 10:45:47,17415.0,14708
2021-06-07 10:45:48,17415.0,14708
2021-06-07 10:45:49,17415.0,14708
2021-06-07 10:45:50,17415.0,14708
2021-06-07 10:45:52,17415.0,14708
2021-06-07 10:45:53,17415.0,14708
2021-06-07 10:45:53,17415.0,14708
2021-06-07 10:45:54,17415.0,14708
2021-06-07 10:45:56,17415.0,14708
2021-06-07 10:45:58,17415.0,14708
2021-06-07 10:45:59,17415.25,14713
2021-06-07 10:46:00,17415.25,14713
2021-06-07 10:46:01,17415.25,14713
2021-06-07 10:46:05,17415.25,14713
2021-06-07 10:46:08,17415.25,14713
2021-06-07 10:46:09,17421.6,14716
2021-06-07 10:46:12,17421.6,14716
2021-06-07 10:46:13,17421.6,14716
2021-06-07 10:46:15,17421.6,14716
2021-06-07 10:46:16,17421.6,14716
2021-06-07 10:46:19,17415.25,14721
2021-06-07 10:46:21,17415.25,14721
2021-06-07 10:46:22,17415.25,14721
2021-06-07 10:46:22,17415.25,14721
2021-06-07 10:46:24,17426.7,14762
2021-06-07 10:46:25,17426.7,14762
2021-06-07 10:46:26,17426.7,14762
2021-06-07 10:46:27,17426.7,14762
2021-06-07 10:46:28,17426.7,14762
2021-06-07 10:46:31,17417.0,14763
2021-06-07 10:46:34,17417.0,14763
2021-06-07 10:46:37,17417.0,14763
2021-06-07 10:46:38,17417.0,14763
2021-06-07 10:46:42,17417.0,14763
2021-06-07 10:46:43,17417.0,14763
2021-06-07 10:46:44,17417.0,14763
2021-06-07 10:46:44,17417.0,14763
2021-06-07 10:46:46,17417.0,14763
2021-06-07 10:46:47,17417.0,14763
2021-06-07 10:46:48,17417.0,14763
2021-06-07 10:46:49,17416.15,14769
2021-06-07 10:46:50,17416.15,14769
2021-06-07 10:46:51,17416.15,14769
2021-06-07 10:46:52,17415.7,14771
2021-06-07 10:46:54,17415.7,14771
2021-06-07 10:46:55,17415.7,14771
2021-06-07 10:46:56,17415.7,14771
2021-06-07 10:46:57,17415.7,14771
2021-06-07 10:46:58,17415.7,14773
2021-06-07 10:46:58,17415.7,14773
2021-06-07 10:46:59,17415.7,14773
2021-06-07 10:47:02,17415.55,14775
2021-06-07 10:47:03,17415.55,14776
2021-06-07 10:47:04,17415.55,14776
2021-06-07 10:47:05,17415.55,14776
2021-06-07 10:47:06,17415.55,14776
2021-06-07 10:47:07,17415.55,14776
2021-06-07 10:47:08,17415.55,14776
2021-06-07 10:47:12,17415.55,14776
2021-06-07 10:47:13,17415.55,14778
2021-06-07 10:47:14,17415.55,14778
2021-06-07 10:47:15,17415.55,14778
2021-06-07 10:47:16,17416.0,14784
2021-06-07 10:47:19,17416.0,14784
2021-06-07 10:47:20,17416.0,14784
2021-06-07 10:47:22,17416.0,14784
2021-06-07 10:47:23,17416.0,14786
2021-06-07 10:47:23,17416.0,14786
2021-06-07 10:47:24,17416.0,14786
2021-06-07 10:47:26,17416.0,14786
2021-06-07 10:47:27,17416.0,14786
2021-06-07 10:47:28,17416.0,14786
2021-06-07 10:47:29,17416.0,14786
2021-06-07 10:47:30,17416.0,14786
2021-06-07 10:47:31,17415.25,14787
2021-06-07 10:47:31,17415.25,14787
2021-06-07 10:47:32,17415.25,14787
2021-06-07 10:47:34,17415.25,14789
2021-06-07 10:47:35,17416.25,15135
2021-06-07 10:47:36,17415.25,15145
2021-06-07 10:47:37,17415.25,15145
2021-06-07 10:47:38,17415.25,15145
2021-06-07 10:47:39,17415.25,15145
2021-06-07 10:47:40,17423.6,15146
2021-06-07 10:47:41,17423.6,15147
2021-06-07 10:47:42,17423.6,15147
2021-06-07 10:47:43,17423.6,15147
2021-06-07 10:47:44,17423.6,15147
2021-06-07 10:47:46,17423.6,15147
2021-06-07 10:47:45,17423.6,15147
2021-06-07 10:47:47,17423.6,15147
2021-06-07 10:47:48,17423.6,15147
2021-06-07 10:47:49,17423.6,15147
2021-06-07 10:47:50,17423.6,15147
2021-06-07 10:47:51,17423.6,15147
2021-06-07 10:47:52,17415.5,15150
2021-06-07 10:47:53,17415.5,15150
2021-06-07 10:47:54,17415.5,15150
2021-06-07 10:47:55,17415.5,15150
2021-06-07 10:47:56,17415.5,15150
2021-06-07 10:47:57,17415.5,15150
2021-06-07 10:47:59,17415.5,15150
2021-06-07 10:48:00,17415.5,15150
2021-06-07 10:48:01,17415.5,15150
2021-06-07 10:48:02,17415.5,15150
2021-06-07 10:48:03,17415.5,15150
2021-06-07 10:48:04,17424.95,15156
2021-06-07 10:48:05,17424.95,15156
2021-06-07 10:48:06,17424.95,15156
2021-06-07 10:48:07,17417.2,15157
2021-06-07 10:48:08,17417.2,15157
2021-06-07 10:48:09,17415.5,15161
2021-06-07 10:48:10,17415.5,15161
2021-06-07 10:48:11,17415.5,15161
2021-06-07 10:48:12,17415.5,15161
2021-06-07 10:48:13,17415.5,15161
2021-06-07 10:48:14,17415.5,15161
2021-06-07 10:48:15,17415.5,15161
2021-06-07 10:48:16,17415.5,15161
2021-06-07 10:48:17,17415.5,15161
2021-06-07 10:48:18,17415.5,15161
2021-06-07 10:48:19,17415.5,15161
2021-06-07 10:48:20,17415.5,15161
2021-06-07 10:48:21,17415.5,15161
2021-06-07 10:48:23,17416.25,15171
2021-06-07 10:48:24,17416.25,15171
2021-06-07 10:48:26,17415.25,15181
2021-06-07 10:48:27,17415.25,15181
2021-06-07 10:48:28,17423.5,15182
2021-06-07 10:48:29,17415.25,15192
2021-06-07 10:48:30,17415.25,15192
2021-06-07 10:48:31,17415.25,15192
2021-06-07 10:48:32,17415.25,15192
2021-06-07 10:48:34,17415.25,15192
2021-06-07 10:48:35,17423.45,15193
2021-06-07 10:48:36,17423.45,15193
2021-06-07 10:48:37,17423.45,15193
2021-06-07 10:48:38,17423.45,15193
2021-06-07 10:48:39,17423.45,15193
2021-06-07 10:48:40,17423.45,15193
2021-06-07 10:48:41,17423.45,15193
2021-06-07 10:48:42,17423.45,15193
2021-06-07 10:48:43,17423.45,15193
2021-06-07 10:48:44,17423.45,15197
2021-06-07 10:48:45,17423.45,15197
2021-06-07 10:48:47,17423.45,15197
2021-06-07 10:48:46,17423.45,15197
2021-06-07 10:48:49,17423.45,15197
2021-06-07 10:48:48,17423.45,15197
2021-06-07 10:48:51,17423.45,15197
2021-06-07 10:48:50,17423.45,15197
2021-06-07 10:48:52,17424.8,15198
2021-06-07 10:48:53,17424.8,15198
2021-06-07 10:48:54,17424.8,15198
2021-06-07 10:48:55,17424.8,15198
2021-06-07 10:48:56,17424.8,15198
2021-06-07 10:48:57,17424.8,15198
2021-06-07 10:48:58,17424.8,15198
2021-06-07 10:48:59,17424.8,15198
2021-06-07 10:49:00,17426.9,15214
2021-06-07 10:49:01,17426.9,15214
2021-06-07 10:49:02,17426.9,15214
2021-06-07 10:49:03,17426.9,15214
2021-06-07 10:49:04,17426.9,15214
2021-06-07 10:49:05,17426.9,15214
2021-06-07 10:49:06,17426.9,15214
2021-06-07 10:49:08,17426.9,15214
2021-06-07 10:49:09,17426.9,15214
2021-06-07 10:49:10,17426.9,15214
2021-06-07 10:49:11,17426.9,15214
2021-06-07 10:49:12,17426.9,15214
2021-06-07 10:49:13,17426.9,15214
2021-06-07 10:49:14,17423.05,15215
2021-06-07 10:49:15,17423.05,15215
2021-06-07 10:49:16,17423.05,15215
2021-06-07 10:49:17,17423.05,15215
2021-06-07 10:49:18,17423.05,15215
2021-06-07 10:49:19,17423.05,15215
2021-06-07 10:49:20,17426.9,15216
2021-06-07 10:49:21,17426.9,15226
2021-06-07 10:49:22,17426.9,15226
2021-06-07 10:49:23,17426.9,15226
2021-06-07 10:49:24,17426.9,15226
2021-06-07 10:49:25,17426.9,15226
2021-06-07 10:49:26,17426.9,15226
2021-06-07 10:49:27,17426.9,15226
