timestamp,ltp,volume
2021-06-07 09:17:46,991.4,30601
2021-06-07 09:17:53,991.3,31173
2021-06-07 09:17:59,991.0,31846
2021-06-07 09:18:06,990.85,33046
2021-06-07 09:18:12,990.55,33354
2021-06-07 09:18:19,990.0,33811
2021-06-07 09:18:26,990.1,34158
2021-06-07 09:18:32,990.15,34844
2021-06-07 09:18:38,990.15,35682
2021-06-07 09:18:45,990.1,36056
2021-06-07 09:18:51,989.7,37617
2021-06-07 09:18:58,989.15,38197
2021-06-07 09:19:04,989.15,38773
2021-06-07 09:19:11,988.95,39565
2021-06-07 09:19:17,989.0,39965
2021-06-07 09:19:24,988.8,40612
2021-06-07 09:19:30,989.15,40729
2021-06-07 09:19:37,989.15,41232
2021-06-07 09:19:43,989.65,41516
2021-06-07 09:19:50,989.7,41722
2021-06-07 09:19:56,989.5,41770
2021-06-07 09:20:02,990.0,42093
2021-06-07 09:20:08,990.75,42696
2021-06-07 09:20:15,989.7,43310
2021-06-07 09:20:21,989.5,43760
2021-06-07 09:20:28,989.8,43868
2021-06-07 09:20:34,990.45,44133
2021-06-07 09:20:40,989.9,44276
2021-06-07 09:20:46,990.35,44461
2021-06-07 09:20:50,990.25,44494
2021-06-07 09:20:51,990.45,44592
2021-06-07 09:20:52,990.05,44652
2021-06-07 09:20:53,990.35,44661
2021-06-07 09:20:55,990.35,44662
2021-06-07 09:20:54,990.35,44662
2021-06-07 09:20:56,990.35,44662
2021-06-07 09:20:56,990.35,44662
2021-06-07 09:20:58,989.9,44667
2021-06-07 09:20:59,990.35,44678
2021-06-07 09:21:00,990.35,44682
2021-06-07 09:21:01,990.45,44850
2021-06-07 09:21:02,990.6,44904
2021-06-07 09:21:04,991.4,45129
2021-06-07 09:21:06,991.95,45412
2021-06-07 09:21:07,991.8,45419
2021-06-07 09:21:08,991.9,45420
2021-06-07 09:21:09,991.85,45421
2021-06-07 09:21:10,991.85,45421
2021-06-07 09:21:11,991.3,45423
2021-06-07 09:21:12,991.85,45447
2021-06-07 09:21:13,991.85,45451
2021-06-07 09:21:14,991.3,45476
2021-06-07 09:21:15,991.7,45500
2021-06-07 09:21:16,991.8,45508
2021-06-07 09:21:17,991.8,45509
2021-06-07 09:21:18,991.8,45509
2021-06-07 09:21:19,991.8,45554
2021-06-07 09:21:20,991.3,45571
2021-06-07 09:21:21,991.3,45583
2021-06-07 09:21:22,991.75,45585
2021-06-07 09:21:23,991.3,45595
2021-06-07 09:21:24,991.75,45597
2021-06-07 09:21:25,991.5,45601
2021-06-07 09:21:26,991.8,45701
2021-06-07 09:21:27,991.35,45786
2021-06-07 09:21:28,991.7,45900
2021-06-07 09:21:29,991.7,45917
2021-06-07 09:21:30,991.75,45981
2021-06-07 09:21:31,991.35,46049
2021-06-07 09:21:32,991.85,46118
2021-06-07 09:21:33,991.95,46542
2021-06-07 09:21:34,991.65,46748
2021-06-07 09:21:35,992.1,46781
2021-06-07 09:21:36,991.7,46864
2021-06-07 09:21:37,991.7,47023
2021-06-07 09:21:38,991.75,47083
2021-06-07 09:21:39,991.0,47293
2021-06-07 09:21:41,991.5,47623
2021-06-07 09:21:42,991.5,47632
2021-06-07 09:21:44,991.7,47714
2021-06-07 09:21:45,991.7,47793
2021-06-07 09:21:46,991.7,47805
2021-06-07 09:21:47,991.3,47831
2021-06-07 09:21:48,991.65,47835
2021-06-07 09:21:49,991.3,47956
2021-06-07 09:21:50,991.3,47977
2021-06-07 09:21:51,991.55,47980
2021-06-07 09:21:52,991.05,47992
2021-06-07 09:21:53,991.55,47993
2021-06-07 09:21:54,991.45,48037
2021-06-07 09:21:55,991.45,48043
2021-06-07 09:21:56,991.45,48044
2021-06-07 09:21:57,991.05,48049
2021-06-07 09:21:58,991.15,48331
2021-06-07 09:21:59,991.65,48598
2021-06-07 09:22:00,991.45,48640
2021-06-07 09:22:01,991.45,48768
2021-06-07 09:22:02,991.6,48797
2021-06-07 09:22:03,991.05,48824
2021-06-07 09:22:04,991.55,48828
2021-06-07 09:22:05,991.0,48956
2021-06-07 09:22:06,991.4,48975
2021-06-07 09:22:07,991.45,48978
2021-06-07 09:22:08,991.45,48978
2021-06-07 09:22:09,991.45,48978
2021-06-07 09:22:10,991.45,48978
2021-06-07 09:22:11,991.45,48992
2021-06-07 09:22:12,991.45,49004
2021-06-07 09:22:13,991.15,49016
2021-06-07 09:22:14,991.5,49068
2021-06-07 09:22:15,991.0,49268
2021-06-07 09:22:16,991.4,49301
2021-06-07 09:22:17,991.0,49327
2021-06-07 09:22:18,990.45,50091
2021-06-07 09:22:19,990.45,50186
2021-06-07 09:22:20,990.85,50310
2021-06-07 09:22:21,990.15,50442
2021-06-07 09:22:22,990.6,50808
2021-06-07 09:22:23,990.6,50863
2021-06-07 09:22:24,990.65,50871
2021-06-07 09:22:25,990.6,50872
2021-06-07 09:22:26,990.15,50892
2021-06-07 09:22:27,990.65,50934
2021-06-07 09:22:28,990.65,50952
2021-06-07 09:22:29,990.65,50955
2021-06-07 09:22:30,990.65,50957
2021-06-07 09:22:32,990.65,50959
2021-06-07 09:22:33,990.65,50959
2021-06-07 09:22:34,990.65,50959
2021-06-07 09:22:35,990.3,51059
2021-06-07 09:22:36,990.65,51074
2021-06-07 09:22:37,990.65,51076
2021-06-07 09:22:38,990.65,51079
2021-06-07 09:22:39,990.3,51094
2021-06-07 09:22:40,991.05,51147
2021-06-07 09:22:41,991.35,51155
2021-06-07 09:22:42,991.35,51156
2021-06-07 09:22:43,991.35,51156
2021-06-07 09:22:44,991.35,51156
2021-06-07 09:22:45,990.95,51202
2021-06-07 09:22:46,991.35,51209
2021-06-07 09:22:47,991.35,51210
2021-06-07 09:22:48,991.35,51220
2021-06-07 09:22:49,991.0,51232
2021-06-07 09:22:50,991.35,51236
2021-06-07 09:22:51,991.35,51237
2021-06-07 09:22:52,991.35,51237
2021-06-07 09:22:53,991.35,51237
2021-06-07 09:22:55,991.35,51237
2021-06-07 09:22:57,991.15,51391
2021-06-07 09:22:58,991.6,51398
2021-06-07 09:22:59,991.6,51399
2021-06-07 09:23:00,991.8,51401
2021-06-07 09:23:01,991.8,51402
2021-06-07 09:23:02,991.8,51402
2021-06-07 09:23:03,991.65,51452
2021-06-07 09:23:05,992.0,51615
2021-06-07 09:23:06,991.75,51640
2021-06-07 09:23:07,991.75,51644
2021-06-07 09:23:08,991.75,51644
2021-06-07 09:23:09,991.5,51660
2021-06-07 09:23:10,991.75,51663
2021-06-07 09:23:11,991.75,51683
2021-06-07 09:23:12,991.75,51686
2021-06-07 09:23:13,991.75,51687
2021-06-07 09:23:14,991.75,51687
2021-06-07 09:23:15,991.75,51688
2021-06-07 09:23:16,991.5,51708
2021-06-07 09:23:17,991.75,51711
2021-06-07 09:23:18,991.75,51811
2021-06-07 09:23:19,991.5,51831
2021-06-07 09:23:20,991.35,52068
2021-06-07 09:23:21,991.05,52389
2021-06-07 09:23:22,991.05,52420
2021-06-07 09:23:23,991.3,52425
2021-06-07 09:23:25,990.8,52490
2021-06-07 09:23:26,991.25,52508
2021-06-07 09:23:27,991.35,52511
2021-06-07 09:23:28,991.5,52572
2021-06-07 09:23:29,991.45,52636
2021-06-07 09:23:31,991.55,52670
2021-06-07 09:23:32,991.55,52672
2021-06-07 09:23:33,990.9,52749
2021-06-07 09:23:34,991.25,52860
2021-06-07 09:23:35,991.45,52877
2021-06-07 09:23:36,991.45,52879
2021-06-07 09:23:37,991.45,52880
2021-06-07 09:23:38,991.45,52955
2021-06-07 09:23:39,991.5,52966
2021-06-07 09:23:40,991.5,52968
2021-06-07 09:23:41,991.6,53068
2021-06-07 09:23:42,991.6,53083
2021-06-07 09:23:43,991.6,53085
2021-06-07 09:23:44,991.6,53086
2021-06-07 09:23:45,991.25,53101
2021-06-07 09:23:46,991.25,53841
2021-06-07 09:23:47,991.0,54102
2021-06-07 09:23:48,991.3,54171
2021-06-07 09:23:52,991.25,54356
2021-06-07 09:23:53,991.6,54371
2021-06-07 09:23:54,991.6,54375
2021-06-07 09:23:55,991.25,54516
2021-06-07 09:23:56,991.6,54538
2021-06-07 09:23:57,991.6,54551
2021-06-07 09:23:58,991.75,54582
2021-06-07 09:23:59,991.65,54598
2021-06-07 09:24:00,991.6,54602
2021-06-07 09:24:02,991.75,54764
2021-06-07 09:24:02,991.75,54743
2021-06-07 09:24:03,991.25,54902
2021-06-07 09:24:05,991.8,55023
2021-06-07 09:24:06,991.8,55034
2021-06-07 09:24:07,991.7,55065
2021-06-07 09:24:08,991.85,55070
2021-06-07 09:24:09,991.3,55088
2021-06-07 09:24:10,991.85,55102
2021-06-07 09:24:11,991.85,55112
2021-06-07 09:24:12,991.85,55113
2021-06-07 09:24:13,991.85,55113
2021-06-07 09:24:14,991.85,55113
2021-06-07 09:24:16,993.2,56803
2021-06-07 09:24:17,991.8,57429
2021-06-07 09:24:18,991.7,57525
2021-06-07 09:24:20,992.55,57550
2021-06-07 09:24:20,992.0,57792
2021-06-07 09:24:22,992.25,57802
2021-06-07 09:24:22,992.2,57965
2021-06-07 09:24:23,992.1,58063
2021-06-07 09:24:25,991.95,58079
2021-06-07 09:24:25,991.5,58137
2021-06-07 09:24:26,991.25,58264
2021-06-07 09:24:27,991.9,58463
2021-06-07 09:24:28,991.05,58749
2021-06-07 09:24:29,991.75,58792
2021-06-07 09:24:30,991.05,58801
2021-06-07 09:24:31,991.75,58803
2021-06-07 09:24:33,991.75,58803
2021-06-07 09:24:33,991.75,58803
2021-06-07 09:24:34,991.7,58805
2021-06-07 09:24:35,991.75,58806
2021-06-07 09:24:36,991.0,58957
2021-06-07 09:24:37,991.7,58980
2021-06-07 09:24:38,991.7,58983
2021-06-07 09:24:39,991.75,59020
2021-06-07 09:24:40,991.7,59040
2021-06-07 09:24:41,991.7,59123
2021-06-07 09:24:43,991.75,59136
2021-06-07 09:24:44,991.35,59146
2021-06-07 09:24:44,991.65,59147
2021-06-07 09:24:45,991.35,59191
2021-06-07 09:24:46,991.65,59208
2021-06-07 09:24:47,991.65,59261
2021-06-07 09:24:48,991.75,59320
2021-06-07 09:24:49,991.75,59330
2021-06-07 09:24:50,991.7,59418
2021-06-07 09:24:51,991.7,59527
2021-06-07 09:24:52,992.0,59628
2021-06-07 09:24:53,992.0,59644
2021-06-07 09:24:54,992.0,59646
2021-06-07 09:24:55,992.0,59706
2021-06-07 09:24:56,992.0,59715
2021-06-07 09:24:57,992.0,59721
2021-06-07 09:24:58,992.45,60372
2021-06-07 09:25:00,992.65,60685
2021-06-07 09:25:01,992.7,60721
2021-06-07 09:25:02,992.15,60729
2021-06-07 09:25:04,992.65,60745
2021-06-07 09:25:04,992.65,60747
2021-06-07 09:25:05,992.65,60748
2021-06-07 09:25:06,992.65,60748
2021-06-07 09:25:07,992.65,60749
2021-06-07 09:25:09,992.65,60749
2021-06-07 09:25:10,993.2,63486
2021-06-07 09:25:10,992.2,64606
2021-06-07 09:25:12,992.65,65072
2021-06-07 09:25:13,993.0,65082
2021-06-07 09:25:14,993.0,65083
2021-06-07 09:25:15,992.25,65263
2021-06-07 09:25:16,992.9,65295
2021-06-07 09:25:17,992.3,65440
2021-06-07 09:25:19,992.25,65527
2021-06-07 09:25:19,992.75,65540
2021-06-07 09:25:20,992.75,65542
2021-06-07 09:25:21,992.75,65542
2021-06-07 09:25:22,992.75,65542
2021-06-07 09:25:23,992.1,65708
2021-06-07 09:25:24,992.15,65735
2021-06-07 09:25:25,992.55,65966
2021-06-07 09:25:26,992.55,66000
2021-06-07 09:25:28,992.55,66006
2021-06-07 09:25:28,992.55,66006
2021-06-07 09:25:30,992.8,66608
2021-06-07 09:25:30,992.55,66609
2021-06-07 09:25:31,992.55,66609
2021-06-07 09:25:32,991.9,67466
2021-06-07 09:25:33,992.6,67594
2021-06-07 09:25:34,992.0,67819
2021-06-07 09:25:35,991.9,68157
2021-06-07 09:25:36,992.5,68212
2021-06-07 09:25:37,992.2,68221
2021-06-07 09:25:38,992.2,68229
2021-06-07 09:25:39,992.0,68232
2021-06-07 09:25:40,992.2,68233
2021-06-07 09:25:41,992.2,68233
2021-06-07 09:25:42,992.2,68233
2021-06-07 09:25:43,992.2,68233
2021-06-07 09:25:44,992.0,68288
2021-06-07 09:25:45,992.0,68302
2021-06-07 09:25:46,992.2,68304
2021-06-07 09:25:47,992.2,68304
2021-06-07 09:25:48,992.2,68304
2021-06-07 09:25:49,992.5,68309
2021-06-07 09:25:50,992.05,68426
2021-06-07 09:25:52,992.45,68463
2021-06-07 09:25:53,992.5,68464
2021-06-07 09:25:55,992.05,68465
2021-06-07 09:25:56,992.05,68495
2021-06-07 09:25:57,992.5,68500
2021-06-07 09:25:58,992.5,68520
2021-06-07 09:25:59,992.5,68524
2021-06-07 09:25:59,992.5,68524
2021-06-07 09:26:01,992.1,68944
2021-06-07 09:26:01,992.0,69232
2021-06-07 09:26:02,992.0,69275
2021-06-07 09:26:03,992.0,69531
2021-06-07 09:26:04,991.45,69600
2021-06-07 09:26:05,991.45,69691
2021-06-07 09:26:06,992.0,69718
2021-06-07 09:26:07,991.45,69724
2021-06-07 09:26:09,991.5,69736
2021-06-07 09:26:09,992.0,69738
2021-06-07 09:26:11,992.0,69738
2021-06-07 09:26:12,991.85,69840
2021-06-07 09:26:13,991.45,69857
2021-06-07 09:26:14,991.85,69859
2021-06-07 09:26:15,991.85,69860
2021-06-07 09:26:16,991.45,69862
2021-06-07 09:26:16,991.85,69865
2021-06-07 09:26:18,991.85,69865
2021-06-07 09:26:19,991.55,69866
2021-06-07 09:26:20,991.55,69878
2021-06-07 09:26:21,991.8,69882
2021-06-07 09:26:22,991.8,69883
2021-06-07 09:26:23,991.8,69888
2021-06-07 09:26:25,991.8,69889
2021-06-07 09:26:26,991.8,69909
2021-06-07 09:26:27,991.75,70070
2021-06-07 09:26:27,991.55,69932
2021-06-07 09:26:30,991.5,70250
2021-06-07 09:26:30,991.55,70251
2021-06-07 09:26:32,991.8,70735
2021-06-07 09:26:32,991.5,71045
2021-06-07 09:26:33,991.8,71151
2021-06-07 09:26:34,991.8,71196
2021-06-07 09:26:36,991.8,71276
2021-06-07 09:26:37,991.8,71290
2021-06-07 09:26:38,991.8,71292
2021-06-07 09:26:39,991.8,71292
2021-06-07 09:26:40,991.8,71295
2021-06-07 09:26:41,991.55,71359
2021-06-07 09:26:42,991.8,71368
2021-06-07 09:26:43,991.8,71372
2021-06-07 09:26:44,991.8,71372
2021-06-07 09:26:44,991.8,71372
2021-06-07 09:26:46,991.5,71589
2021-06-07 09:26:47,991.8,71618
2021-06-07 09:26:48,991.8,71622
2021-06-07 09:26:49,991.8,71754
2021-06-07 09:26:51,991.25,72061
2021-06-07 09:26:52,991.95,72107
2021-06-07 09:26:53,991.85,72116
2021-06-07 09:26:54,991.85,72118
2021-06-07 09:26:55,992.7,73689
2021-06-07 09:26:57,992.35,74424
2021-06-07 09:26:56,991.5,74365
2021-06-07 09:26:58,992.35,74477
2021-06-07 09:26:59,992.25,74552
2021-06-07 09:27:00,992.2,74621
2021-06-07 09:27:00,991.95,74631
2021-06-07 09:27:02,992.25,74978
2021-06-07 09:27:04,992.3,75356
2021-06-07 09:27:05,992.15,75394
2021-06-07 09:27:06,992.0,75399
2021-06-07 09:27:06,992.0,75400
2021-06-07 09:27:08,992.0,75400
2021-06-07 09:27:09,992.0,75400
2021-06-07 09:27:10,992.0,75400
2021-06-07 09:27:11,992.0,75400
2021-06-07 09:27:12,991.55,75401
2021-06-07 09:27:12,992.0,75402
2021-06-07 09:27:14,992.0,75412
2021-06-07 09:27:14,992.0,75413
2021-06-07 09:27:16,992.0,75413
2021-06-07 09:27:17,992.0,75513
2021-06-07 09:27:17,992.05,75514
2021-06-07 09:27:18,992.05,75519
2021-06-07 09:27:19,992.1,75520
2021-06-07 09:27:20,992.5,76528
2021-06-07 09:27:21,991.65,76685
2021-06-07 09:27:22,992.0,76840
2021-06-07 09:27:23,991.45,77065
2021-06-07 09:27:24,991.5,77111
2021-06-07 09:27:25,991.45,77216
2021-06-07 09:27:26,991.45,77437
2021-06-07 09:27:27,991.95,77470
2021-06-07 09:27:29,991.95,77475
2021-06-07 09:27:30,991.95,77475
2021-06-07 09:27:31,991.95,77575
2021-06-07 09:27:32,991.95,77640
2021-06-07 09:27:32,991.95,77700
2021-06-07 09:27:33,991.55,77762
2021-06-07 09:27:34,991.55,77773
2021-06-07 09:27:35,991.55,77786
2021-06-07 09:27:36,991.45,77823
2021-06-07 09:27:37,991.45,77831
2021-06-07 09:27:38,992.1,78046
2021-06-07 09:27:39,992.0,78078
2021-06-07 09:27:40,991.55,78088
2021-06-07 09:27:42,992.35,79095
2021-06-07 09:27:42,991.55,79349
2021-06-07 09:27:43,992.15,79387
2021-06-07 09:27:44,992.15,79394
2021-06-07 09:27:46,991.55,79493
2021-06-07 09:27:46,992.0,79508
2021-06-07 09:27:47,991.45,79766
2021-06-07 09:27:48,992.0,80200
2021-06-07 09:27:49,992.0,80265
2021-06-07 09:27:51,991.35,80375
2021-06-07 09:27:52,992.0,80391
2021-06-07 09:27:53,991.95,80394
2021-06-07 09:27:53,991.95,80394
2021-06-07 09:27:54,990.8,81170
2021-06-07 09:27:55,991.1,81287
2021-06-07 09:27:56,990.45,81538
2021-06-07 09:27:57,990.45,81789
2021-06-07 09:27:58,991.0,81827
2021-06-07 09:27:59,991.0,81830
2021-06-07 09:28:00,990.45,81894
2021-06-07 09:28:02,990.55,81903
2021-06-07 09:28:03,990.0,81979
2021-06-07 09:28:04,990.5,81990
2021-06-07 09:28:05,990.5,82002
2021-06-07 09:28:06,990.5,82003
2021-06-07 09:28:07,990.75,82133
2021-06-07 09:28:08,990.15,82162
2021-06-07 09:28:09,990.05,82462
2021-06-07 09:28:10,990.8,82485
2021-06-07 09:28:10,990.65,82482
2021-06-07 09:28:11,990.65,82487
2021-06-07 09:28:12,990.65,82487
2021-06-07 09:28:13,990.65,82487
2021-06-07 09:28:15,990.65,82487
2021-06-07 09:28:16,990.65,82489
2021-06-07 09:28:17,990.8,82490
2021-06-07 09:28:18,990.85,82605
2021-06-07 09:28:18,990.25,82590
2021-06-07 09:28:19,990.85,82607
2021-06-07 09:28:21,990.85,82607
2021-06-07 09:28:22,990.65,82608
2021-06-07 09:28:23,990.65,82613
2021-06-07 09:28:24,990.65,82614
2021-06-07 09:28:25,990.65,82614
2021-06-07 09:28:26,990.65,82614
2021-06-07 09:28:27,990.9,82864
2021-06-07 09:28:28,990.9,82902
2021-06-07 09:28:29,990.9,82910
2021-06-07 09:28:30,990.9,82918
2021-06-07 09:28:31,990.9,82919
2021-06-07 09:28:32,990.9,82919
2021-06-07 09:28:33,990.9,82920
2021-06-07 09:28:34,990.9,82920
2021-06-07 09:28:35,990.25,83968
2021-06-07 09:28:35,990.45,84009
2021-06-07 09:28:36,990.25,84273
2021-06-07 09:28:38,990.25,84542
2021-06-07 09:28:39,990.8,84572
2021-06-07 09:28:40,990.8,84587
2021-06-07 09:28:41,990.55,84590
2021-06-07 09:28:42,990.55,84591
2021-06-07 09:28:44,990.55,84657
2021-06-07 09:28:45,990.55,84658
2021-06-07 09:28:46,990.55,84662
2021-06-07 09:28:48,990.55,84662
2021-06-07 09:28:48,990.55,84662
2021-06-07 09:28:49,990.55,84670
2021-06-07 09:28:51,990.55,84674
2021-06-07 09:28:52,990.55,84674
2021-06-07 09:28:53,990.2,84744
2021-06-07 09:28:54,990.55,84759
2021-06-07 09:28:57,990.1,85820
2021-06-07 09:28:58,990.2,86313
2021-06-07 09:28:59,990.05,86707
2021-06-07 09:29:00,990.15,86832
2021-06-07 09:29:01,990.35,86881
2021-06-07 09:29:02,990.8,86888
2021-06-07 09:29:03,990.75,86889
2021-06-07 09:29:04,990.75,86889
2021-06-07 09:29:05,990.75,86889
2021-06-07 09:29:06,990.75,86889
2021-06-07 09:29:07,990.75,86889
2021-06-07 09:29:08,990.75,86889
2021-06-07 09:29:09,990.25,86924
2021-06-07 09:29:10,990.75,86928
2021-06-07 09:29:11,990.85,86929
2021-06-07 09:29:12,990.85,86929
2021-06-07 09:29:14,990.85,86929
2021-06-07 09:29:15,990.85,86930
2021-06-07 09:29:16,990.85,86930
2021-06-07 09:29:17,990.85,86930
2021-06-07 09:29:19,990.55,86950
2021-06-07 09:29:20,990.85,86953
2021-06-07 09:29:21,990.85,86959
2021-06-07 09:29:22,990.85,86971
2021-06-07 09:29:23,990.85,86972
2021-06-07 09:29:24,990.85,86973
2021-06-07 09:29:25,990.85,86973
2021-06-07 09:29:26,990.85,86973
2021-06-07 09:29:27,990.85,86973
2021-06-07 09:29:29,990.85,86973
2021-06-07 09:29:30,990.85,86973
2021-06-07 09:29:31,990.0,87978
2021-06-07 09:29:33,990.3,88476
2021-06-07 09:29:34,990.75,88492
2021-06-07 09:29:35,990.25,88584
2021-06-07 09:29:36,990.75,88624
2021-06-07 09:29:37,990.75,88630
2021-06-07 09:29:38,990.75,88631
2021-06-07 09:29:39,990.2,88652
2021-06-07 09:29:40,990.75,88656
2021-06-07 09:29:41,990.75,88656
2021-06-07 09:29:42,990.75,88656
2021-06-07 09:29:43,990.75,88656
2021-06-07 09:29:45,990.75,88686
2021-06-07 09:29:46,990.75,88691
2021-06-07 09:29:47,990.75,88691
2021-06-07 09:29:48,990.2,88701
2021-06-07 09:29:49,990.75,88703
2021-06-07 09:29:51,990.9,88833
2021-06-07 09:29:52,990.9,88853
2021-06-07 09:29:52,990.85,88855
2021-06-07 09:29:55,990.85,88855
2021-06-07 09:29:55,990.85,88855
2021-06-07 09:29:57,990.85,88855
2021-06-07 09:29:58,990.85,88856
2021-06-07 09:29:59,990.85,88856
2021-06-07 09:30:01,990.85,88858
2021-06-07 09:30:00,990.85,88856
2021-06-07 09:30:02,990.85,88862
2021-06-07 09:30:03,990.85,88863
2021-06-07 09:30:04,990.85,88863
2021-06-07 09:30:05,990.9,88975
2021-06-07 09:30:06,990.9,88992
2021-06-07 09:30:07,990.9,88995
2021-06-07 09:30:09,990.9,88995
2021-06-07 09:30:10,990.7,89085
2021-06-07 09:30:11,990.85,89109
2021-06-07 09:30:12,990.85,89111
2021-06-07 09:30:13,990.85,89111
2021-06-07 09:30:14,990.85,89111
2021-06-07 09:30:16,990.85,89111
2021-06-07 09:30:17,990.85,89111
2021-06-07 09:30:19,990.7,89119
2021-06-07 09:30:20,990.9,89123
2021-06-07 09:30:21,990.9,89123
2021-06-07 09:30:22,990.9,89123
2021-06-07 09:30:24,990.9,89140
2021-06-07 09:30:25,990.9,89141
2021-06-07 09:30:25,990.9,89141
2021-06-07 09:30:26,990.9,89141
2021-06-07 09:30:27,990.9,89144
2021-06-07 09:30:28,990.9,89144
2021-06-07 09:30:30,990.9,89144
2021-06-07 09:30:31,990.9,89145
2021-06-07 09:30:32,990.9,89338
2021-06-07 09:30:33,990.9,89466
2021-06-07 09:30:35,990.9,89488
2021-06-07 09:30:35,990.9,89488
2021-06-07 09:30:36,990.9,89488
2021-06-07 09:30:38,990.9,89569
2021-06-07 09:30:39,990.9,89577
2021-06-07 09:30:39,990.9,89582
2021-06-07 09:30:40,990.85,89627
2021-06-07 09:30:41,990.9,89632
2021-06-07 09:30:42,991.0,89633
2021-06-07 09:30:43,990.9,89635
2021-06-07 09:30:44,990.9,89635
2021-06-07 09:30:45,990.9,89636
2021-06-07 09:30:46,990.9,89648
2021-06-07 09:30:47,990.9,89702
2021-06-07 09:30:49,991.0,89710
2021-06-07 09:30:50,990.75,89903
2021-06-07 09:30:51,991.0,89932
2021-06-07 09:30:52,990.7,89967
2021-06-07 09:30:53,990.9,89972
2021-06-07 09:30:54,990.9,89973
2021-06-07 09:30:55,990.7,89983
2021-06-07 09:30:56,990.9,89984
2021-06-07 09:30:57,990.9,89987
2021-06-07 09:30:58,990.9,89988
2021-06-07 09:30:59,990.9,89988
2021-06-07 09:31:00,990.9,89989
2021-06-07 09:31:01,990.9,89989
2021-06-07 09:31:02,990.9,89989
2021-06-07 09:31:03,990.7,89990
2021-06-07 09:31:04,990.7,90048
2021-06-07 09:31:05,990.9,90057
2021-06-07 09:31:06,990.9,90058
2021-06-07 09:31:09,990.7,90061
2021-06-07 09:31:10,990.7,90061
2021-06-07 09:31:10,990.9,90185
2021-06-07 09:31:11,990.9,90204
2021-06-07 09:31:12,990.7,90209
2021-06-07 09:31:13,990.9,90210
2021-06-07 09:31:15,990.9,90216
2021-06-07 09:31:16,990.9,90217
2021-06-07 09:31:17,990.9,90358
2021-06-07 09:31:18,990.95,90414
2021-06-07 09:31:19,991.05,90434
2021-06-07 09:31:21,991.15,90471
2021-06-07 09:31:22,991.15,90471
2021-06-07 09:31:24,991.15,90478
2021-06-07 09:31:25,991.15,90479
2021-06-07 09:31:26,991.15,90479
2021-06-07 09:31:27,991.15,90479
2021-06-07 09:31:28,991.15,90479
2021-06-07 09:31:29,991.15,90482
2021-06-07 09:31:29,991.45,90588
2021-06-07 09:31:30,991.35,90598
2021-06-07 09:31:31,991.35,90615
2021-06-07 09:31:32,991.35,90618
2021-06-07 09:31:34,991.5,90728
2021-06-07 09:31:35,991.45,90738
2021-06-07 09:31:36,991.0,90752
2021-06-07 09:31:37,991.0,90754
2021-06-07 09:31:38,991.0,90856
2021-06-07 09:31:39,991.0,90871
2021-06-07 09:31:40,991.0,90873
2021-06-07 09:31:41,990.8,90947
2021-06-07 09:31:41,991.0,90958
2021-06-07 09:31:42,991.0,90959
2021-06-07 09:31:43,990.8,90978
2021-06-07 09:31:45,991.0,90981
2021-06-07 09:31:45,991.0,90982
2021-06-07 09:31:47,991.0,90982
2021-06-07 09:31:48,991.0,90982
2021-06-07 09:31:49,991.0,90987
2021-06-07 09:31:50,991.0,90988
2021-06-07 09:31:51,990.8,90989
2021-06-07 09:31:51,990.8,90989
2021-06-07 09:31:52,991.0,91084
2021-06-07 09:31:53,991.0,91098
2021-06-07 09:31:54,991.0,91100
2021-06-07 09:31:55,990.8,91238
2021-06-07 09:31:57,990.8,91264
2021-06-07 09:31:58,991.0,91269
2021-06-07 09:32:01,991.0,91444
2021-06-07 09:32:02,991.0,91452
2021-06-07 09:32:02,991.0,91453
2021-06-07 09:32:03,990.75,91504
2021-06-07 09:32:04,991.0,91511
2021-06-07 09:32:05,991.0,91512
2021-06-07 09:32:07,991.0,91517
2021-06-07 09:32:07,991.0,91523
2021-06-07 09:32:08,991.0,91524
2021-06-07 09:32:09,991.0,91524
2021-06-07 09:32:12,990.8,91527
2021-06-07 09:32:12,991.0,91538
2021-06-07 09:32:13,991.0,91539
2021-06-07 09:32:16,991.0,91542
2021-06-07 09:32:17,991.0,91542
2021-06-07 09:32:18,991.0,91542
2021-06-07 09:32:20,991.0,91542
2021-06-07 09:32:21,991.5,92404
2021-06-07 09:32:22,991.35,92543
2021-06-07 09:32:23,991.4,92622
2021-06-07 09:32:24,991.35,92849
2021-06-07 09:32:25,991.75,92883
2021-06-07 09:32:26,991.0,92977
2021-06-07 09:32:27,991.55,92991
2021-06-07 09:32:28,991.55,92994
2021-06-07 09:32:29,991.65,92995
2021-06-07 09:32:30,991.05,93125
2021-06-07 09:32:31,991.5,93144
2021-06-07 09:32:32,991.15,93247
2021-06-07 09:32:33,991.65,93251
2021-06-07 09:32:34,991.75,93261
2021-06-07 09:32:35,991.85,93397
2021-06-07 09:32:36,991.95,93417
2021-06-07 09:32:37,991.95,93420
2021-06-07 09:32:38,992.1,93921
2021-06-07 09:32:39,992.05,93996
2021-06-07 09:32:40,992.0,94007
2021-06-07 09:32:41,992.0,94010
2021-06-07 09:32:42,992.0,94023
2021-06-07 09:32:43,992.0,94025
2021-06-07 09:32:44,992.0,94025
2021-06-07 09:32:45,992.0,94025
2021-06-07 09:32:46,991.75,94072
2021-06-07 09:32:47,992.0,94079
2021-06-07 09:32:48,992.0,94080
2021-06-07 09:32:49,992.0,94081
2021-06-07 09:32:50,992.0,94082
2021-06-07 09:32:52,991.8,94083
2021-06-07 09:32:53,991.8,94083
2021-06-07 09:32:54,992.0,94089
2021-06-07 09:32:55,992.0,94090
2021-06-07 09:32:56,992.0,94090
2021-06-07 09:32:58,992.0,94090
2021-06-07 09:32:59,992.2,94211
2021-06-07 09:33:00,992.2,94229
2021-06-07 09:33:01,991.8,94282
2021-06-07 09:33:02,992.2,94378
2021-06-07 09:33:04,992.2,94397
2021-06-07 09:33:03,992.0,94394
2021-06-07 09:33:05,992.2,94397
2021-06-07 09:33:06,992.2,94397
2021-06-07 09:33:07,992.2,94404
2021-06-07 09:33:08,992.2,94405
2021-06-07 09:33:09,992.05,94417
2021-06-07 09:33:10,992.2,94419
2021-06-07 09:33:11,992.2,94438
2021-06-07 09:33:12,992.75,95009
2021-06-07 09:33:13,992.3,95145
2021-06-07 09:33:14,992.75,95165
2021-06-07 09:33:15,992.8,95218
2021-06-07 09:33:16,992.7,95274
2021-06-07 09:33:18,992.7,95286
2021-06-07 09:33:19,992.3,95288
2021-06-07 09:33:20,992.3,95288
2021-06-07 09:33:21,992.3,95288
2021-06-07 09:33:22,992.6,95290
2021-06-07 09:33:23,992.6,95290
2021-06-07 09:33:24,992.6,95290
2021-06-07 09:33:25,992.4,95310
2021-06-07 09:33:26,992.4,95344
2021-06-07 09:33:27,992.6,95347
2021-06-07 09:33:28,992.7,95348
2021-06-07 09:33:29,992.0,95848
2021-06-07 09:33:30,992.6,95896
2021-06-07 09:33:31,992.6,95930
2021-06-07 09:33:32,992.35,95935
2021-06-07 09:33:33,992.1,96018
2021-06-07 09:33:34,992.65,96027
2021-06-07 09:33:35,992.6,96253
2021-06-07 09:33:36,992.7,96258
2021-06-07 09:33:37,992.6,96290
2021-06-07 09:33:38,992.85,96295
2021-06-07 09:33:39,992.85,96296
2021-06-07 09:33:40,992.85,96302
2021-06-07 09:33:41,992.6,96349
2021-06-07 09:33:42,992.85,96356
2021-06-07 09:33:44,992.85,96363
2021-06-07 09:33:45,992.85,96363
2021-06-07 09:33:47,992.85,96363
2021-06-07 09:33:48,992.85,96383
2021-06-07 09:33:49,992.85,96386
2021-06-07 09:33:50,992.85,96387
2021-06-07 09:33:51,992.65,96413
2021-06-07 09:33:52,992.85,96418
2021-06-07 09:33:53,992.65,96456
2021-06-07 09:33:54,992.85,96462
2021-06-07 09:33:55,992.85,96463
2021-06-07 09:33:56,992.9,96478
2021-06-07 09:33:57,992.65,96530
2021-06-07 09:33:58,992.9,96542
2021-06-07 09:33:59,992.6,96576
2021-06-07 09:34:00,992.85,96581
2021-06-07 09:34:01,992.85,96582
2021-06-07 09:34:02,992.6,96584
2021-06-07 09:34:03,992.6,96635
2021-06-07 09:34:04,992.65,96639
2021-06-07 09:34:05,992.85,96844
2021-06-07 09:34:06,992.9,96944
2021-06-07 09:34:07,992.9,96959
2021-06-07 09:34:08,992.9,96962
2021-06-07 09:34:09,992.9,96962
2021-06-07 09:34:11,992.85,97038
2021-06-07 09:34:12,992.9,97049
2021-06-07 09:34:13,992.9,97051
2021-06-07 09:34:14,992.9,97055
2021-06-07 09:34:15,992.85,97186
2021-06-07 09:34:16,992.85,97435
2021-06-07 09:34:17,992.05,97536
2021-06-07 09:34:18,992.45,97559
2021-06-07 09:34:19,992.05,97695
2021-06-07 09:34:20,992.4,97715
2021-06-07 09:34:21,991.4,97813
2021-06-07 09:34:22,991.8,97829
2021-06-07 09:34:23,991.8,98050
2021-06-07 09:34:24,991.25,98133
2021-06-07 09:34:25,991.2,98201
2021-06-07 09:34:27,991.8,98235
2021-06-07 09:34:28,991.8,98236
2021-06-07 09:34:29,991.8,98242
2021-06-07 09:34:31,991.8,98251
2021-06-07 09:34:31,991.3,98250
2021-06-07 09:34:32,991.8,98251
2021-06-07 09:34:33,991.8,98251
2021-06-07 09:34:34,991.8,98251
2021-06-07 09:34:35,991.0,98851
2021-06-07 09:34:37,991.15,99025
2021-06-07 09:34:38,991.5,99128
2021-06-07 09:34:39,991.8,99131
2021-06-07 09:34:40,991.8,99131
2021-06-07 09:34:41,991.85,99246
2021-06-07 09:34:43,992.0,99274
2021-06-07 09:34:44,992.0,99274
2021-06-07 09:34:45,991.65,99324
2021-06-07 09:34:46,991.95,99332
2021-06-07 09:34:47,991.95,99333
2021-06-07 09:34:48,991.95,99333
2021-06-07 09:34:49,991.95,99333
2021-06-07 09:34:50,991.95,99333
2021-06-07 09:34:52,991.95,99333
2021-06-07 09:34:53,991.95,99333
2021-06-07 09:34:54,991.95,99333
2021-06-07 09:34:55,991.65,99338
2021-06-07 09:34:57,991.9,99339
2021-06-07 09:34:58,991.65,99351
2021-06-07 09:35:03,991.9,99368
2021-06-07 09:35:04,991.5,99671
2021-06-07 09:35:05,991.4,99925
2021-06-07 09:35:06,991.85,99936
2021-06-07 09:35:07,991.85,99939
2021-06-07 09:35:08,991.85,99939
2021-06-07 09:35:09,991.85,99939
2021-06-07 09:35:11,991.95,99940
2021-06-07 09:35:11,991.95,99940
2021-06-07 09:35:13,991.95,99940
2021-06-07 09:35:14,991.95,99940
2021-06-07 09:35:16,991.95,99970
2021-06-07 09:35:15,991.95,99966
2021-06-07 09:35:17,991.95,99971
2021-06-07 09:35:18,991.95,99971
2021-06-07 09:35:19,991.95,99971
2021-06-07 09:35:20,991.95,99971
2021-06-07 09:35:21,991.75,99991
2021-06-07 09:35:22,991.95,99994
2021-06-07 09:35:24,991.95,99994
2021-06-07 09:35:24,991.95,99994
2021-06-07 09:35:25,991.95,99994
2021-06-07 09:35:27,991.95,99994
2021-06-07 09:35:28,991.95,100067
2021-06-07 09:35:28,992.0,100078
2021-06-07 09:35:29,992.0,100080
2021-06-07 09:35:30,992.0,100569
2021-06-07 09:35:31,992.25,100634
2021-06-07 09:35:32,992.5,100644
2021-06-07 09:35:33,992.5,100645
2021-06-07 09:35:34,992.5,100645
2021-06-07 09:35:35,992.25,100700
2021-06-07 09:35:36,992.5,100708
2021-06-07 09:35:37,992.5,100755
2021-06-07 09:35:38,992.25,100816
2021-06-07 09:35:40,992.25,100864
2021-06-07 09:35:41,992.5,100869
2021-06-07 09:35:42,992.5,100871
2021-06-07 09:35:44,992.5,100883
2021-06-07 09:35:44,992.25,100881
2021-06-07 09:35:45,992.5,100883
2021-06-07 09:35:46,992.5,100883
2021-06-07 09:35:47,992.5,100883
2021-06-07 09:35:49,992.5,100952
2021-06-07 09:35:53,992.25,100990
2021-06-07 09:35:59,992.65,101620
2021-06-07 09:36:04,992.3,101715
2021-06-07 09:36:09,992.7,101856
2021-06-07 09:36:14,992.9,102069
2021-06-07 09:36:20,992.5,102181
2021-06-07 09:36:25,992.9,102202
2021-06-07 09:36:30,992.9,102213
2021-06-07 09:36:35,992.55,102310
2021-06-07 09:36:41,993.45,107663
2021-06-07 09:36:47,993.15,109893
2021-06-07 09:36:52,993.6,110749
2021-06-07 09:36:57,993.75,111208
2021-06-07 09:37:03,993.4,111478
2021-06-07 09:37:08,993.85,111657
2021-06-07 09:37:13,993.65,111713
2021-06-07 09:37:18,993.5,111815
2021-06-07 09:37:23,993.4,111906
2021-06-07 09:37:29,993.75,111920
2021-06-07 09:37:34,993.75,112164
2021-06-07 09:37:39,993.75,112251
2021-06-07 09:37:45,993.95,112272
2021-06-07 09:37:50,993.75,112383
2021-06-07 09:37:55,993.65,112793
2021-06-07 09:38:01,993.5,112887
2021-06-07 09:38:06,993.5,112903
2021-06-07 09:38:11,993.4,113975
2021-06-07 09:38:17,993.0,114518
2021-06-07 09:38:22,993.0,114631
2021-06-07 09:38:28,993.1,114714
2021-06-07 09:38:39,993.25,115010
2021-06-07 09:38:44,993.5,115298
2021-06-07 09:38:50,993.25,115391
2021-06-07 09:38:55,993.7,115752
2021-06-07 09:39:00,993.9,115863
2021-06-07 09:39:05,993.55,116485
2021-06-07 09:39:11,993.7,116786
2021-06-07 09:39:16,993.7,116840
2021-06-07 09:39:21,993.7,116935
2021-06-07 09:39:26,993.8,116999
2021-06-07 09:39:32,993.9,117255
2021-06-07 09:39:37,993.9,117323
2021-06-07 09:39:42,993.9,117510
2021-06-07 09:39:47,993.8,117549
2021-06-07 09:39:52,993.9,117658
2021-06-07 09:39:57,993.9,117779
2021-06-07 09:40:03,993.85,118151
2021-06-07 09:40:07,993.75,119193
2021-06-07 09:40:17,993.55,119920
2021-06-07 09:40:23,993.05,120258
2021-06-07 09:40:28,993.05,120383
2021-06-07 09:40:33,993.5,120539
2021-06-07 09:40:39,993.4,120631
2021-06-07 09:40:48,992.7,121153
2021-06-07 09:40:53,993.0,121219
2021-06-07 09:40:59,992.0,121740
2021-06-07 09:41:04,992.35,122058
2021-06-07 09:41:09,992.35,122391
2021-06-07 09:41:13,992.05,122491
2021-06-07 09:41:18,992.3,122521
2021-06-07 09:41:23,992.0,122528
2021-06-07 09:41:28,992.85,123280
2021-06-07 09:41:33,992.45,123472
2021-06-07 09:41:38,992.9,123529
2021-06-07 09:41:43,992.9,123541
2021-06-07 09:41:48,992.9,123552
2021-06-07 09:41:53,992.9,123555
2021-06-07 09:41:58,992.45,123586
2021-06-07 09:42:03,992.45,123617
2021-06-07 09:42:08,992.45,123753
2021-06-07 09:42:13,992.4,123902
2021-06-07 09:42:17,992.2,124009
2021-06-07 09:42:22,992.35,124025
2021-06-07 09:42:27,992.35,124079
2021-06-07 09:42:32,992.35,124124
2021-06-07 09:42:37,992.9,124478
2021-06-07 09:42:43,992.45,125175
2021-06-07 09:42:48,992.35,125680
2021-06-07 09:42:53,992.6,125816
2021-06-07 09:42:58,992.05,126042
2021-06-07 09:43:04,992.25,126079
2021-06-07 09:43:10,992.55,126085
2021-06-07 09:43:15,992.8,127601
2021-06-07 09:43:20,992.35,128648
2021-06-07 09:43:25,992.25,128997
2021-06-07 09:43:30,992.35,129328
2021-06-07 09:43:36,992.9,129418
2021-06-07 09:43:41,992.35,129435
2021-06-07 09:43:46,992.75,129465
2021-06-07 09:43:51,992.75,129507
2021-06-07 09:43:56,992.5,129576
2021-06-07 09:44:01,992.5,129604
2021-06-07 09:44:06,992.75,129608
2021-06-07 09:44:11,992.5,129709
2021-06-07 09:44:16,992.7,129728
2021-06-07 09:44:20,992.7,129731
2021-06-07 09:44:25,992.55,129740
2021-06-07 09:44:30,992.7,129744
2021-06-07 09:44:35,993.0,130874
2021-06-07 09:44:40,992.3,131536
2021-06-07 09:44:45,992.95,131686
2021-06-07 09:44:49,992.95,131724
2021-06-07 09:44:54,993.0,131732
2021-06-07 09:44:59,993.0,131739
2021-06-07 09:45:03,992.95,131741
2021-06-07 09:45:09,992.75,131757
2021-06-07 09:45:14,992.45,131967
2021-06-07 09:45:19,992.35,132256
2021-06-07 09:45:25,992.1,132864
2021-06-07 09:45:30,992.0,133225
2021-06-07 09:45:35,992.35,133543
2021-06-07 09:45:40,992.0,133845
2021-06-07 09:45:46,992.1,133991
2021-06-07 09:45:51,992.35,134018
2021-06-07 09:45:56,992.35,134027
2021-06-07 09:46:01,992.5,134146
2021-06-07 09:46:07,992.35,134234
2021-06-07 09:46:12,992.05,134309
2021-06-07 09:46:17,992.4,134423
2021-06-07 09:46:22,992.05,134491
2021-06-07 09:46:27,992.35,134506
2021-06-07 09:46:32,992.05,134539
2021-06-07 09:46:37,992.05,134594
2021-06-07 09:46:42,992.0,134775
2021-06-07 09:46:47,992.05,134946
2021-06-07 09:46:52,992.05,134984
2021-06-07 09:46:57,992.35,134990
2021-06-07 09:47:02,992.35,134996
2021-06-07 09:47:07,992.5,135097
2021-06-07 09:47:12,992.35,135301
2021-06-07 09:47:17,992.05,135376
2021-06-07 09:47:22,992.05,135524
2021-06-07 09:47:27,992.05,135550
2021-06-07 09:47:32,992.3,135565
2021-06-07 09:47:37,992.05,135716
2021-06-07 09:47:42,992.05,135839
2021-06-07 09:47:47,992.35,135930
2021-06-07 09:47:52,992.0,135998
2021-06-07 09:47:57,992.3,136131
2021-06-07 09:48:02,992.35,136195
2021-06-07 09:48:07,992.5,136595
2021-06-07 09:48:12,992.0,136865
2021-06-07 09:48:16,992.45,136955
2021-06-07 09:48:22,992.4,136975
2021-06-07 09:48:27,992.05,137004
2021-06-07 09:48:31,992.05,137045
2021-06-07 09:48:36,992.05,137065
2021-06-07 09:48:41,992.4,137075
2021-06-07 09:48:46,992.4,137186
2021-06-07 09:48:51,992.4,137292
2021-06-07 09:48:56,992.4,137331
2021-06-07 09:49:00,992.15,137387
2021-06-07 09:49:05,992.4,137434
2021-06-07 09:49:11,992.4,137512
2021-06-07 09:49:15,992.4,137710
2021-06-07 09:49:21,992.4,137823
2021-06-07 09:49:26,992.2,138756
2021-06-07 09:49:30,992.45,139157
2021-06-07 09:49:35,992.75,139222
2021-06-07 09:49:40,992.4,139332
2021-06-07 09:49:45,992.75,139360
2021-06-07 09:49:50,992.75,139376
2021-06-07 09:49:55,992.75,139379
2021-06-07 09:49:59,992.75,139491
2021-06-07 09:50:04,992.7,139508
2021-06-07 09:50:08,992.55,139603
2021-06-07 09:50:13,992.25,139812
2021-06-07 09:50:18,992.5,139946
2021-06-07 09:50:23,992.05,140014
2021-06-07 09:50:27,992.35,140192
2021-06-07 09:50:32,991.95,140347
2021-06-07 09:50:37,992.4,140374
2021-06-07 09:50:42,992.2,140379
2021-06-07 09:50:47,992.2,140432
2021-06-07 09:50:52,992.35,140558
2021-06-07 09:50:56,992.2,140733
2021-06-07 09:51:01,992.05,141092
2021-06-07 09:51:06,992.0,141512
2021-06-07 09:51:11,992.4,141587
2021-06-07 09:51:16,992.4,141644
2021-06-07 09:51:21,992.4,141652
2021-06-07 09:51:27,992.05,141677
2021-06-07 09:51:32,992.05,141891
2021-06-07 09:51:37,992.0,142142
2021-06-07 09:51:42,991.5,142310
2021-06-07 09:51:48,991.5,142546
2021-06-07 09:51:53,990.75,142921
2021-06-07 09:51:58,990.7,143201
2021-06-07 09:52:02,990.7,143310
2021-06-07 09:52:07,990.55,143657
2021-06-07 09:52:12,990.55,144012
2021-06-07 09:52:17,990.95,144051
2021-06-07 09:52:21,991.0,144057
2021-06-07 09:52:26,990.95,144272
2021-06-07 09:52:31,990.95,144315
2021-06-07 09:52:35,990.75,144322
2021-06-07 09:52:39,990.95,144332
2021-06-07 09:52:44,990.95,144354
2021-06-07 09:52:48,990.95,144360
2021-06-07 09:52:52,990.95,144361
2021-06-07 09:52:56,990.95,144492
2021-06-07 09:53:01,990.75,144562
2021-06-07 09:53:05,990.95,144588
2021-06-07 09:53:16,991.7,145947
2021-06-07 09:53:21,991.15,146209
2021-06-07 09:53:26,990.9,146327
2021-06-07 09:53:31,991.5,146390
2021-06-07 09:53:36,991.55,146400
2021-06-07 09:53:41,991.7,146401
2021-06-07 09:53:46,991.7,146402
2021-06-07 09:53:51,991.25,146452
2021-06-07 09:53:55,991.5,146464
2021-06-07 09:54:00,991.5,146466
2021-06-07 09:54:05,991.3,146568
2021-06-07 09:54:10,991.05,146839
2021-06-07 09:54:15,991.5,146907
2021-06-07 09:54:20,990.75,147113
2021-06-07 09:54:25,990.75,147194
2021-06-07 09:54:30,990.75,147230
2021-06-07 09:54:34,990.75,147250
2021-06-07 09:54:39,990.6,147755
2021-06-07 09:54:44,991.7,149101
2021-06-07 09:54:48,991.75,149489
2021-06-07 09:54:53,991.75,149603
2021-06-07 09:54:58,991.75,149620
2021-06-07 09:55:02,991.9,149641
2021-06-07 09:55:06,991.4,149745
2021-06-07 09:55:11,991.9,149777
2021-06-07 09:55:15,991.4,149797
2021-06-07 09:55:20,991.9,149827
2021-06-07 09:55:25,991.5,149857
2021-06-07 09:55:30,991.85,149862
2021-06-07 09:55:35,992.1,150368
2021-06-07 09:55:39,991.95,150537
2021-06-07 09:55:44,991.85,150593
2021-06-07 09:55:49,992.1,150595
2021-06-07 09:55:54,992.3,150606
2021-06-07 09:55:59,992.35,150689
2021-06-07 09:56:03,992.1,150757
2021-06-07 09:56:07,992.4,150769
2021-06-07 09:56:12,992.1,150786
2021-06-07 09:56:16,992.4,150843
2021-06-07 09:56:21,991.85,151017
2021-06-07 09:56:26,992.35,151043
2021-06-07 09:56:30,991.9,151071
2021-06-07 09:56:35,991.9,151077
2021-06-07 09:56:40,992.1,151078
2021-06-07 09:56:45,992.05,151117
2021-06-07 09:56:54,992.1,151240
2021-06-07 09:56:59,992.1,151267
2021-06-07 09:57:03,992.05,151481
2021-06-07 09:57:08,992.05,151526
2021-06-07 09:57:12,992.05,151677
2021-06-07 09:57:17,992.05,151729
2021-06-07 09:57:21,992.4,151737
2021-06-07 09:57:26,992.0,151806
2021-06-07 09:57:30,992.0,151867
2021-06-07 09:57:34,991.9,152780
2021-06-07 09:57:39,992.0,152794
2021-06-07 09:57:44,992.05,152850
2021-06-07 09:57:49,992.05,152932
2021-06-07 09:57:54,991.9,153032
2021-06-07 09:57:59,991.9,153050
2021-06-07 09:58:03,992.05,153053
2021-06-07 09:58:08,992.05,153055
2021-06-07 09:58:13,991.9,153057
2021-06-07 09:58:17,991.75,153258
2021-06-07 09:58:22,992.05,153388
2021-06-07 09:58:34,992.05,153603
2021-06-07 09:58:39,992.1,153656
2021-06-07 09:58:43,992.1,153666
2021-06-07 09:58:47,992.1,153667
2021-06-07 09:58:52,992.1,153846
2021-06-07 09:58:56,992.0,153977
2021-06-07 09:59:00,992.1,153998
2021-06-07 09:59:05,992.1,154042
2021-06-07 09:59:09,992.1,154058
2021-06-07 09:59:13,992.05,154062
2021-06-07 09:59:17,992.05,154062
2021-06-07 09:59:22,992.05,154064
2021-06-07 09:59:27,992.1,154065
2021-06-07 09:59:31,992.05,154165
2021-06-07 09:59:35,992.1,154180
2021-06-07 09:59:40,992.4,154463
2021-06-07 09:59:44,992.3,154613
2021-06-07 09:59:48,992.45,154635
2021-06-07 09:59:53,992.7,155009
2021-06-07 09:59:56,992.3,155111
2021-06-07 10:00:01,992.5,155142
2021-06-07 10:00:05,992.2,155267
2021-06-07 10:00:10,992.2,155312
2021-06-07 10:00:14,992.65,155319
2021-06-07 10:00:18,992.2,155404
2021-06-07 10:00:23,992.6,155417
2021-06-07 10:00:28,992.65,155485
2021-06-07 10:00:33,992.65,155495
2021-06-07 10:00:37,992.3,155498
2021-06-07 10:00:42,992.65,155598
2021-06-07 10:00:46,992.4,155734
2021-06-07 10:00:50,992.65,155755
2021-06-07 10:00:55,992.6,155761
2021-06-07 10:00:59,992.6,156272
2021-06-07 10:01:04,992.6,156437
2021-06-07 10:01:09,992.4,156490
2021-06-07 10:01:13,992.4,156514
2021-06-07 10:01:18,992.65,156625
2021-06-07 10:01:23,992.4,156652
2021-06-07 10:01:32,992.35,156830
2021-06-07 10:01:37,992.65,156839
2021-06-07 10:01:41,992.65,156851
2021-06-07 10:01:46,992.65,156855
2021-06-07 10:01:50,992.45,156865
2021-06-07 10:01:55,992.45,157175
2021-06-07 10:02:00,992.65,157445
2021-06-07 10:02:04,992.65,157540
2021-06-07 10:02:09,992.5,157685
2021-06-07 10:02:14,992.4,157972
2021-06-07 10:02:23,992.35,158116
2021-06-07 10:02:28,992.35,158123
2021-06-07 10:02:32,992.25,158174
2021-06-07 10:02:37,992.75,158187
2021-06-07 10:02:41,992.35,158189
2021-06-07 10:02:45,992.15,158191
2021-06-07 10:02:50,992.15,158191
2021-06-07 10:02:54,992.35,158194
2021-06-07 10:02:58,992.3,158199
2021-06-07 10:03:02,992.2,158592
2021-06-07 10:03:06,992.0,158772
2021-06-07 10:03:11,992.0,158820
2021-06-07 10:03:15,992.35,158832
2021-06-07 10:03:19,992.3,158988
2021-06-07 10:03:24,992.3,159084
2021-06-07 10:03:28,992.25,159202
2021-06-07 10:03:32,992.2,159221
2021-06-07 10:03:36,992.25,159291
2021-06-07 10:03:40,992.15,159352
2021-06-07 10:03:45,992.1,159521
2021-06-07 10:03:49,992.25,159651
2021-06-07 10:03:53,992.1,159672
2021-06-07 10:03:58,992.25,159723
2021-06-07 10:04:02,992.25,159826
2021-06-07 10:04:07,992.05,159842
2021-06-07 10:04:11,992.25,159850
2021-06-07 10:04:15,992.15,159852
2021-06-07 10:04:20,992.15,159862
2021-06-07 10:04:25,992.25,159896
2021-06-07 10:04:29,992.25,159901
2021-06-07 10:04:34,992.25,159998
2021-06-07 10:04:38,992.25,160014
2021-06-07 10:04:43,992.25,160016
2021-06-07 10:04:47,992.25,160032
2021-06-07 10:04:51,992.15,160218
2021-06-07 10:04:56,992.25,160284
2021-06-07 10:05:00,992.25,160304
2021-06-07 10:05:05,992.25,160309
2021-06-07 10:05:09,992.05,160411
2021-06-07 10:05:13,992.25,160426
2021-06-07 10:05:17,992.25,160469
2021-06-07 10:05:21,992.25,160476
2021-06-07 10:05:26,992.1,160483
2021-06-07 10:05:30,992.1,160516
2021-06-07 10:05:35,992.25,160521
2021-06-07 10:05:39,992.05,160623
2021-06-07 10:05:44,992.05,160654
2021-06-07 10:05:48,992.25,160658
2021-06-07 10:05:52,992.25,160814
2021-06-07 10:05:56,992.25,160896
2021-06-07 10:06:01,992.25,161030
2021-06-07 10:06:05,992.35,161159
2021-06-07 10:06:09,992.35,161179
2021-06-07 10:06:13,992.8,161365
2021-06-07 10:06:18,992.65,161413
2021-06-07 10:06:22,992.65,161420
2021-06-07 10:06:26,992.85,161441
2021-06-07 10:06:30,992.85,161555
2021-06-07 10:06:34,993.0,161928
2021-06-07 10:06:39,993.0,161983
2021-06-07 10:06:43,992.7,162036
2021-06-07 10:06:47,992.9,162044
2021-06-07 10:06:51,992.65,162264
2021-06-07 10:06:56,992.25,162522
2021-06-07 10:07:00,992.65,162561
2021-06-07 10:07:05,992.3,162568
2021-06-07 10:07:09,992.6,162670
2021-06-07 10:07:14,992.7,162835
2021-06-07 10:07:19,992.65,162860
2021-06-07 10:07:23,992.35,163052
2021-06-07 10:07:28,992.35,163080
2021-06-07 10:07:32,992.3,163136
2021-06-07 10:07:36,992.25,163221
2021-06-07 10:07:40,992.65,163234
2021-06-07 10:07:44,992.25,163261
2021-06-07 10:07:49,992.65,163271
2021-06-07 10:07:53,992.6,163281
2021-06-07 10:07:57,992.25,163284
2021-06-07 10:08:01,992.25,163294
2021-06-07 10:08:05,992.25,163301
2021-06-07 10:08:09,992.5,163302
2021-06-07 10:08:14,992.5,163304
2021-06-07 10:08:18,992.5,163304
2021-06-07 10:08:22,992.25,163329
2021-06-07 10:08:26,992.25,163343
2021-06-07 10:08:30,992.5,163345
2021-06-07 10:08:35,992.5,163345
2021-06-07 10:08:39,992.5,163345
2021-06-07 10:08:43,992.5,163350
2021-06-07 10:08:47,992.5,163351
2021-06-07 10:08:51,992.5,163427
2021-06-07 10:08:56,992.35,163485
2021-06-07 10:09:00,992.5,163493
2021-06-07 10:09:05,992.5,163510
2021-06-07 10:09:09,992.5,163522
2021-06-07 10:09:13,992.5,163534
2021-06-07 10:09:17,992.5,163537
2021-06-07 10:09:21,992.35,163546
2021-06-07 10:09:26,992.5,163708
2021-06-07 10:09:30,992.35,163738
2021-06-07 10:09:39,992.35,163944
2021-06-07 10:09:43,992.5,163952
2021-06-07 10:09:48,992.35,163955
2021-06-07 10:09:52,992.5,163957
2021-06-07 10:09:56,992.5,163965
2021-06-07 10:10:00,992.5,164044
2021-06-07 10:10:05,992.5,164056
2021-06-07 10:10:09,992.5,164058
2021-06-07 10:10:13,992.3,164343
2021-06-07 10:10:17,992.3,164448
2021-06-07 10:10:25,992.25,164513
2021-06-07 10:10:29,992.3,164522
2021-06-07 10:10:34,992.45,164784
2021-06-07 10:10:37,992.5,164823
2021-06-07 10:10:42,992.45,164870
2021-06-07 10:10:46,992.5,164877
2021-06-07 10:10:51,992.35,164879
2021-06-07 10:10:55,992.45,164905
2021-06-07 10:11:00,992.45,164928
2021-06-07 10:11:04,992.45,164954
2021-06-07 10:11:09,992.45,164968
2021-06-07 10:11:13,992.45,164970
2021-06-07 10:11:17,992.5,165609
2021-06-07 10:11:21,992.35,165927
2021-06-07 10:11:25,992.6,165975
2021-06-07 10:11:29,992.6,165982
2021-06-07 10:11:37,992.8,166129
2021-06-07 10:11:42,992.4,166180
2021-06-07 10:11:47,992.85,166193
2021-06-07 10:11:51,992.45,166208
2021-06-07 10:11:56,992.35,166363
2021-06-07 10:12:00,992.35,166416
2021-06-07 10:12:04,992.0,168573
2021-06-07 10:12:08,992.0,169138
2021-06-07 10:12:16,991.05,171319
2021-06-07 10:12:20,991.1,171867
2021-06-07 10:12:25,991.35,172328
2021-06-07 10:12:29,991.4,172430
2021-06-07 10:12:34,991.5,172489
2021-06-07 10:12:38,991.8,172516
2021-06-07 10:12:42,991.45,172523
2021-06-07 10:12:47,991.5,172626
2021-06-07 10:12:51,991.5,172647
2021-06-07 10:12:56,991.8,172651
2021-06-07 10:13:00,991.5,172661
2021-06-07 10:13:05,991.4,172879
2021-06-07 10:13:09,991.85,173073
2021-06-07 10:13:14,992.05,173415
2021-06-07 10:13:18,992.2,173484
2021-06-07 10:13:22,992.2,173496
2021-06-07 10:13:26,992.2,173499
2021-06-07 10:13:30,992.05,173521
2021-06-07 10:13:33,992.2,173526
2021-06-07 10:13:37,992.05,173581
2021-06-07 10:13:41,992.05,173604
2021-06-07 10:13:44,992.05,173616
2021-06-07 10:13:48,992.25,173675
2021-06-07 10:13:52,992.35,173731
2021-06-07 10:13:55,992.35,173739
2021-06-07 10:13:59,992.35,173750
2021-06-07 10:14:03,991.7,173965
2021-06-07 10:14:07,992.15,173998
2021-06-07 10:14:11,992.0,174003
2021-06-07 10:14:15,991.75,174012
2021-06-07 10:14:19,992.0,174025
2021-06-07 10:14:23,992.0,174027
2021-06-07 10:14:28,992.0,174028
2021-06-07 10:14:32,992.0,174028
2021-06-07 10:14:36,992.0,174028
2021-06-07 10:14:40,991.75,174045
2021-06-07 10:14:44,992.0,174185
2021-06-07 10:14:48,991.75,174207
2021-06-07 10:14:52,992.0,174210
2021-06-07 10:14:55,992.0,174316
2021-06-07 10:14:59,992.0,174332
2021-06-07 10:15:04,992.0,174334
2021-06-07 10:15:13,991.75,174356
2021-06-07 10:15:17,992.0,174377
2021-06-07 10:15:22,991.75,174381
2021-06-07 10:15:27,991.4,174769
2021-06-07 10:15:31,991.45,174877
2021-06-07 10:15:36,992.0,174931
2021-06-07 10:15:40,991.45,174954
2021-06-07 10:15:45,991.85,174959
2021-06-07 10:15:49,991.45,175021
2021-06-07 10:15:54,991.9,175030
2021-06-07 10:15:58,991.45,175130
2021-06-07 10:16:02,991.45,175137
2021-06-07 10:16:06,991.8,175239
2021-06-07 10:16:10,991.4,175373
2021-06-07 10:16:15,991.8,175393
2021-06-07 10:16:19,991.8,175396
2021-06-07 10:16:22,991.45,175428
2021-06-07 10:16:27,991.8,175433
2021-06-07 10:16:31,991.5,175435
2021-06-07 10:16:35,991.5,175446
2021-06-07 10:16:39,991.7,175447
2021-06-07 10:16:43,991.5,175490
2021-06-07 10:16:48,991.85,175522
2021-06-07 10:16:52,991.5,175626
2021-06-07 10:16:57,991.85,175642
2021-06-07 10:17:02,991.8,175674
2021-06-07 10:17:06,991.6,175724
2021-06-07 10:17:10,991.6,175747
2021-06-07 10:17:18,991.35,176213
2021-06-07 10:17:22,992.85,178192
2021-06-07 10:17:26,992.1,178912
2021-06-07 10:17:35,992.2,179342
2021-06-07 10:17:40,992.2,179385
2021-06-07 10:17:44,992.2,179621
2021-06-07 10:17:52,992.5,179679
2021-06-07 10:18:00,992.25,180100
2021-06-07 10:18:04,992.8,180463
2021-06-07 10:18:09,992.8,180517
2021-06-07 10:18:13,992.35,180624
2021-06-07 10:18:18,992.25,180779
2021-06-07 10:18:22,992.55,180802
2021-06-07 10:18:31,992.8,181062
2021-06-07 10:18:35,992.75,181087
2021-06-07 10:18:40,992.75,181360
2021-06-07 10:18:44,992.75,181426
2021-06-07 10:18:48,992.75,181617
2021-06-07 10:18:52,992.5,181765
2021-06-07 10:18:55,992.55,181854
2021-06-07 10:18:59,992.25,181992
2021-06-07 10:19:04,992.55,182013
2021-06-07 10:19:08,992.25,182027
2021-06-07 10:19:12,992.3,182031
2021-06-07 10:19:17,992.5,182032
2021-06-07 10:19:21,992.35,182033
2021-06-07 10:19:26,992.35,182043
2021-06-07 10:19:41,992.45,182331
2021-06-07 10:19:45,992.45,182337
2021-06-07 10:19:49,992.45,182389
2021-06-07 10:19:53,992.35,182402
2021-06-07 10:19:58,992.45,182403
2021-06-07 10:20:02,992.35,182417
2021-06-07 10:20:06,992.35,182498
2021-06-07 10:20:09,992.45,182532
2021-06-07 10:20:13,992.45,182609
2021-06-07 10:20:18,992.45,182621
2021-06-07 10:20:22,992.45,182643
2021-06-07 10:20:27,992.35,182652
2021-06-07 10:20:31,992.45,182729
2021-06-07 10:20:39,992.25,183065
2021-06-07 10:20:43,992.45,183078
2021-06-07 10:20:47,992.45,183080
2021-06-07 10:20:51,992.45,183080
2021-06-07 10:20:55,992.25,183102
2021-06-07 10:20:59,992.25,183105
2021-06-07 10:21:04,992.1,183108
2021-06-07 10:21:08,992.25,183118
2021-06-07 10:21:12,992.1,183273
2021-06-07 10:21:16,992.1,183300
2021-06-07 10:21:21,992.45,183304
2021-06-07 10:21:25,992.45,183305
2021-06-07 10:21:30,992.1,183316
2021-06-07 10:21:34,992.1,183320
2021-06-07 10:21:39,992.45,183330
2021-06-07 10:21:42,992.45,183332
2021-06-07 10:21:46,992.45,183358
2021-06-07 10:21:50,992.45,183362
2021-06-07 10:21:54,992.1,183415
2021-06-07 10:21:58,992.45,183425
2021-06-07 10:22:02,992.1,183506
2021-06-07 10:22:06,992.45,183518
2021-06-07 10:22:10,992.45,183521
2021-06-07 10:22:18,992.45,183528
2021-06-07 10:22:22,992.45,183531
2021-06-07 10:22:26,992.45,183531
2021-06-07 10:22:29,992.1,183631
2021-06-07 10:22:33,992.45,183669
2021-06-07 10:22:38,992.45,183675
2021-06-07 10:22:42,992.45,183676
2021-06-07 10:22:46,992.2,183776
2021-06-07 10:22:50,992.3,183792
2021-06-07 10:22:58,992.45,183846
2021-06-07 10:23:03,992.45,183865
2021-06-07 10:23:07,992.4,183897
2021-06-07 10:23:10,992.4,183903
2021-06-07 10:23:14,992.3,183908
2021-06-07 10:23:19,992.3,183915
2021-06-07 10:23:23,992.4,183916
2021-06-07 10:23:27,992.4,183980
2021-06-07 10:23:31,992.4,183990
2021-06-07 10:23:34,992.25,184131
2021-06-07 10:23:38,992.4,184278
2021-06-07 10:23:42,992.25,184307
2021-06-07 10:23:46,992.45,184311
2021-06-07 10:23:50,992.4,184352
2021-06-07 10:23:54,992.55,185591
2021-06-07 10:23:58,992.3,185778
2021-06-07 10:24:02,992.3,185888
2021-06-07 10:24:06,992.3,185905
2021-06-07 10:24:10,992.25,186265
2021-06-07 10:24:14,992.1,186444
2021-06-07 10:24:25,991.85,187201
2021-06-07 10:24:29,991.6,187539
2021-06-07 10:24:33,992.3,187593
2021-06-07 10:24:37,992.0,187651
2021-06-07 10:24:41,991.75,187670
2021-06-07 10:24:45,991.7,187676
2021-06-07 10:24:49,991.75,187699
2021-06-07 10:24:59,991.95,187826
2021-06-07 10:25:03,991.7,187833
2021-06-07 10:25:07,991.7,187835
2021-06-07 10:25:11,991.95,187837
2021-06-07 10:25:15,991.95,187840
2021-06-07 10:25:19,991.7,187930
2021-06-07 10:25:23,991.6,188053
2021-06-07 10:25:27,991.55,188298
2021-06-07 10:25:31,991.95,188438
2021-06-07 10:25:35,992.0,188907
2021-06-07 10:25:38,992.25,188978
2021-06-07 10:25:42,992.0,189093
2021-06-07 10:25:46,992.25,189111
2021-06-07 10:25:50,992.2,189365
2021-06-07 10:25:54,992.15,189417
2021-06-07 10:25:57,992.15,189480
2021-06-07 10:26:01,992.0,189539
2021-06-07 10:26:05,991.65,189551
2021-06-07 10:26:09,992.0,189553
2021-06-07 10:26:12,992.0,189561
2021-06-07 10:26:16,992.1,189566
2021-06-07 10:26:20,992.0,189567
2021-06-07 10:26:24,992.0,189570
2021-06-07 10:26:28,992.0,189570
2021-06-07 10:26:32,991.65,189596
2021-06-07 10:26:36,991.65,189634
2021-06-07 10:26:40,992.0,189660
2021-06-07 10:26:44,992.0,189664
2021-06-07 10:26:49,991.65,189665
2021-06-07 10:26:53,991.65,189665
2021-06-07 10:26:57,992.0,189740
2021-06-07 10:27:01,992.0,189800
2021-06-07 10:27:05,991.55,190210
2021-06-07 10:27:09,992.0,190316
2021-06-07 10:27:13,992.0,190332
2021-06-07 10:27:20,992.0,190336
2021-06-07 10:27:24,991.65,190367
2021-06-07 10:27:28,991.6,190375
2021-06-07 10:27:33,991.6,190393
2021-06-07 10:27:37,992.0,190402
2021-06-07 10:27:40,992.0,190403
2021-06-07 10:27:44,992.0,190478
2021-06-07 10:27:48,992.0,190516
2021-06-07 10:27:52,992.0,190523
2021-06-07 10:27:56,992.0,190524
2021-06-07 10:28:00,991.7,190530
2021-06-07 10:28:04,992.0,191161
2021-06-07 10:28:08,992.2,191255
2021-06-07 10:28:12,991.85,191340
2021-06-07 10:28:15,992.2,191353
2021-06-07 10:28:19,991.85,191356
2021-06-07 10:28:23,992.2,191358
2021-06-07 10:28:27,991.85,191359
2021-06-07 10:28:30,991.85,191368
2021-06-07 10:28:34,991.85,191474
2021-06-07 10:28:38,992.0,191508
2021-06-07 10:28:42,991.9,191538
2021-06-07 10:28:46,992.0,191600
2021-06-07 10:28:50,992.4,191610
2021-06-07 10:28:54,992.0,191711
2021-06-07 10:28:58,992.0,191776
2021-06-07 10:29:02,992.4,191787
2021-06-07 10:29:05,992.4,191792
2021-06-07 10:29:09,992.4,191796
2021-06-07 10:29:13,992.35,191797
2021-06-07 10:29:17,992.0,191858
2021-06-07 10:29:20,992.25,191876
2021-06-07 10:29:24,992.25,191937
2021-06-07 10:29:28,992.25,191946
2021-06-07 10:29:32,992.25,191960
2021-06-07 10:29:36,992.0,191974
2021-06-07 10:29:40,992.25,191976
2021-06-07 10:29:44,992.0,192074
2021-06-07 10:29:48,992.25,192089
2021-06-07 10:29:52,992.25,192093
2021-06-07 10:29:56,992.25,192120
2021-06-07 10:30:00,992.0,192125
2021-06-07 10:30:04,992.35,192392
2021-06-07 10:30:09,992.35,192427
2021-06-07 10:30:12,992.0,192481
2021-06-07 10:30:16,992.4,192511
2021-06-07 10:30:20,992.4,192523
2021-06-07 10:30:24,992.35,192527
2021-06-07 10:30:28,992.4,192529
2021-06-07 10:30:33,992.35,192542
2021-06-07 10:30:37,992.35,192566
2021-06-07 10:30:41,991.75,192862
2021-06-07 10:30:45,991.4,193447
2021-06-07 10:30:49,992.1,193629
2021-06-07 10:30:52,992.1,193662
2021-06-07 10:30:56,992.1,193673
2021-06-07 10:31:00,992.1,193680
2021-06-07 10:31:04,992.1,193703
2021-06-07 10:31:08,991.7,193713
2021-06-07 10:31:12,992.0,193715
2021-06-07 10:31:15,992.0,193720
2021-06-07 10:31:19,991.7,193724
2021-06-07 10:31:23,991.55,193858
2021-06-07 10:31:27,992.0,193883
2021-06-07 10:31:31,992.0,193896
2021-06-07 10:31:35,992.0,193948
2021-06-07 10:31:39,992.0,194058
2021-06-07 10:31:42,992.0,194077
2021-06-07 10:31:46,991.6,194109
2021-06-07 10:31:49,992.0,194114
2021-06-07 10:31:53,991.6,194147
2021-06-07 10:31:56,991.4,194402
2021-06-07 10:32:00,991.95,194440
2021-06-07 10:32:05,991.5,194471
2021-06-07 10:32:09,991.55,194516
2021-06-07 10:32:13,991.9,194523
2021-06-07 10:32:17,991.9,194573
2021-06-07 10:32:21,991.55,194582
2021-06-07 10:32:24,991.9,194593
2021-06-07 10:32:28,991.9,194596
2021-06-07 10:32:32,991.5,194746
2021-06-07 10:32:36,991.85,194760
2021-06-07 10:32:39,991.35,194802
2021-06-07 10:32:43,991.75,194913
2021-06-07 10:32:47,991.7,194933
2021-06-07 10:32:51,991.7,194936
2021-06-07 10:32:54,991.7,194936
2021-06-07 10:32:58,991.45,195026
2021-06-07 10:33:03,991.7,195222
2021-06-07 10:33:07,991.7,195256
2021-06-07 10:33:11,991.4,195274
2021-06-07 10:33:15,991.7,195277
2021-06-07 10:33:18,991.7,195458
2021-06-07 10:33:22,991.7,195494
2021-06-07 10:33:25,991.35,195500
2021-06-07 10:33:29,991.7,195501
2021-06-07 10:33:33,991.35,195503
2021-06-07 10:33:37,991.35,195503
2021-06-07 10:33:40,991.35,195505
2021-06-07 10:33:44,991.5,195513
2021-06-07 10:33:47,991.5,195514
2021-06-07 10:33:51,991.65,195568
2021-06-07 10:33:55,991.65,195629
2021-06-07 10:33:58,991.5,195689
2021-06-07 10:34:02,991.65,195715
2021-06-07 10:34:05,991.5,195720
2021-06-07 10:34:09,991.65,195733
2021-06-07 10:34:13,991.65,195735
2021-06-07 10:34:16,991.45,195829
2021-06-07 10:34:20,991.65,195844
2021-06-07 10:34:24,991.65,195846
2021-06-07 10:34:28,991.65,195848
2021-06-07 10:34:32,991.65,195849
2021-06-07 10:34:36,991.65,195849
2021-06-07 10:34:39,991.45,195869
2021-06-07 10:34:42,991.45,195922
2021-06-07 10:34:46,991.65,195930
2021-06-07 10:34:49,991.45,195936
2021-06-07 10:34:53,991.6,195945
2021-06-07 10:34:57,991.6,195947
2021-06-07 10:35:01,991.35,196128
2021-06-07 10:35:05,991.5,196235
2021-06-07 10:35:08,991.5,196252
2021-06-07 10:35:12,991.25,196294
2021-06-07 10:35:16,991.5,196320
2021-06-07 10:35:19,991.5,196332
2021-06-07 10:35:23,991.45,196334
2021-06-07 10:35:27,991.5,196351
2021-06-07 10:35:30,991.25,196355
2021-06-07 10:35:33,991.45,196556
2021-06-07 10:35:37,991.25,196591
2021-06-07 10:35:41,991.25,196640
2021-06-07 10:35:45,991.45,196647
2021-06-07 10:35:48,991.25,196653
2021-06-07 10:35:52,991.45,196659
2021-06-07 10:36:00,991.45,196863
2021-06-07 10:36:03,991.45,196894
2021-06-07 10:36:11,991.45,196904
2021-06-07 10:36:15,991.45,196931
2021-06-07 10:36:19,991.25,196936
2021-06-07 10:36:23,991.25,196940
2021-06-07 10:36:27,991.25,196944
2021-06-07 10:36:30,991.25,196944
2021-06-07 10:36:34,991.65,197740
2021-06-07 10:36:38,991.65,197888
2021-06-07 10:36:41,991.8,197910
2021-06-07 10:36:45,991.8,197915
2021-06-07 10:36:49,991.8,197917
2021-06-07 10:36:53,991.75,197924
2021-06-07 10:36:57,991.75,197925
2021-06-07 10:37:01,991.75,197925
2021-06-07 10:37:05,991.75,197925
2021-06-07 10:37:08,991.5,197930
2021-06-07 10:37:12,991.7,198084
2021-06-07 10:37:15,991.7,198108
2021-06-07 10:37:19,991.7,198125
2021-06-07 10:37:23,991.5,198232
2021-06-07 10:37:26,991.5,198249
2021-06-07 10:37:30,991.7,198254
2021-06-07 10:37:34,991.7,198256
2021-06-07 10:37:37,991.7,198263
2021-06-07 10:37:41,991.5,198289
2021-06-07 10:37:44,991.7,198395
2021-06-07 10:37:47,991.5,198601
2021-06-07 10:37:50,991.5,198637
2021-06-07 10:37:54,991.7,198642
2021-06-07 10:37:57,991.7,198643
2021-06-07 10:38:01,991.5,198744
2021-06-07 10:38:04,991.7,198853
2021-06-07 10:38:08,991.7,198869
2021-06-07 10:38:11,991.55,198916
2021-06-07 10:38:15,991.55,199237
2021-06-07 10:38:18,991.7,199285
2021-06-07 10:38:21,991.5,199318
2021-06-07 10:38:25,991.7,199323
2021-06-07 10:38:29,991.7,199323
2021-06-07 10:38:37,991.7,199455
2021-06-07 10:38:41,991.7,199474
2021-06-07 10:38:45,991.7,199480
2021-06-07 10:38:48,991.4,199617
2021-06-07 10:38:52,991.75,199637
2021-06-07 10:38:56,991.75,199640
2021-06-07 10:38:59,991.75,199646
2021-06-07 10:39:03,991.4,199747
2021-06-07 10:39:07,991.7,199771
2021-06-07 10:39:11,991.7,199777
2021-06-07 10:39:14,991.7,199777
2021-06-07 10:39:18,991.35,199927
2021-06-07 10:39:21,991.7,199950
2021-06-07 10:39:25,991.35,200003
2021-06-07 10:39:29,991.75,200011
2021-06-07 10:39:33,991.35,200034
2021-06-07 10:39:37,991.7,200037
2021-06-07 10:39:40,991.35,200054
2021-06-07 10:39:44,991.7,200058
2021-06-07 10:39:47,991.7,200059
2021-06-07 10:39:51,991.7,200089
2021-06-07 10:39:55,991.75,200095
2021-06-07 10:39:58,991.75,200096
2021-06-07 10:40:02,991.75,200096
2021-06-07 10:40:05,991.75,200098
2021-06-07 10:40:09,991.75,200099
2021-06-07 10:40:13,991.75,200099
2021-06-07 10:40:17,991.3,200424
2021-06-07 10:40:20,991.7,200473
2021-06-07 10:40:24,991.7,200485
2021-06-07 10:40:28,991.7,200487
2021-06-07 10:40:32,991.7,200490
2021-06-07 10:40:35,991.7,200490
2021-06-07 10:40:38,991.7,200493
2021-06-07 10:40:42,991.65,200495
2021-06-07 10:40:45,991.65,200499
2021-06-07 10:40:48,991.65,200501
2021-06-07 10:40:52,991.35,200506
2021-06-07 10:40:55,991.65,200507
2021-06-07 10:40:58,991.35,200539
2021-06-07 10:41:02,991.65,200545
2021-06-07 10:41:05,991.65,200550
2021-06-07 10:41:09,991.35,200562
2021-06-07 10:41:13,991.6,200564
2021-06-07 10:41:16,991.65,200572
2021-06-07 10:41:20,991.65,200577
2021-06-07 10:41:23,991.65,200578
2021-06-07 10:41:26,991.65,200582
2021-06-07 10:41:30,991.4,200636
2021-06-07 10:41:34,991.65,200644
2021-06-07 10:41:38,991.65,200645
2021-06-07 10:41:41,991.4,200661
2021-06-07 10:41:45,991.65,200671
2021-06-07 10:41:48,991.65,200722
2021-06-07 10:41:52,991.65,200730
2021-06-07 10:41:56,991.65,200731
2021-06-07 10:42:00,991.4,200734
2021-06-07 10:42:03,991.4,200896
2021-06-07 10:42:12,991.65,200981
2021-06-07 10:42:15,991.65,200988
2021-06-07 10:42:18,991.65,200991
2021-06-07 10:42:22,991.4,201037
2021-06-07 10:42:25,991.4,201046
2021-06-07 10:42:29,991.65,201048
2021-06-07 10:42:33,991.4,201049
2021-06-07 10:42:36,991.4,201089
2021-06-07 10:42:40,991.65,201095
2021-06-07 10:42:44,991.3,202173
2021-06-07 10:42:48,991.55,202387
2021-06-07 10:42:51,991.55,202419
2021-06-07 10:42:55,991.3,202444
2021-06-07 10:43:02,991.55,202491
2021-06-07 10:43:06,991.25,202514
2021-06-07 10:43:09,991.55,202517
2021-06-07 10:43:13,991.25,202521
2021-06-07 10:43:17,991.55,202524
2021-06-07 10:43:20,991.55,202525
2021-06-07 10:43:23,991.55,202528
2021-06-07 10:43:27,991.05,202698
2021-06-07 10:43:31,991.2,202701
2021-06-07 10:43:34,991.55,202706
2021-06-07 10:43:38,991.55,202735
2021-06-07 10:43:42,991.55,202744
2021-06-07 10:43:46,991.55,202746
2021-06-07 10:43:49,991.55,202746
2021-06-07 10:43:53,991.55,202746
2021-06-07 10:43:56,991.55,202746
2021-06-07 10:44:00,991.55,202746
2021-06-07 10:44:03,991.2,202796
2021-06-07 10:44:07,991.2,202824
2021-06-07 10:44:10,991.5,202829
2021-06-07 10:44:14,991.5,202829
2021-06-07 10:44:21,991.5,202967
2021-06-07 10:44:25,991.5,202986
2021-06-07 10:44:29,991.5,202999
2021-06-07 10:44:32,991.5,203029
2021-06-07 10:44:36,991.5,203048
2021-06-07 10:44:40,991.5,203051
2021-06-07 10:44:44,991.5,203060
2021-06-07 10:44:48,991.5,203065
2021-06-07 10:44:52,991.5,203071
2021-06-07 10:44:56,991.5,203073
2021-06-07 10:45:00,991.2,203082
2021-06-07 10:45:03,991.5,203083
2021-06-07 10:45:07,991.2,203093
2021-06-07 10:45:11,991.2,203100
2021-06-07 10:45:15,991.5,203102
2021-06-07 10:45:19,991.2,203152
2021-06-07 10:45:23,991.5,203170
2021-06-07 10:45:26,991.5,203173
2021-06-07 10:45:30,991.2,203179
2021-06-07 10:45:34,991.5,203183
2021-06-07 10:45:41,991.2,203306
2021-06-07 10:45:45,991.2,203380
2021-06-07 10:45:49,991.4,203392
2021-06-07 10:45:53,991.4,203394
2021-06-07 10:45:57,991.2,203399
2021-06-07 10:46:01,991.4,203400
2021-06-07 10:46:05,991.2,203406
2021-06-07 10:46:09,991.4,203413
2021-06-07 10:46:13,991.4,203477
2021-06-07 10:46:17,991.4,203486
2021-06-07 10:46:20,991.4,203488
2021-06-07 10:46:23,991.4,203514
2021-06-07 10:46:27,991.2,203519
2021-06-07 10:46:31,991.2,203521
2021-06-07 10:46:38,991.2,203521
2021-06-07 10:46:42,991.4,203587
2021-06-07 10:46:45,991.4,203610
2021-06-07 10:46:52,991.3,203619
2021-06-07 10:46:55,991.4,203631
2021-06-07 10:46:59,991.4,203694
2021-06-07 10:47:03,991.4,203717
2021-06-07 10:47:07,991.3,203754
2021-06-07 10:47:11,991.4,203760
2021-06-07 10:47:15,991.3,203771
2021-06-07 10:47:19,991.4,203784
2021-06-07 10:47:23,991.4,203789
2021-06-07 10:47:27,991.4,203792
2021-06-07 10:47:31,991.4,203885
2021-06-07 10:47:36,991.4,203900
2021-06-07 10:47:40,991.4,203902
2021-06-07 10:47:47,991.4,203964
2021-06-07 10:47:54,991.4,204041
2021-06-07 10:47:57,991.4,204051
2021-06-07 10:48:00,991.4,204053
2021-06-07 10:48:04,991.4,204084
2021-06-07 10:48:08,991.3,204096
2021-06-07 10:48:11,991.3,204103
2021-06-07 10:48:15,991.4,204104
2021-06-07 10:48:19,991.3,204184
2021-06-07 10:48:22,991.3,204279
2021-06-07 10:48:26,991.4,204323
2021-06-07 10:48:30,991.3,204339
2021-06-07 10:48:33,991.4,204342
2021-06-07 10:48:36,991.4,204343
2021-06-07 10:48:40,991.4,204346
2021-06-07 10:48:43,991.4,204347
2021-06-07 10:48:47,991.4,204408
2021-06-07 10:48:50,991.3,204424
2021-06-07 10:48:53,991.25,204481
2021-06-07 10:48:57,991.4,204490
2021-06-07 10:49:00,991.25,204506
2021-06-07 10:49:04,991.3,204518
2021-06-07 10:49:07,991.3,204592
2021-06-07 10:49:11,991.4,204603
2021-06-07 10:49:14,991.4,204605
2021-06-07 10:49:17,991.4,204616
2021-06-07 10:49:20,991.4,204618
2021-06-07 10:49:24,991.4,204618
2021-06-07 10:49:27,991.4,204628
2021-06-07 10:49:31,991.4,204630
2021-06-07 10:49:34,991.4,204630
2021-06-07 10:49:38,991.4,204630
2021-06-07 10:49:42,991.4,204630
2021-06-07 10:49:45,991.25,204650
2021-06-07 10:49:49,991.25,204768
2021-06-07 10:49:53,991.4,204780
2021-06-07 10:49:56,991.25,204809
2021-06-07 10:50:00,991.4,204814
2021-06-07 10:50:04,991.4,205192
2021-06-07 10:50:07,991.2,205506
2021-06-07 10:50:11,991.0,205597
2021-06-07 10:50:14,991.05,205660
2021-06-07 10:50:18,991.05,205672
2021-06-07 10:50:22,991.05,205675
2021-06-07 10:50:26,991.15,205685
2021-06-07 10:50:29,991.15,205687
2021-06-07 10:50:33,991.2,205752
2021-06-07 10:50:37,991.2,205762
2021-06-07 10:50:41,991.2,205763
2021-06-07 10:50:44,991.0,205914
2021-06-07 10:50:48,991.0,205947
2021-06-07 10:50:51,991.15,205960
2021-06-07 10:50:55,991.15,205962
2021-06-07 10:50:58,991.15,205967
2021-06-07 10:51:02,991.15,205968
2021-06-07 10:51:05,991.15,205973
2021-06-07 10:51:08,991.15,205974
2021-06-07 10:51:12,991.0,205975
2021-06-07 10:51:15,991.0,205975
2021-06-07 10:51:19,991.05,206001
2021-06-07 10:51:22,991.1,206005
2021-06-07 10:51:26,991.1,206169
2021-06-07 10:51:29,991.15,206193
2021-06-07 10:51:33,991.1,206207
2021-06-07 10:51:37,991.1,206210
2021-06-07 10:51:40,991.0,206225
2021-06-07 10:51:44,991.0,206232
2021-06-07 10:51:47,991.15,206233
2021-06-07 10:51:50,991.0,206235
2021-06-07 10:51:57,991.0,206236
2021-06-07 10:52:01,991.15,206239
2021-06-07 10:52:05,991.15,206245
2021-06-07 10:52:08,991.15,206245
2021-06-07 10:52:12,991.15,206530
2021-06-07 10:52:15,991.15,206573
2021-06-07 10:52:19,991.15,206660
2021-06-07 10:52:22,990.95,206744
2021-06-07 10:52:26,991.15,206759
2021-06-07 10:52:29,991.0,206765
2021-06-07 10:52:32,991.0,206765
2021-06-07 10:52:35,991.0,206834
2021-06-07 10:52:38,991.0,206845
2021-06-07 10:52:42,991.0,206854
2021-06-07 10:52:46,990.9,206884
2021-06-07 10:52:49,990.9,206902
2021-06-07 10:52:53,990.9,206934
2021-06-07 10:52:57,991.0,206939
2021-06-07 10:53:00,991.0,206940
2021-06-07 10:53:04,991.0,206955
2021-06-07 10:53:07,991.0,206959
2021-06-07 10:53:11,990.9,206960
2021-06-07 10:53:14,990.9,206960
2021-06-07 10:53:17,991.0,207014
2021-06-07 10:53:21,990.9,207024
2021-06-07 10:53:24,991.0,207026
2021-06-07 10:53:31,991.0,207077
2021-06-07 10:53:35,991.0,207085
2021-06-07 10:53:38,991.0,207086
2021-06-07 10:53:41,991.25,207286
2021-06-07 10:53:45,991.2,207320
2021-06-07 10:53:48,991.2,207326
2021-06-07 10:53:52,991.2,207377
2021-06-07 10:53:55,991.2,207395
2021-06-07 10:53:59,991.15,207800
2021-06-07 10:54:02,990.8,207905
2021-06-07 10:54:06,991.2,207921
2021-06-07 10:54:09,991.0,207923
2021-06-07 10:54:12,991.0,207924
2021-06-07 10:54:15,991.0,207938
2021-06-07 10:54:19,991.0,208360
2021-06-07 10:54:22,991.2,208424
2021-06-07 10:54:25,991.2,208433
2021-06-07 10:54:29,991.0,208441
2021-06-07 10:54:32,991.0,208447
2021-06-07 10:54:36,991.0,208450
2021-06-07 10:54:39,991.0,208457
2021-06-07 10:54:42,991.2,208459
2021-06-07 10:54:45,991.2,208459
2021-06-07 10:54:48,991.2,208470
2021-06-07 10:54:51,991.0,208482
2021-06-07 10:54:55,991.2,208484
2021-06-07 10:55:05,991.2,208505
2021-06-07 10:55:09,991.2,208508
2021-06-07 10:55:12,991.2,208508
2021-06-07 10:55:16,991.1,208594
2021-06-07 10:55:20,991.15,208715
2021-06-07 10:55:24,991.15,208738
2021-06-07 10:55:27,991.1,208775
2021-06-07 10:55:31,991.05,208783
2021-06-07 10:55:34,991.4,208784
2021-06-07 10:55:38,991.2,208785
2021-06-07 10:55:41,991.35,208786
2021-06-07 10:55:44,991.2,208792
2021-06-07 10:55:48,991.2,208794
2021-06-07 10:55:51,991.35,208802
2021-06-07 10:55:55,991.0,209132
2021-06-07 10:55:58,990.85,209209
2021-06-07 10:56:01,990.85,209278
2021-06-07 10:56:04,991.0,209288
2021-06-07 10:56:08,990.85,209297
2021-06-07 10:56:11,991.0,209298
2021-06-07 10:56:14,990.85,209299
2021-06-07 10:56:18,990.95,209300
2021-06-07 10:56:21,990.85,209375
2021-06-07 10:56:25,990.85,209396
2021-06-07 10:56:28,991.0,209419
2021-06-07 10:56:31,991.0,209423
2021-06-07 10:56:35,991.0,209433
2021-06-07 10:56:38,991.0,209435
2021-06-07 10:56:48,991.0,209435
2021-06-07 10:56:52,991.0,209435
2021-06-07 10:56:55,990.85,209468
2021-06-07 10:56:59,990.85,209481
2021-06-07 10:57:02,991.0,209539
2021-06-07 10:57:06,990.85,209568
2021-06-07 10:57:09,990.85,209579
2021-06-07 10:57:12,990.85,209658
2021-06-07 10:57:16,990.85,209727
2021-06-07 10:57:19,990.7,209807
2021-06-07 10:57:23,990.65,209953
2021-06-07 10:57:26,990.9,210097
2021-06-07 10:57:29,990.45,210274
2021-06-07 10:57:32,990.5,210507
2021-06-07 10:57:35,990.85,210594
2021-06-07 10:57:38,990.6,210830
2021-06-07 10:57:41,990.1,211076
2021-06-07 10:57:44,989.7,213112
2021-06-07 10:57:47,989.3,214056
2021-06-07 10:57:51,988.65,215250
2021-06-07 10:57:54,988.4,215993
2021-06-07 10:57:57,988.3,216903
2021-06-07 10:58:00,988.15,217693
2021-06-07 10:58:03,988.8,218624
2021-06-07 10:58:06,988.3,219058
2021-06-07 10:58:09,988.05,219491
2021-06-07 10:58:12,988.05,219575
2021-06-07 10:58:16,988.05,219718
2021-06-07 10:58:18,988.65,220006
2021-06-07 10:58:21,989.0,220210
2021-06-07 10:58:25,988.65,220311
2021-06-07 10:58:28,988.7,220455
2021-06-07 10:58:32,988.7,220489
2021-06-07 10:58:39,988.7,220498
2021-06-07 10:58:43,988.65,220675
2021-06-07 10:58:45,988.7,220709
2021-06-07 10:58:49,989.2,220716
2021-06-07 10:58:52,989.2,220818
2021-06-07 10:58:59,988.9,220876
2021-06-07 10:59:02,988.8,220964
2021-06-07 10:59:05,988.9,221295
2021-06-07 10:59:09,988.8,221485
2021-06-07 10:59:12,988.75,221599
2021-06-07 10:59:15,988.75,221625
2021-06-07 10:59:19,988.75,221634
2021-06-07 10:59:22,988.75,221638
2021-06-07 10:59:25,988.8,221639
2021-06-07 10:59:28,988.75,221725
2021-06-07 10:59:32,988.75,221784
2021-06-07 10:59:35,988.75,221798
2021-06-07 10:59:38,988.9,222374
2021-06-07 10:59:41,988.9,222669
2021-06-07 10:59:44,988.65,222824
2021-06-07 10:59:48,988.5,223002
2021-06-07 10:59:51,988.3,223204
2021-06-07 10:59:54,988.3,223261
2021-06-07 10:59:58,988.25,223329
2021-06-07 11:00:01,988.6,223458
2021-06-07 11:00:05,988.85,223524
2021-06-07 11:00:09,988.4,223558
2021-06-07 11:00:16,988.5,223567
2021-06-07 11:00:20,988.5,223699
2021-06-07 11:00:24,988.85,223791
2021-06-07 11:00:28,988.5,223869
2021-06-07 11:00:31,988.5,223885
2021-06-07 11:00:35,988.5,223970
2021-06-07 11:00:38,988.8,224092
2021-06-07 11:00:41,988.3,224129
2021-06-07 11:00:45,988.35,224139
2021-06-07 11:00:48,988.75,224151
2021-06-07 11:00:51,988.75,224205
2021-06-07 11:00:55,988.5,224217
2021-06-07 11:00:58,988.75,224307
2021-06-07 11:01:01,988.75,224338
2021-06-07 11:01:05,988.4,224353
2021-06-07 11:01:08,988.4,224372
2021-06-07 11:01:11,988.9,224482
2021-06-07 11:01:14,988.75,224524
2021-06-07 11:01:17,988.75,224544
2021-06-07 11:01:20,988.9,224555
2021-06-07 11:01:24,988.75,224564
2021-06-07 11:01:26,988.9,224665
2021-06-07 11:01:30,988.9,225051
2021-06-07 11:01:33,988.8,225183
2021-06-07 11:01:36,988.8,225210
2021-06-07 11:01:39,988.8,225224
2021-06-07 11:01:42,988.8,225238
2021-06-07 11:01:45,988.9,225240
2021-06-07 11:01:49,988.8,225246
2021-06-07 11:01:52,988.8,225250
2021-06-07 11:01:56,988.8,225366
2021-06-07 11:01:59,988.8,225405
2021-06-07 11:02:02,988.9,225418
2021-06-07 11:02:05,989.2,225420
2021-06-07 11:02:09,989.2,225472
2021-06-07 11:02:12,989.0,225507
2021-06-07 11:02:16,989.0,225612
2021-06-07 11:02:19,989.0,225633
2021-06-07 11:02:22,989.0,225637
2021-06-07 11:02:25,989.0,225644
2021-06-07 11:02:29,989.0,225673
2021-06-07 11:02:32,989.0,225681
2021-06-07 11:02:35,989.0,225684
2021-06-07 11:02:39,989.0,225685
2021-06-07 11:02:42,989.0,225743
2021-06-07 11:02:45,989.0,225932
2021-06-07 11:02:48,989.0,225968
2021-06-07 11:02:51,988.6,227658
2021-06-07 11:02:54,988.6,227898
2021-06-07 11:02:57,988.2,228065
2021-06-07 11:03:01,988.35,228370
2021-06-07 11:03:04,988.35,228432
2021-06-07 11:03:07,988.4,228445
2021-06-07 11:03:10,988.5,228449
2021-06-07 11:03:13,988.5,228479
2021-06-07 11:03:17,988.5,228484
2021-06-07 11:03:20,988.7,228486
2021-06-07 11:03:23,988.7,228486
2021-06-07 11:03:26,988.7,228494
2021-06-07 11:03:29,988.7,228596
2021-06-07 11:03:32,988.55,228707
2021-06-07 11:03:35,988.55,228727
2021-06-07 11:03:39,988.55,228731
2021-06-07 11:03:41,988.8,228732
2021-06-07 11:03:44,988.55,228735
2021-06-07 11:03:47,988.6,228847
2021-06-07 11:03:51,988.6,228864
2021-06-07 11:03:54,988.55,228901
2021-06-07 11:03:57,988.55,229049
2021-06-07 11:04:00,988.55,229132
2021-06-07 11:04:06,988.55,229211
2021-06-07 11:04:09,988.8,229232
2021-06-07 11:04:13,988.55,229236
2021-06-07 11:04:16,988.8,229237
2021-06-07 11:04:19,988.8,229237
2021-06-07 11:04:22,988.55,229241
2021-06-07 11:04:25,988.55,229276
2021-06-07 11:04:29,988.55,229294
2021-06-07 11:04:32,988.55,229299
2021-06-07 11:04:35,988.55,229301
2021-06-07 11:04:38,988.8,229302
2021-06-07 11:04:42,988.6,229377
2021-06-07 11:04:45,988.6,229394
2021-06-07 11:04:48,988.6,229422
2021-06-07 11:04:51,988.65,229427
2021-06-07 11:04:58,988.65,229430
2021-06-07 11:05:01,988.65,229430
2021-06-07 11:05:08,988.65,229614
2021-06-07 11:05:11,988.65,229626
2021-06-07 11:05:15,988.65,229628
2021-06-07 11:05:19,988.65,229637
2021-06-07 11:05:22,988.65,229691
2021-06-07 11:05:25,988.65,229703
2021-06-07 11:05:28,988.8,229705
2021-06-07 11:05:31,988.65,229718
2021-06-07 11:05:35,988.65,229739
2021-06-07 11:05:38,988.7,229743
2021-06-07 11:05:42,988.8,229744
2021-06-07 11:05:45,988.7,229871
2021-06-07 11:05:52,988.8,229973
2021-06-07 11:05:55,988.8,229979
2021-06-07 11:05:59,988.7,230002
2021-06-07 11:06:02,988.7,230012
2021-06-07 11:06:06,988.7,230020
2021-06-07 11:06:09,988.8,230462
2021-06-07 11:06:12,988.7,230884
2021-06-07 11:06:15,988.65,231078
2021-06-07 11:06:18,988.7,231121
2021-06-07 11:06:22,988.7,231211
2021-06-07 11:06:25,988.65,231384
2021-06-07 11:06:29,988.65,231417
2021-06-07 11:06:32,988.65,231424
2021-06-07 11:06:35,988.65,231448
2021-06-07 11:06:38,988.65,231456
2021-06-07 11:06:42,989.0,231457
2021-06-07 11:06:45,988.65,231597
2021-06-07 11:06:49,988.65,231627
2021-06-07 11:06:52,988.65,231721
2021-06-07 11:06:55,988.95,231973
2021-06-07 11:06:58,988.65,232026
2021-06-07 11:07:01,988.65,232038
2021-06-07 11:07:04,988.65,232041
2021-06-07 11:07:08,988.65,232053
2021-06-07 11:07:11,988.65,232065
2021-06-07 11:07:14,988.65,232069
2021-06-07 11:07:17,988.7,232144
2021-06-07 11:07:20,988.65,232267
2021-06-07 11:07:23,988.65,232291
2021-06-07 11:07:27,988.65,232298
2021-06-07 11:07:30,988.9,232299
2021-06-07 11:07:33,988.65,232703
2021-06-07 11:07:36,988.65,232781
2021-06-07 11:07:40,988.65,232798
2021-06-07 11:07:43,988.65,232802
2021-06-07 11:07:46,988.65,232806
2021-06-07 11:07:49,988.65,233036
2021-06-07 11:07:52,988.65,233112
2021-06-07 11:07:55,988.65,233173
2021-06-07 11:07:58,988.65,233192
2021-06-07 11:08:02,988.65,233202
2021-06-07 11:08:08,988.9,233230
2021-06-07 11:08:12,988.9,233253
2021-06-07 11:08:16,988.7,233269
2021-06-07 11:08:19,988.7,233273
2021-06-07 11:08:22,988.7,233383
2021-06-07 11:08:25,988.65,233429
2021-06-07 11:08:28,988.65,233725
2021-06-07 11:08:35,989.1,235284
2021-06-07 11:08:38,989.0,235393
2021-06-07 11:08:42,989.0,235675
2021-06-07 11:08:45,989.0,235729
2021-06-07 11:08:48,989.0,235741
2021-06-07 11:08:51,989.0,235744
2021-06-07 11:08:54,989.0,235824
2021-06-07 11:08:58,989.0,235841
2021-06-07 11:09:01,989.0,235903
2021-06-07 11:09:04,989.0,235917
2021-06-07 11:09:07,989.0,235974
2021-06-07 11:09:10,989.0,235985
2021-06-07 11:09:14,989.0,236103
2021-06-07 11:09:17,989.0,236126
2021-06-07 11:09:20,989.0,236131
2021-06-07 11:09:23,989.0,236131
2021-06-07 11:09:26,989.0,236133
2021-06-07 11:09:29,989.0,236140
2021-06-07 11:09:32,989.0,236142
2021-06-07 11:09:35,989.0,236211
2021-06-07 11:09:38,989.0,236224
2021-06-07 11:09:40,989.0,236342
2021-06-07 11:09:43,989.0,236365
2021-06-07 11:09:46,989.0,236416
2021-06-07 11:09:50,989.0,236426
2021-06-07 11:09:54,989.0,236429
2021-06-07 11:09:57,989.0,236439
2021-06-07 11:10:00,989.0,236445
2021-06-07 11:10:03,989.05,236447
2021-06-07 11:10:06,989.05,236458
2021-06-07 11:10:09,989.05,236472
2021-06-07 11:10:13,989.05,236487
2021-06-07 11:10:16,989.05,236491
2021-06-07 11:10:19,989.05,236507
2021-06-07 11:10:22,989.05,236510
2021-06-07 11:10:26,989.25,236511
2021-06-07 11:10:29,989.1,236517
2021-06-07 11:10:32,989.3,236518
2021-06-07 11:10:35,989.15,236531
2021-06-07 11:10:38,989.15,236579
2021-06-07 11:10:42,989.3,236599
2021-06-07 11:10:45,989.15,236719
2021-06-07 11:10:48,989.3,236866
2021-06-07 11:10:51,989.15,237145
2021-06-07 11:10:54,989.3,237206
2021-06-07 11:10:57,989.15,237276
2021-06-07 11:11:04,989.3,237316
2021-06-07 11:11:07,989.15,237330
2021-06-07 11:11:10,989.3,237338
2021-06-07 11:11:13,989.3,237365
2021-06-07 11:11:15,989.15,237379
2021-06-07 11:11:18,989.15,237388
2021-06-07 11:11:21,989.15,237413
2021-06-07 11:11:24,989.3,237428
2021-06-07 11:11:27,989.15,237440
2021-06-07 11:11:30,989.15,237454
2021-06-07 11:11:33,989.15,237527
2021-06-07 11:11:36,989.15,237541
2021-06-07 11:11:40,989.15,237545
2021-06-07 11:11:44,989.15,237788
2021-06-07 11:11:47,989.15,237835
2021-06-07 11:11:50,989.15,237845
2021-06-07 11:11:53,989.3,237846
2021-06-07 11:11:56,989.15,237856
2021-06-07 11:11:59,989.3,237858
2021-06-07 11:12:03,989.3,237858
2021-06-07 11:12:06,989.15,237869
2021-06-07 11:12:10,989.15,238057
2021-06-07 11:12:13,989.3,238189
2021-06-07 11:12:16,989.15,238219
2021-06-07 11:12:19,989.15,238225
2021-06-07 11:12:22,989.15,238280
2021-06-07 11:12:26,989.15,238303
2021-06-07 11:12:29,989.15,238309
2021-06-07 11:12:33,989.15,238311
2021-06-07 11:12:36,989.15,238311
2021-06-07 11:12:39,989.15,238312
2021-06-07 11:12:42,989.15,238312
2021-06-07 11:12:45,989.15,238312
2021-06-07 11:12:48,989.15,238312
2021-06-07 11:12:52,989.15,238312
2021-06-07 11:12:55,989.05,238381
2021-06-07 11:12:58,989.05,238399
2021-06-07 11:13:01,989.05,238410
2021-06-07 11:13:04,989.2,238412
2021-06-07 11:13:07,989.0,238445
2021-06-07 11:13:10,989.0,238456
2021-06-07 11:13:13,989.0,238470
2021-06-07 11:13:16,989.2,238476
2021-06-07 11:13:19,989.0,238483
2021-06-07 11:13:22,989.05,238497
2021-06-07 11:13:25,989.2,238499
2021-06-07 11:13:28,989.2,238499
2021-06-07 11:13:31,989.05,238501
2021-06-07 11:13:34,989.2,238502
2021-06-07 11:13:37,989.2,238664
2021-06-07 11:13:39,989.05,238833
2021-06-07 11:13:43,989.2,239019
2021-06-07 11:13:46,989.45,239297
2021-06-07 11:13:49,989.2,239383
2021-06-07 11:13:52,989.2,239450
2021-06-07 11:13:56,989.2,239465
2021-06-07 11:13:59,989.5,239467
2021-06-07 11:14:02,989.5,239467
2021-06-07 11:14:05,989.2,239470
2021-06-07 11:14:08,989.5,239473
2021-06-07 11:14:11,989.5,239475
2021-06-07 11:14:14,989.5,239553
2021-06-07 11:14:17,989.2,239627
2021-06-07 11:14:19,989.5,239664
2021-06-07 11:14:23,989.2,239678
2021-06-07 11:14:26,989.2,239685
2021-06-07 11:14:29,989.5,239699
2021-06-07 11:14:32,989.25,239727
2021-06-07 11:14:35,989.5,239736
2021-06-07 11:14:38,989.25,239739
2021-06-07 11:14:41,989.5,239786
2021-06-07 11:14:45,989.3,239868
2021-06-07 11:14:48,989.6,239880
2021-06-07 11:14:51,989.8,239898
2021-06-07 11:14:54,989.8,239919
2021-06-07 11:14:57,989.35,239925
2021-06-07 11:15:00,989.8,239926
2021-06-07 11:15:03,989.8,239926
2021-06-07 11:15:06,989.8,239926
2021-06-07 11:15:09,989.8,239926
2021-06-07 11:15:13,989.95,240289
2021-06-07 11:15:16,989.55,240414
2021-06-07 11:15:20,989.95,240467
2021-06-07 11:15:23,989.55,240488
2021-06-07 11:15:26,989.5,240537
2021-06-07 11:15:29,989.55,240579
2021-06-07 11:15:33,989.6,240595
2021-06-07 11:15:36,989.6,240611
2021-06-07 11:15:39,989.6,240632
2021-06-07 11:15:42,989.6,240777
2021-06-07 11:15:45,989.2,241031
2021-06-07 11:15:49,989.55,241160
2021-06-07 11:15:52,989.2,241195
2021-06-07 11:15:56,989.55,241216
2021-06-07 11:15:59,989.2,241451
2021-06-07 11:16:03,989.25,241496
2021-06-07 11:16:06,989.25,241527
2021-06-07 11:16:09,989.25,241533
2021-06-07 11:16:12,989.3,241537
2021-06-07 11:16:15,989.3,241540
2021-06-07 11:16:19,989.3,241540
2021-06-07 11:16:22,989.55,241551
2021-06-07 11:16:25,989.35,241564
2021-06-07 11:16:28,989.35,241571
2021-06-07 11:16:31,989.35,241622
2021-06-07 11:16:34,989.55,241745
2021-06-07 11:16:37,989.75,241764
2021-06-07 11:16:40,989.55,241789
2021-06-07 11:16:43,989.75,241843
2021-06-07 11:16:48,989.75,241868
2021-06-07 11:16:51,989.55,241897
2021-06-07 11:16:55,989.9,241903
2021-06-07 11:17:01,990.0,242353
2021-06-07 11:17:04,989.75,242563
2021-06-07 11:17:11,989.55,242812
2021-06-07 11:17:15,989.55,242839
2021-06-07 11:17:18,989.55,242849
2021-06-07 11:17:21,989.55,242852
2021-06-07 11:17:25,989.75,243186
2021-06-07 11:17:28,989.6,243301
2021-06-07 11:17:32,989.6,243325
2021-06-07 11:17:35,989.6,243334
2021-06-07 11:17:38,989.6,243337
2021-06-07 11:17:41,989.6,243437
2021-06-07 11:17:45,989.6,243496
2021-06-07 11:17:48,989.6,243511
2021-06-07 11:17:51,989.75,243513
2021-06-07 11:17:54,989.65,245421
2021-06-07 11:17:57,989.65,245707
2021-06-07 11:18:00,989.75,246464
2021-06-07 11:18:04,989.75,246731
2021-06-07 11:18:07,989.75,246944
2021-06-07 11:18:10,989.85,247001
2021-06-07 11:18:14,989.75,247073
2021-06-07 11:18:17,989.75,247123
2021-06-07 11:18:20,990.0,247349
2021-06-07 11:18:24,989.8,247559
2021-06-07 11:18:27,989.8,247630
2021-06-07 11:18:31,989.85,247782
2021-06-07 11:18:34,989.85,247852
2021-06-07 11:18:38,989.85,247874
2021-06-07 11:18:42,989.85,247879
2021-06-07 11:18:45,990.0,248006
2021-06-07 11:18:49,989.85,248062
2021-06-07 11:18:52,989.85,248192
2021-06-07 11:18:55,990.0,248636
2021-06-07 11:18:58,989.85,248723
2021-06-07 11:19:02,989.85,248779
2021-06-07 11:19:05,989.85,248789
2021-06-07 11:19:08,989.85,248792
2021-06-07 11:19:12,990.0,248794
2021-06-07 11:19:15,990.25,248871
2021-06-07 11:19:18,989.9,248893
2021-06-07 11:19:21,990.0,248897
2021-06-07 11:19:24,990.25,248898
2021-06-07 11:19:28,990.25,248902
2021-06-07 11:19:31,990.05,248907
2021-06-07 11:19:35,990.3,248908
2021-06-07 11:19:38,990.05,248929
2021-06-07 11:19:41,990.05,248967
2021-06-07 11:19:45,990.05,248975
2021-06-07 11:19:48,990.25,248976
2021-06-07 11:19:52,990.25,249891
2021-06-07 11:19:55,990.0,250118
2021-06-07 11:19:59,989.9,250578
2021-06-07 11:20:02,989.65,251009
2021-06-07 11:20:05,989.55,251273
2021-06-07 11:20:09,989.6,251377
2021-06-07 11:20:12,989.6,251398
2021-06-07 11:20:15,989.6,251403
2021-06-07 11:20:19,989.6,251450
2021-06-07 11:20:22,989.65,251621
2021-06-07 11:20:25,989.65,251748
2021-06-07 11:20:28,989.6,251786
2021-06-07 11:20:31,989.6,251853
2021-06-07 11:20:35,989.6,251867
2021-06-07 11:20:38,989.65,251871
2021-06-07 11:20:41,989.6,251900
2021-06-07 11:20:44,989.6,251984
2021-06-07 11:20:47,989.65,252195
2021-06-07 11:20:50,989.6,252235
2021-06-07 11:20:51,989.6,252299
2021-06-07 11:20:53,989.85,252383
2021-06-07 11:20:52,989.6,252312
2021-06-07 11:20:54,989.6,252406
2021-06-07 11:20:55,989.6,252412
2021-06-07 11:20:56,989.85,252419
2021-06-07 11:20:57,989.6,252421
2021-06-07 11:20:58,989.6,252421
2021-06-07 11:20:59,989.6,252437
2021-06-07 11:21:00,989.6,252440
2021-06-07 11:21:01,989.85,252441
2021-06-07 11:21:04,989.6,252465
2021-06-07 11:21:05,989.6,252493
2021-06-07 11:21:06,989.85,252497
2021-06-07 11:21:07,989.6,252500
2021-06-07 11:21:08,989.6,252502
2021-06-07 11:21:09,989.6,252502
2021-06-07 11:21:10,989.6,252502
2021-06-07 11:21:11,989.6,252502
2021-06-07 11:21:15,989.6,252502
2021-06-07 11:21:16,989.85,252506
2021-06-07 11:21:17,989.65,252520
2021-06-07 11:21:18,989.85,252522
2021-06-07 11:21:19,989.65,252576
2021-06-07 11:21:20,989.65,252593
2021-06-07 11:21:21,989.65,252599
2021-06-07 11:21:22,989.85,252600
2021-06-07 11:21:24,989.85,252600
2021-06-07 11:21:25,989.85,252600
2021-06-07 11:21:27,989.85,252600
2021-06-07 11:21:28,989.65,252684
2021-06-07 11:21:29,989.65,252699
2021-06-07 11:21:30,989.85,252702
2021-06-07 11:21:31,989.65,252703
2021-06-07 11:21:32,989.65,252703
2021-06-07 11:21:33,989.65,252704
2021-06-07 11:21:34,989.65,252704
2021-06-07 11:21:35,989.85,252716
2021-06-07 11:21:36,989.85,252718
2021-06-07 11:21:37,989.7,252722
2021-06-07 11:21:38,989.7,252722
2021-06-07 11:21:39,989.7,252722
2021-06-07 11:21:40,989.7,252723
2021-06-07 11:21:41,989.7,252723
2021-06-07 11:21:42,989.7,252723
2021-06-07 11:21:43,989.7,252723
2021-06-07 11:21:46,989.7,252723
2021-06-07 11:21:47,989.7,252723
2021-06-07 11:21:48,989.7,252723
2021-06-07 11:21:48,989.7,252723
2021-06-07 11:21:49,989.7,252723
2021-06-07 11:21:50,989.7,252723
2021-06-07 11:21:52,989.7,252723
2021-06-07 11:21:53,989.7,252723
2021-06-07 11:21:54,989.7,252723
2021-06-07 11:21:55,989.75,252730
2021-06-07 11:21:56,989.75,252737
2021-06-07 11:21:56,989.85,252738
2021-06-07 11:21:57,989.75,252740
2021-06-07 11:21:58,989.75,252740
2021-06-07 11:22:01,989.85,252741
2021-06-07 11:22:03,989.85,252741
2021-06-07 11:22:04,989.85,252741
2021-06-07 11:22:05,989.85,252741
2021-06-07 11:22:06,989.85,252741
2021-06-07 11:22:07,989.85,252741
2021-06-07 11:22:08,989.85,252741
2021-06-07 11:22:10,989.85,252741
2021-06-07 11:22:11,989.85,252741
2021-06-07 11:22:12,989.95,252841
2021-06-07 11:22:12,989.95,252856
2021-06-07 11:22:13,989.75,252879
2021-06-07 11:22:14,989.75,252899
2021-06-07 11:22:15,989.85,252917
2021-06-07 11:22:16,989.85,252920
2021-06-07 11:22:17,989.95,252921
2021-06-07 11:22:19,989.95,252921
2021-06-07 11:22:20,989.85,252933
2021-06-07 11:22:20,990.0,252935
2021-06-07 11:22:21,990.0,252941
2021-06-07 11:22:22,989.9,252943
2021-06-07 11:22:24,989.9,252943
2021-06-07 11:22:25,990.0,252949
2021-06-07 11:22:25,990.0,252950
2021-06-07 11:22:26,989.9,252951
2021-06-07 11:22:27,989.9,252952
2021-06-07 11:22:28,990.0,252953
2021-06-07 11:22:29,989.9,252990
2021-06-07 11:22:30,990.0,252995
2021-06-07 11:22:31,990.0,253001
2021-06-07 11:22:32,990.0,253015
2021-06-07 11:22:33,990.0,253022
2021-06-07 11:22:34,990.0,253045
2021-06-07 11:22:35,990.05,253057
2021-06-07 11:22:36,990.05,253098
2021-06-07 11:22:37,990.0,253113
2021-06-07 11:22:38,990.05,253173
2021-06-07 11:22:39,990.05,253188
2021-06-07 11:22:40,990.05,253192
2021-06-07 11:22:41,990.05,253198
2021-06-07 11:22:42,990.25,253200
2021-06-07 11:22:43,990.1,253207
2021-06-07 11:22:44,990.1,253220
2021-06-07 11:22:45,990.45,253321
2021-06-07 11:22:46,990.1,253356
2021-06-07 11:22:47,990.1,253362
2021-06-07 11:22:48,990.45,253363
2021-06-07 11:22:49,990.45,253363
2021-06-07 11:22:50,990.45,253363
2021-06-07 11:22:51,990.1,253421
2021-06-07 11:22:52,990.1,253458
2021-06-07 11:22:53,990.1,253868
2021-06-07 11:22:54,990.3,254067
2021-06-07 11:22:55,990.0,254108
2021-06-07 11:22:56,990.25,254111
2021-06-07 11:22:57,990.45,254162
2021-06-07 11:22:58,990.25,254408
2021-06-07 11:22:59,990.25,254457
2021-06-07 11:23:00,990.55,254525
2021-06-07 11:23:01,990.25,254597
2021-06-07 11:23:02,990.25,254603
2021-06-07 11:23:03,990.45,254604
2021-06-07 11:23:04,990.45,254604
2021-06-07 11:23:05,990.45,254609
2021-06-07 11:23:06,990.25,254611
2021-06-07 11:23:07,990.25,254612
2021-06-07 11:23:08,990.45,254688
2021-06-07 11:23:10,990.25,254714
2021-06-07 11:23:10,990.4,254718
2021-06-07 11:23:11,990.25,254720
2021-06-07 11:23:12,990.25,254720
2021-06-07 11:23:14,990.25,254720
2021-06-07 11:23:16,990.25,254787
2021-06-07 11:23:17,990.4,254790
2021-06-07 11:23:18,990.25,254793
2021-06-07 11:23:19,990.4,254794
2021-06-07 11:23:20,990.4,254794
2021-06-07 11:23:22,990.4,254794
2021-06-07 11:23:24,990.4,254794
2021-06-07 11:23:26,990.4,254794
2021-06-07 11:23:27,990.25,254795
2021-06-07 11:23:28,990.25,254795
2021-06-07 11:23:28,990.25,254795
2021-06-07 11:23:30,990.4,254833
2021-06-07 11:23:30,990.45,254839
2021-06-07 11:23:31,990.4,254841
2021-06-07 11:23:33,990.4,254841
2021-06-07 11:23:33,990.4,254841
2021-06-07 11:23:34,990.4,254841
2021-06-07 11:23:35,990.3,255134
2021-06-07 11:23:37,990.4,255211
2021-06-07 11:23:36,990.45,255190
2021-06-07 11:23:38,990.4,255217
2021-06-07 11:23:39,990.4,255245
2021-06-07 11:23:40,990.25,255261
2021-06-07 11:23:41,990.4,255297
2021-06-07 11:23:42,990.25,255304
2021-06-07 11:23:43,990.4,255305
2021-06-07 11:23:44,990.4,255305
2021-06-07 11:23:47,990.25,255307
2021-06-07 11:23:48,990.25,255319
2021-06-07 11:23:48,990.4,255320
2021-06-07 11:23:49,990.25,255322
2021-06-07 11:23:50,990.25,255323
2021-06-07 11:23:52,990.25,255323
2021-06-07 11:23:52,990.25,255677
2021-06-07 11:23:54,990.45,255748
2021-06-07 11:23:55,990.45,255753
2021-06-07 11:23:56,990.4,255819
2021-06-07 11:23:56,990.4,255842
2021-06-07 11:23:57,990.25,255852
2021-06-07 11:23:58,990.4,255856
2021-06-07 11:23:59,990.4,255856
2021-06-07 11:24:00,990.4,255856
2021-06-07 11:24:01,990.4,255856
2021-06-07 11:24:02,990.4,255856
2021-06-07 11:24:04,990.4,255971
2021-06-07 11:24:04,990.4,255956
2021-06-07 11:24:05,990.25,255995
2021-06-07 11:24:06,990.25,256000
2021-06-07 11:24:07,990.4,256001
2021-06-07 11:24:08,990.4,256001
2021-06-07 11:24:11,990.4,256001
2021-06-07 11:24:12,990.4,256001
2021-06-07 11:24:13,990.4,256001
2021-06-07 11:24:14,990.25,256051
2021-06-07 11:24:15,990.25,256069
2021-06-07 11:24:16,990.25,256072
2021-06-07 11:24:17,990.5,256159
2021-06-07 11:24:19,990.5,256174
2021-06-07 11:24:20,990.5,256315
2021-06-07 11:24:20,990.6,256337
2021-06-07 11:24:21,990.65,256514
2021-06-07 11:24:22,990.5,256608
2021-06-07 11:24:23,990.45,256637
2021-06-07 11:24:24,990.45,256643
2021-06-07 11:24:25,990.45,256645
2021-06-07 11:24:26,990.45,256674
2021-06-07 11:24:27,990.45,256686
2021-06-07 11:24:29,990.45,256689
2021-06-07 11:24:30,990.45,256689
2021-06-07 11:24:32,990.45,256819
2021-06-07 11:24:33,990.45,256936
2021-06-07 11:24:33,990.45,256950
2021-06-07 11:24:34,990.5,256969
2021-06-07 11:24:35,990.3,256975
2021-06-07 11:24:36,990.3,257033
2021-06-07 11:24:37,990.3,257044
2021-06-07 11:24:38,990.3,257046
2021-06-07 11:24:39,990.45,257047
2021-06-07 11:24:40,990.45,257047
2021-06-07 11:24:42,990.45,257101
2021-06-07 11:24:43,990.3,257118
2021-06-07 11:24:44,990.3,257122
2021-06-07 11:24:45,990.45,257123
2021-06-07 11:24:46,990.45,257123
2021-06-07 11:24:47,990.45,257123
2021-06-07 11:24:47,990.45,257123
2021-06-07 11:24:50,990.3,257124
2021-06-07 11:24:51,990.3,257124
2021-06-07 11:24:52,990.3,257124
2021-06-07 11:24:52,990.3,257124
2021-06-07 11:24:53,990.3,257134
2021-06-07 11:24:54,990.3,257187
2021-06-07 11:24:55,990.3,257205
2021-06-07 11:24:56,990.3,257208
2021-06-07 11:24:58,990.45,257209
2021-06-07 11:24:58,990.45,257209
2021-06-07 11:25:01,990.45,257210
2021-06-07 11:25:03,990.45,257215
2021-06-07 11:25:03,990.45,257216
2021-06-07 11:25:04,990.3,257217
2021-06-07 11:25:05,990.3,257217
2021-06-07 11:25:06,990.3,257217
2021-06-07 11:25:07,990.3,257258
2021-06-07 11:25:08,990.3,257265
2021-06-07 11:25:09,990.3,257272
2021-06-07 11:25:10,990.3,257274
2021-06-07 11:25:11,990.3,257623
2021-06-07 11:25:13,990.3,257692
2021-06-07 11:25:13,990.65,257702
2021-06-07 11:25:14,990.3,257779
2021-06-07 11:25:15,990.3,257806
2021-06-07 11:25:16,990.3,257814
2021-06-07 11:25:17,990.3,257816
2021-06-07 11:25:19,990.3,257816
2021-06-07 11:25:20,990.6,257818
2021-06-07 11:25:22,990.6,257818
2021-06-07 11:25:25,990.6,257818
2021-06-07 11:25:26,990.3,257922
2021-06-07 11:25:27,990.3,257942
2021-06-07 11:25:27,990.55,257945
2021-06-07 11:25:28,990.3,257946
2021-06-07 11:25:29,990.3,257949
2021-06-07 11:25:30,990.3,257949
2021-06-07 11:25:31,990.3,257949
2021-06-07 11:25:32,990.3,258016
2021-06-07 11:25:33,990.55,258019
2021-06-07 11:25:34,990.55,258021
2021-06-07 11:25:35,990.3,258221
2021-06-07 11:25:36,990.55,258276
2021-06-07 11:25:37,990.35,258289
2021-06-07 11:25:38,990.35,258292
2021-06-07 11:25:39,990.35,258293
2021-06-07 11:25:40,990.55,258294
2021-06-07 11:25:41,990.35,258356
2021-06-07 11:25:42,990.55,258359
2021-06-07 11:25:43,990.65,258681
2021-06-07 11:25:45,990.4,258746
2021-06-07 11:25:46,990.4,258749
2021-06-07 11:25:47,990.85,259249
2021-06-07 11:25:48,990.9,259324
2021-06-07 11:25:49,990.45,259346
2021-06-07 11:25:50,990.45,259351
2021-06-07 11:25:53,990.45,259379
2021-06-07 11:25:57,990.3,259515
2021-06-07 11:26:00,990.3,259541
2021-06-07 11:26:03,990.3,259603
2021-06-07 11:26:06,990.3,259615
2021-06-07 11:26:09,990.35,259704
2021-06-07 11:26:12,990.35,259720
2021-06-07 11:26:16,990.5,259724
2021-06-07 11:26:20,990.5,260069
2021-06-07 11:26:23,990.7,260093
2021-06-07 11:26:27,990.7,260643
2021-06-07 11:26:30,990.7,260820
2021-06-07 11:26:36,990.15,261377
2021-06-07 11:26:39,990.2,261578
2021-06-07 11:26:43,990.2,261618
2021-06-07 11:26:47,990.2,261683
2021-06-07 11:26:53,990.2,262045
2021-06-07 11:26:58,990.2,262168
2021-06-07 11:27:01,990.5,262304
2021-06-07 11:27:04,990.5,262330
2021-06-07 11:27:08,990.05,262650
2021-06-07 11:27:11,990.2,262931
2021-06-07 11:27:14,990.1,262980
2021-06-07 11:27:17,990.05,263065
2021-06-07 11:27:20,990.05,263092
2021-06-07 11:27:23,990.05,263097
2021-06-07 11:27:26,990.2,263098
2021-06-07 11:27:29,990.0,263629
2021-06-07 11:27:32,989.85,263744
2021-06-07 11:27:35,989.8,263843
2021-06-07 11:27:38,989.8,263863
2021-06-07 11:27:41,989.8,263878
2021-06-07 11:27:44,989.8,263882
2021-06-07 11:27:48,989.85,263885
2021-06-07 11:27:51,989.8,264042
2021-06-07 11:27:54,989.85,264223
2021-06-07 11:27:57,989.65,264319
2021-06-07 11:28:00,989.65,264406
2021-06-07 11:28:03,989.65,264423
2021-06-07 11:28:06,989.65,264426
2021-06-07 11:28:09,989.8,264427
2021-06-07 11:28:12,989.65,264428
2021-06-07 11:28:16,989.65,264429
2021-06-07 11:28:22,989.65,264445
2021-06-07 11:28:25,989.8,264454
2021-06-07 11:28:28,989.65,264573
2021-06-07 11:28:31,989.65,264598
2021-06-07 11:28:33,989.65,264684
2021-06-07 11:28:36,989.8,264703
2021-06-07 11:28:39,989.75,265016
2021-06-07 11:28:42,989.75,265141
2021-06-07 11:28:45,990.3,265416
2021-06-07 11:28:49,989.75,265501
2021-06-07 11:28:52,990.2,265613
2021-06-07 11:28:56,990.0,265740
2021-06-07 11:28:59,990.0,265759
2021-06-07 11:29:01,990.0,265762
2021-06-07 11:29:04,990.0,265762
2021-06-07 11:29:07,990.0,265762
2021-06-07 11:29:11,990.0,265762
2021-06-07 11:29:14,990.0,265763
2021-06-07 11:29:17,990.0,265763
2021-06-07 11:29:20,990.0,265788
2021-06-07 11:29:23,990.0,265797
2021-06-07 11:29:25,990.0,265832
2021-06-07 11:29:28,990.2,266044
2021-06-07 11:29:31,990.25,266075
2021-06-07 11:29:34,990.25,266087
2021-06-07 11:29:37,990.0,266115
2021-06-07 11:29:40,990.0,266124
2021-06-07 11:29:44,990.0,266176
2021-06-07 11:29:47,990.0,266196
2021-06-07 11:29:50,990.05,266201
2021-06-07 11:29:53,990.35,266202
2021-06-07 11:29:56,990.4,266204
2021-06-07 11:29:59,990.35,266206
2021-06-07 11:30:02,990.4,266780
2021-06-07 11:30:05,990.05,266969
2021-06-07 11:30:08,990.1,267006
2021-06-07 11:30:11,990.1,267014
2021-06-07 11:30:14,990.4,267015
2021-06-07 11:30:17,990.1,267017
2021-06-07 11:30:20,990.1,267019
2021-06-07 11:30:23,990.1,267019
2021-06-07 11:30:26,990.1,267019
2021-06-07 11:30:29,990.1,267019
2021-06-07 11:30:32,990.4,267020
2021-06-07 11:30:36,990.2,267022
2021-06-07 11:30:39,990.2,267028
2021-06-07 11:30:42,990.2,267034
2021-06-07 11:30:45,990.4,267035
2021-06-07 11:30:48,990.2,267054
2021-06-07 11:30:51,990.2,267061
2021-06-07 11:30:54,990.4,267062
2021-06-07 11:30:57,990.4,267064
2021-06-07 11:31:00,990.4,267069
2021-06-07 11:31:03,990.55,267071
2021-06-07 11:31:06,990.6,267072
2021-06-07 11:31:09,990.6,267084
2021-06-07 11:31:12,990.2,267088
2021-06-07 11:31:15,990.6,267095
2021-06-07 11:31:18,990.2,267103
2021-06-07 11:31:21,990.6,267111
2021-06-07 11:31:27,990.2,267119
2021-06-07 11:31:30,990.2,267119
2021-06-07 11:31:34,990.6,267339
2021-06-07 11:31:37,990.2,267463
2021-06-07 11:31:40,990.55,267478
2021-06-07 11:31:42,990.5,267502
2021-06-07 11:31:45,990.5,267509
2021-06-07 11:31:48,990.5,267518
2021-06-07 11:31:51,990.5,267520
2021-06-07 11:31:57,990.5,267520
2021-06-07 11:32:00,990.5,267558
2021-06-07 11:32:03,990.5,267571
2021-06-07 11:32:06,990.75,267580
2021-06-07 11:32:09,990.5,267584
2021-06-07 11:32:13,990.8,267608
2021-06-07 11:32:17,990.5,267626
2021-06-07 11:32:20,990.8,267632
2021-06-07 11:32:23,990.8,267640
2021-06-07 11:32:26,990.5,267652
2021-06-07 11:32:33,990.8,267669
2021-06-07 11:32:35,990.75,267673
2021-06-07 11:32:38,990.75,267674
2021-06-07 11:32:40,990.75,267674
2021-06-07 11:32:43,990.8,267827
2021-06-07 11:32:46,990.55,268186
2021-06-07 11:32:49,990.6,268297
2021-06-07 11:32:52,990.6,268331
2021-06-07 11:32:55,990.6,268338
2021-06-07 11:32:58,990.75,268341
2021-06-07 11:33:01,990.95,268342
2021-06-07 11:33:04,990.75,268744
2021-06-07 11:33:07,990.75,268895
2021-06-07 11:33:10,990.75,269011
2021-06-07 11:33:13,990.75,269042
2021-06-07 11:33:16,990.75,269050
2021-06-07 11:33:20,991.0,269051
2021-06-07 11:33:23,990.6,269149
2021-06-07 11:33:26,990.6,269172
2021-06-07 11:33:29,990.6,269190
2021-06-07 11:33:32,990.6,269238
2021-06-07 11:33:35,990.8,269260
2021-06-07 11:33:39,990.8,269496
2021-06-07 11:33:42,990.8,269539
2021-06-07 11:33:45,990.8,269558
2021-06-07 11:33:49,990.8,269572
2021-06-07 11:33:52,990.95,269580
2021-06-07 11:33:55,990.8,269583
2021-06-07 11:33:59,990.8,269595
2021-06-07 11:34:02,990.95,269597
2021-06-07 11:34:05,990.95,269599
2021-06-07 11:34:08,990.95,269599
2021-06-07 11:34:11,990.95,269599
2021-06-07 11:34:14,990.95,269599
2021-06-07 11:34:18,990.95,269599
2021-06-07 11:34:21,990.95,269605
2021-06-07 11:34:25,991.0,269984
2021-06-07 11:34:28,990.8,270068
2021-06-07 11:34:31,990.8,270171
2021-06-07 11:34:34,990.8,270308
2021-06-07 11:34:38,990.8,270335
2021-06-07 11:34:41,990.8,270356
2021-06-07 11:34:44,990.8,270360
2021-06-07 11:34:47,990.95,270361
2021-06-07 11:34:51,990.95,270361
2021-06-07 11:34:54,990.8,270370
2021-06-07 11:34:58,990.8,270374
2021-06-07 11:35:01,990.95,270375
2021-06-07 11:35:04,990.8,270468
2021-06-07 11:35:07,990.8,270487
2021-06-07 11:35:10,990.8,270491
2021-06-07 11:35:14,990.8,270493
2021-06-07 11:35:17,990.8,270564
2021-06-07 11:35:20,990.8,270577
2021-06-07 11:35:23,990.95,270901
2021-06-07 11:35:25,990.85,271005
2021-06-07 11:35:28,990.95,271008
2021-06-07 11:35:31,990.95,271022
2021-06-07 11:35:34,990.95,271026
2021-06-07 11:35:37,991.0,271048
2021-06-07 11:35:40,990.95,271056
2021-06-07 11:35:47,991.0,271328
2021-06-07 11:35:51,990.95,271374
2021-06-07 11:35:54,990.95,271415
2021-06-07 11:35:56,991.0,271459
2021-06-07 11:36:00,990.95,271476
2021-06-07 11:36:03,991.0,271478
2021-06-07 11:36:06,991.0,271531
2021-06-07 11:36:09,990.95,271550
2021-06-07 11:36:12,990.95,271560
2021-06-07 11:36:18,991.0,271569
2021-06-07 11:36:24,990.95,271571
2021-06-07 11:36:27,990.95,271571
2021-06-07 11:36:30,990.95,271572
2021-06-07 11:36:33,990.95,271650
2021-06-07 11:36:35,990.95,271665
2021-06-07 11:36:38,990.95,271671
2021-06-07 11:36:41,990.95,271681
2021-06-07 11:36:44,990.95,271686
2021-06-07 11:36:47,990.95,271727
2021-06-07 11:36:50,990.95,271803
2021-06-07 11:36:53,990.95,272608
2021-06-07 11:36:56,990.95,272739
2021-06-07 11:36:58,991.0,272759
2021-06-07 11:37:01,990.7,272831
2021-06-07 11:37:04,990.7,272855
2021-06-07 11:37:07,990.7,272860
2021-06-07 11:37:11,990.7,272863
2021-06-07 11:37:14,990.7,272863
2021-06-07 11:37:17,990.7,272866
2021-06-07 11:37:21,990.7,272868
2021-06-07 11:37:24,990.7,272880
2021-06-07 11:37:27,990.7,272883
2021-06-07 11:37:30,990.7,272884
2021-06-07 11:37:33,990.7,272906
2021-06-07 11:37:36,990.7,272923
2021-06-07 11:37:39,990.75,272928
2021-06-07 11:37:41,990.7,273107
2021-06-07 11:37:44,990.7,273127
2021-06-07 11:37:48,990.7,273148
2021-06-07 11:37:50,990.7,273156
2021-06-07 11:37:53,990.7,273167
2021-06-07 11:37:56,990.7,273174
2021-06-07 11:37:59,990.7,273204
2021-06-07 11:38:02,990.7,273270
2021-06-07 11:38:05,990.7,273284
2021-06-07 11:38:09,990.7,273287
2021-06-07 11:38:12,990.6,274211
2021-06-07 11:38:15,990.95,274332
2021-06-07 11:38:18,990.65,274483
2021-06-07 11:38:22,990.65,274521
2021-06-07 11:38:25,991.0,274530
2021-06-07 11:38:28,990.65,274534
2021-06-07 11:38:31,990.65,274538
2021-06-07 11:38:35,991.0,274552
2021-06-07 11:38:37,990.65,274556
2021-06-07 11:38:40,991.0,274560
2021-06-07 11:38:43,990.6,274623
2021-06-07 11:38:46,990.65,274651
2021-06-07 11:38:49,991.0,274700
2021-06-07 11:38:52,990.65,274720
2021-06-07 11:38:56,991.0,274732
2021-06-07 11:39:02,991.0,274739
2021-06-07 11:39:05,991.0,274740
2021-06-07 11:39:08,991.0,274805
2021-06-07 11:39:10,990.65,274876
2021-06-07 11:39:13,991.0,274904
2021-06-07 11:39:16,991.0,274913
2021-06-07 11:39:19,990.65,274915
2021-06-07 11:39:22,990.65,274919
2021-06-07 11:39:25,991.0,274920
2021-06-07 11:39:28,991.0,274927
2021-06-07 11:39:31,991.0,274930
2021-06-07 11:39:34,990.8,274932
2021-06-07 11:39:36,991.0,274936
2021-06-07 11:39:40,990.8,274937
2021-06-07 11:39:43,990.8,274944
2021-06-07 11:39:46,991.0,274949
2021-06-07 11:39:52,990.8,274953
2021-06-07 11:39:55,991.0,275117
2021-06-07 11:39:58,990.8,275190
2021-06-07 11:40:01,990.65,275256
2021-06-07 11:40:04,990.8,275275
2021-06-07 11:40:07,990.8,275284
2021-06-07 11:40:10,990.8,275287
2021-06-07 11:40:14,990.7,275319
2021-06-07 11:40:16,991.0,275333
2021-06-07 11:40:19,990.7,275344
2021-06-07 11:40:22,990.7,275351
2021-06-07 11:40:25,990.7,275384
2021-06-07 11:40:28,990.95,275407
2021-06-07 11:40:31,990.95,275413
2021-06-07 11:40:34,990.7,275416
2021-06-07 11:40:37,990.95,275427
2021-06-07 11:40:39,990.7,275429
2021-06-07 11:40:42,990.95,275432
2021-06-07 11:40:45,990.7,275440
2021-06-07 11:40:48,990.8,275745
2021-06-07 11:40:51,990.8,275994
2021-06-07 11:40:53,990.95,276105
2021-06-07 11:40:56,990.7,276505
2021-06-07 11:40:59,990.7,276616
2021-06-07 11:41:01,990.6,276712
2021-06-07 11:41:05,990.9,277457
2021-06-07 11:41:07,990.9,277657
2021-06-07 11:41:11,990.95,277768
2021-06-07 11:41:14,990.95,277802
2021-06-07 11:41:17,990.9,277860
2021-06-07 11:41:20,990.9,277888
2021-06-07 11:41:23,990.9,277901
2021-06-07 11:41:26,990.9,278043
2021-06-07 11:41:29,990.9,278083
2021-06-07 11:41:32,990.9,278093
2021-06-07 11:41:35,990.95,278094
2021-06-07 11:41:38,990.95,278288
2021-06-07 11:41:41,990.95,278328
2021-06-07 11:41:44,990.95,278473
2021-06-07 11:41:47,990.95,278506
2021-06-07 11:41:49,990.95,278513
2021-06-07 11:41:52,990.95,278535
2021-06-07 11:41:55,990.95,278540
2021-06-07 11:41:58,990.95,278550
2021-06-07 11:42:01,990.95,278566
2021-06-07 11:42:04,990.95,278598
2021-06-07 11:42:06,990.95,278626
2021-06-07 11:42:10,990.95,278901
2021-06-07 11:42:13,990.95,279030
2021-06-07 11:42:16,990.95,279116
2021-06-07 11:42:19,990.95,279218
2021-06-07 11:42:22,990.95,279241
2021-06-07 11:42:25,990.95,279247
2021-06-07 11:42:28,990.95,279253
2021-06-07 11:42:31,990.95,279372
2021-06-07 11:42:35,990.95,279395
2021-06-07 11:42:38,990.95,279407
2021-06-07 11:42:41,990.95,279411
2021-06-07 11:42:44,990.95,279417
