timestamp,ltp,volume
2021-06-07 09:17:48,688.2,50841
2021-06-07 09:17:49,688.2,50841
2021-06-07 09:17:50,688.05,51141
2021-06-07 09:17:51,688.05,51154
2021-06-07 09:17:52,688.05,51154
2021-06-07 09:17:52,688.4,52328
2021-06-07 09:17:54,688.65,52353
2021-06-07 09:17:55,688.65,52354
2021-06-07 09:17:56,688.3,52407
2021-06-07 09:17:57,688.65,52447
2021-06-07 09:17:58,688.65,52497
2021-06-07 09:17:59,688.65,52498
2021-06-07 09:18:00,688.45,52803
2021-06-07 09:18:02,688.95,53329
2021-06-07 09:18:03,689.0,53529
2021-06-07 09:18:05,689.0,54534
2021-06-07 09:18:06,689.0,54646
2021-06-07 09:18:06,689.0,54647
2021-06-07 09:18:08,688.4,54841
2021-06-07 09:18:08,688.8,54991
2021-06-07 09:18:10,688.4,55001
2021-06-07 09:18:11,688.6,55021
2021-06-07 09:18:12,688.6,55033
2021-06-07 09:18:12,688.45,55060
2021-06-07 09:18:13,688.5,55081
2021-06-07 09:18:15,688.6,55102
2021-06-07 09:18:16,688.35,55455
2021-06-07 09:18:17,688.1,55479
2021-06-07 09:18:18,688.1,55489
2021-06-07 09:18:19,688.6,55744
2021-06-07 09:18:20,688.15,56164
2021-06-07 09:18:22,688.0,57180
2021-06-07 09:18:23,688.35,57280
2021-06-07 09:18:24,688.45,57289
2021-06-07 09:18:25,687.8,57361
2021-06-07 09:18:26,687.8,57361
2021-06-07 09:18:27,687.8,57371
2021-06-07 09:18:28,688.1,57429
2021-06-07 09:18:29,687.8,57573
2021-06-07 09:18:30,688.1,57926
2021-06-07 09:18:31,688.1,58514
2021-06-07 09:18:32,688.1,59068
2021-06-07 09:18:33,688.1,59068
2021-06-07 09:18:34,688.1,59068
2021-06-07 09:18:34,687.8,59070
2021-06-07 09:18:35,687.8,59070
2021-06-07 09:18:36,687.8,59070
2021-06-07 09:18:37,688.1,59235
2021-06-07 09:18:38,687.8,59250
2021-06-07 09:18:39,687.8,60251
2021-06-07 09:18:40,688.1,60274
2021-06-07 09:18:41,687.35,62421
2021-06-07 09:18:42,687.9,62571
2021-06-07 09:18:43,687.85,62576
2021-06-07 09:18:44,687.85,62606
2021-06-07 09:18:46,687.85,62656
2021-06-07 09:18:47,687.85,62656
2021-06-07 09:18:48,687.35,62666
2021-06-07 09:18:49,687.3,62966
2021-06-07 09:18:50,687.9,63016
2021-06-07 09:18:51,687.9,63016
2021-06-07 09:18:52,687.3,63026
2021-06-07 09:18:53,687.35,63086
2021-06-07 09:18:54,687.35,63086
2021-06-07 09:18:55,687.9,63111
2021-06-07 09:18:56,687.3,63136
2021-06-07 09:18:57,687.85,63236
2021-06-07 09:18:58,687.85,63236
2021-06-07 09:18:59,687.45,63238
2021-06-07 09:19:00,687.4,63515
2021-06-07 09:19:01,687.9,63692
2021-06-07 09:19:02,687.35,63697
2021-06-07 09:19:03,687.85,63769
2021-06-07 09:19:04,687.85,63769
2021-06-07 09:19:05,688.15,71385
2021-06-07 09:19:05,688.15,71386
2021-06-07 09:19:06,688.15,71386
2021-06-07 09:19:07,688.15,71386
2021-06-07 09:19:09,688.15,71401
2021-06-07 09:19:10,688.15,71401
2021-06-07 09:19:11,688.4,71427
2021-06-07 09:19:12,688.1,71954
2021-06-07 09:19:13,688.4,72065
2021-06-07 09:19:14,688.4,72090
2021-06-07 09:19:15,688.75,73396
2021-06-07 09:19:16,689.0,73401
2021-06-07 09:19:17,689.0,73431
2021-06-07 09:19:18,688.6,73441
2021-06-07 09:19:19,688.6,73441
2021-06-07 09:19:20,688.75,75441
2021-06-07 09:19:21,688.95,75521
2021-06-07 09:19:22,688.95,75521
2021-06-07 09:19:22,688.95,75521
2021-06-07 09:19:23,688.4,75771
2021-06-07 09:19:24,688.5,75781
2021-06-07 09:19:25,688.5,75863
2021-06-07 09:19:26,688.95,75878
2021-06-07 09:19:28,689.0,75938
2021-06-07 09:19:28,689.0,75939
2021-06-07 09:19:30,688.95,76102
2021-06-07 09:19:31,688.95,76102
2021-06-07 09:19:32,689.0,76309
2021-06-07 09:19:35,689.0,76774
2021-06-07 09:19:36,689.0,77230
2021-06-07 09:19:37,689.0,77393
2021-06-07 09:19:38,689.0,77393
2021-06-07 09:19:39,689.0,77503
2021-06-07 09:19:40,688.6,77507
2021-06-07 09:19:41,688.95,77658
2021-06-07 09:19:43,689.0,78026
2021-06-07 09:19:44,689.0,78026
2021-06-07 09:19:45,688.65,78046
2021-06-07 09:19:46,688.65,78046
2021-06-07 09:19:47,689.0,78051
2021-06-07 09:19:48,689.0,78496
2021-06-07 09:19:49,688.65,78504
2021-06-07 09:19:50,689.0,79501
2021-06-07 09:19:51,688.6,79864
2021-06-07 09:19:52,688.95,80089
2021-06-07 09:19:53,689.0,80290
2021-06-07 09:19:54,689.25,85363
2021-06-07 09:19:55,689.7,85364
2021-06-07 09:19:56,689.7,85371
2021-06-07 09:19:57,689.3,85381
2021-06-07 09:19:58,689.6,85431
2021-06-07 09:19:59,690.0,85577
2021-06-07 09:20:00,690.0,85577
2021-06-07 09:20:01,690.0,85580
2021-06-07 09:20:02,690.0,85792
2021-06-07 09:20:03,689.55,85892
2021-06-07 09:20:04,689.95,85898
2021-06-07 09:20:05,689.6,86181
2021-06-07 09:20:06,690.0,86281
2021-06-07 09:20:07,690.0,86429
2021-06-07 09:20:08,690.0,86561
2021-06-07 09:20:09,690.45,87374
2021-06-07 09:20:10,690.7,87560
2021-06-07 09:20:10,690.1,87575
2021-06-07 09:20:12,690.7,87658
2021-06-07 09:20:12,690.7,87658
2021-06-07 09:20:13,690.5,87713
2021-06-07 09:20:14,690.65,87728
2021-06-07 09:20:16,690.45,89021
2021-06-07 09:20:17,690.15,89071
2021-06-07 09:20:18,690.45,89086
2021-06-07 09:20:19,690.15,89501
2021-06-07 09:20:20,690.4,89502
2021-06-07 09:20:21,690.15,89627
2021-06-07 09:20:22,690.45,89779
2021-06-07 09:20:24,690.55,90114
2021-06-07 09:20:25,690.55,90114
2021-06-07 09:20:26,690.15,90119
2021-06-07 09:20:27,690.05,94100
2021-06-07 09:20:28,689.7,94170
2021-06-07 09:20:29,689.7,94170
2021-06-07 09:20:30,689.75,94171
2021-06-07 09:20:31,690.2,94366
2021-06-07 09:20:32,690.35,94368
2021-06-07 09:20:33,690.35,94368
2021-06-07 09:20:35,689.7,94416
2021-06-07 09:20:35,689.7,94416
2021-06-07 09:20:36,689.7,94616
2021-06-07 09:20:39,689.7,94635
2021-06-07 09:20:40,690.15,94725
2021-06-07 09:20:41,690.15,94826
2021-06-07 09:20:42,690.25,94856
2021-06-07 09:20:43,690.25,94956
2021-06-07 09:20:44,690.25,94956
2021-06-07 09:20:45,690.15,95104
2021-06-07 09:20:46,690.15,95114
2021-06-07 09:20:47,690.15,95129
2021-06-07 09:20:48,690.45,95144
2021-06-07 09:20:48,690.45,95144
2021-06-07 09:20:54,690.7,95696
2021-06-07 09:21:01,690.5,97038
2021-06-07 09:21:07,691.4,100129
2021-06-07 09:21:14,691.35,100729
2021-06-07 09:21:20,691.25,101537
2021-06-07 09:21:27,690.55,103840
2021-06-07 09:21:33,690.75,104830
2021-06-07 09:21:39,691.4,105381
2021-06-07 09:21:52,691.1,114462
2021-06-07 09:21:59,691.0,115277
2021-06-07 09:22:05,691.0,116083
2021-06-07 09:22:11,691.0,116703
2021-06-07 09:22:18,690.95,118258
2021-06-07 09:22:30,690.35,119722
2021-06-07 09:22:36,690.6,122917
2021-06-07 09:22:42,690.95,123183
2021-06-07 09:22:48,690.9,123506
2021-06-07 09:22:55,690.9,124965
2021-06-07 09:23:01,690.4,125442
2021-06-07 09:23:07,690.85,125810
2021-06-07 09:23:14,692.0,137511
2021-06-07 09:23:20,691.45,138008
2021-06-07 09:23:26,691.95,138080
2021-06-07 09:23:32,691.95,138920
2021-06-07 09:23:38,691.75,139801
2021-06-07 09:23:44,690.9,140906
2021-06-07 09:23:50,691.9,141998
2021-06-07 09:23:56,691.1,142565
2021-06-07 09:24:09,691.7,142885
2021-06-07 09:24:15,691.5,143022
2021-06-07 09:24:21,692.95,156532
2021-06-07 09:24:27,693.0,165584
2021-06-07 09:24:34,692.8,166403
2021-06-07 09:24:46,692.55,168530
2021-06-07 09:24:51,693.0,172803
2021-06-07 09:24:57,693.0,174140
2021-06-07 09:25:03,693.0,176409
2021-06-07 09:25:09,693.4,181756
2021-06-07 09:25:20,693.35,186927
2021-06-07 09:25:26,693.35,188696
2021-06-07 09:25:32,693.2,189688
2021-06-07 09:25:38,693.25,190578
2021-06-07 09:25:44,693.5,191668
2021-06-07 09:25:50,693.9,192286
2021-06-07 09:25:51,693.9,193054
2021-06-07 09:25:52,693.5,193493
2021-06-07 09:25:53,693.9,193583
2021-06-07 09:25:53,693.95,193739
2021-06-07 09:25:55,693.95,193753
2021-06-07 09:25:56,693.95,193912
2021-06-07 09:25:57,693.6,194022
2021-06-07 09:25:58,693.55,194028
2021-06-07 09:25:59,694.0,195033
2021-06-07 09:25:59,693.9,194032
2021-06-07 09:26:00,694.0,195143
2021-06-07 09:26:01,693.8,195229
2021-06-07 09:26:02,693.8,196280
2021-06-07 09:26:03,693.6,196580
2021-06-07 09:26:04,693.75,196599
2021-06-07 09:26:05,693.75,196654
2021-06-07 09:26:06,693.9,196674
2021-06-07 09:26:07,693.9,196674
2021-06-07 09:26:08,693.75,196820
2021-06-07 09:26:09,694.0,197254
2021-06-07 09:26:10,693.9,198446
2021-06-07 09:26:11,693.7,199997
2021-06-07 09:26:12,694.15,200265
2021-06-07 09:26:13,694.2,200877
2021-06-07 09:26:15,694.2,202038
2021-06-07 09:26:16,694.0,202548
2021-06-07 09:26:17,694.2,203449
2021-06-07 09:26:18,694.2,203449
2021-06-07 09:26:19,694.0,203499
2021-06-07 09:26:20,694.45,203781
2021-06-07 09:26:21,694.5,204661
2021-06-07 09:26:22,694.05,204761
2021-06-07 09:26:23,694.5,205161
2021-06-07 09:26:24,694.05,205266
2021-06-07 09:26:24,694.05,205266
2021-06-07 09:26:25,694.05,206026
2021-06-07 09:26:26,694.05,206026
2021-06-07 09:26:27,694.1,207737
2021-06-07 09:26:28,693.9,207891
2021-06-07 09:26:29,693.9,207896
2021-06-07 09:26:30,694.1,207993
2021-06-07 09:26:31,694.05,208233
2021-06-07 09:26:32,693.75,208260
2021-06-07 09:26:33,694.1,208360
2021-06-07 09:26:35,693.7,208530
2021-06-07 09:26:37,693.8,208590
2021-06-07 09:26:36,693.8,208590
2021-06-07 09:26:38,693.8,208593
2021-06-07 09:26:39,693.8,208612
2021-06-07 09:26:40,693.8,208635
2021-06-07 09:26:40,693.8,208635
2021-06-07 09:26:42,693.8,209197
2021-06-07 09:26:43,693.75,210361
2021-06-07 09:26:44,693.75,210361
2021-06-07 09:26:45,693.5,210474
2021-06-07 09:26:46,693.5,210881
2021-06-07 09:26:49,693.05,211212
2021-06-07 09:26:50,693.75,211312
2021-06-07 09:26:51,693.55,212162
2021-06-07 09:26:52,693.9,212186
2021-06-07 09:26:53,693.4,212426
2021-06-07 09:26:54,693.35,212476
2021-06-07 09:26:55,693.5,212480
2021-06-07 09:26:56,693.3,212486
2021-06-07 09:26:57,693.35,212658
2021-06-07 09:26:57,693.35,212658
2021-06-07 09:26:59,693.4,212693
2021-06-07 09:27:00,693.4,212693
2021-06-07 09:27:03,694.0,214277
2021-06-07 09:27:04,693.6,214797
2021-06-07 09:27:06,694.0,216197
2021-06-07 09:27:08,693.6,216207
2021-06-07 09:27:09,694.0,216213
2021-06-07 09:27:10,694.0,216221
2021-06-07 09:27:11,694.0,217241
2021-06-07 09:27:12,694.0,217261
2021-06-07 09:27:13,694.0,217333
2021-06-07 09:27:14,693.65,217335
2021-06-07 09:27:14,693.65,217335
2021-06-07 09:27:16,693.6,217552
2021-06-07 09:27:16,693.9,217652
2021-06-07 09:27:17,694.0,219002
2021-06-07 09:27:18,694.0,219010
2021-06-07 09:27:19,693.6,219120
2021-06-07 09:27:20,694.0,219149
2021-06-07 09:27:21,693.5,219165
2021-06-07 09:27:22,693.65,219366
2021-06-07 09:27:23,694.4,222216
2021-06-07 09:27:24,693.9,222816
2021-06-07 09:27:25,694.0,223358
2021-06-07 09:27:27,694.0,223462
2021-06-07 09:27:27,693.95,223475
2021-06-07 09:27:29,693.75,224325
2021-06-07 09:27:30,693.8,224425
2021-06-07 09:27:31,694.25,224482
2021-06-07 09:27:31,694.25,224482
2021-06-07 09:27:32,693.8,224488
2021-06-07 09:27:33,693.9,224793
2021-06-07 09:27:34,694.0,225018
2021-06-07 09:27:35,694.0,225018
2021-06-07 09:27:39,694.0,225293
2021-06-07 09:27:40,693.95,225421
2021-06-07 09:27:42,694.0,226100
2021-06-07 09:27:42,693.85,226154
2021-06-07 09:27:43,694.0,226304
2021-06-07 09:27:44,694.0,226304
2021-06-07 09:27:46,694.0,226404
2021-06-07 09:27:46,694.0,226438
2021-06-07 09:27:47,694.0,226688
2021-06-07 09:27:48,694.0,226725
2021-06-07 09:27:50,694.3,227807
2021-06-07 09:27:51,694.3,227807
2021-06-07 09:27:53,694.3,227807
2021-06-07 09:27:53,693.95,227859
2021-06-07 09:27:54,694.05,228520
2021-06-07 09:27:55,694.05,228520
2021-06-07 09:27:56,694.3,228555
2021-06-07 09:27:57,694.3,228600
2021-06-07 09:27:58,694.3,228603
2021-06-07 09:27:59,694.25,228613
2021-06-07 09:28:01,694.25,228633
2021-06-07 09:28:02,694.25,228741
2021-06-07 09:28:03,694.25,228741
2021-06-07 09:28:04,694.25,228741
2021-06-07 09:28:05,694.05,228891
2021-06-07 09:28:06,694.05,228891
2021-06-07 09:28:07,694.05,228891
2021-06-07 09:28:08,694.05,228991
2021-06-07 09:28:09,694.3,229208
2021-06-07 09:28:10,694.05,229308
2021-06-07 09:28:10,694.05,229308
2021-06-07 09:28:11,694.3,229344
2021-06-07 09:28:12,694.3,229346
2021-06-07 09:28:13,694.4,229664
2021-06-07 09:28:15,694.4,229875
2021-06-07 09:28:16,694.05,230540
2021-06-07 09:28:17,694.4,230750
2021-06-07 09:28:18,694.5,231386
2021-06-07 09:28:19,694.4,231397
2021-06-07 09:28:21,694.5,231833
2021-06-07 09:28:22,694.4,231938
2021-06-07 09:28:23,694.35,235417
2021-06-07 09:28:23,694.35,235417
2021-06-07 09:28:25,695.0,240670
2021-06-07 09:28:26,695.0,240755
2021-06-07 09:28:27,695.0,241176
2021-06-07 09:28:28,695.0,243729
2021-06-07 09:28:29,694.95,264466
2021-06-07 09:28:30,694.75,265452
2021-06-07 09:28:31,694.35,267931
2021-06-07 09:28:32,694.35,268056
2021-06-07 09:28:33,694.65,268186
2021-06-07 09:28:34,694.35,268266
2021-06-07 09:28:35,694.35,268699
2021-06-07 09:28:35,694.35,268699
2021-06-07 09:28:36,694.5,268719
2021-06-07 09:28:38,694.5,269449
2021-06-07 09:28:39,694.45,269569
2021-06-07 09:28:40,694.45,269570
2021-06-07 09:28:41,694.8,269771
2021-06-07 09:28:42,694.8,269891
2021-06-07 09:28:44,694.3,270180
2021-06-07 09:28:45,694.95,270246
2021-06-07 09:28:46,694.35,270376
2021-06-07 09:28:47,694.5,270386
2021-06-07 09:28:48,694.5,270687
2021-06-07 09:28:49,694.5,271091
2021-06-07 09:28:52,694.6,271105
2021-06-07 09:28:52,694.4,271321
2021-06-07 09:28:54,694.85,271348
2021-06-07 09:28:54,694.85,271352
2021-06-07 09:28:56,694.75,271675
2021-06-07 09:28:58,694.8,271687
2021-06-07 09:29:00,694.8,272096
2021-06-07 09:29:01,694.95,272223
2021-06-07 09:29:02,695.0,273224
2021-06-07 09:29:03,694.8,273726
2021-06-07 09:29:04,694.85,273862
2021-06-07 09:29:04,694.5,273974
2021-06-07 09:29:05,694.8,273977
2021-06-07 09:29:06,694.5,274066
2021-06-07 09:29:08,695.0,274095
2021-06-07 09:29:09,695.0,274142
2021-06-07 09:29:10,695.0,274143
2021-06-07 09:29:11,695.0,274146
2021-06-07 09:29:12,695.0,274248
2021-06-07 09:29:13,694.8,274767
2021-06-07 09:29:14,695.0,274844
2021-06-07 09:29:15,695.0,279219
2021-06-07 09:29:16,695.0,279406
2021-06-07 09:29:17,695.0,279657
2021-06-07 09:29:18,695.0,279668
2021-06-07 09:29:20,695.0,279825
2021-06-07 09:29:21,694.95,279848
2021-06-07 09:29:22,695.0,280477
2021-06-07 09:29:23,695.0,280477
2021-06-07 09:29:24,695.0,280880
2021-06-07 09:29:25,695.0,281053
2021-06-07 09:29:26,695.0,281055
2021-06-07 09:29:27,695.0,281305
2021-06-07 09:29:28,694.7,281777
2021-06-07 09:29:29,694.7,281929
2021-06-07 09:29:29,694.7,281929
2021-06-07 09:29:31,694.7,282028
2021-06-07 09:29:33,694.7,282583
2021-06-07 09:29:34,694.7,282614
2021-06-07 09:29:35,694.5,282798
2021-06-07 09:29:36,694.4,282848
2021-06-07 09:29:37,694.4,282950
2021-06-07 09:29:38,694.45,283001
2021-06-07 09:29:39,694.7,283004
2021-06-07 09:29:40,694.7,283084
2021-06-07 09:29:41,694.45,283858
2021-06-07 09:29:42,694.7,283861
2021-06-07 09:29:43,694.7,283905
2021-06-07 09:29:44,695.0,287141
2021-06-07 09:29:45,695.0,287153
2021-06-07 09:29:46,695.0,287155
2021-06-07 09:29:48,694.9,287618
2021-06-07 09:29:49,695.35,291724
2021-06-07 09:29:50,695.4,291827
2021-06-07 09:29:51,695.4,291909
2021-06-07 09:29:52,695.4,291921
2021-06-07 09:29:55,695.3,292542
2021-06-07 09:29:55,695.65,292573
2021-06-07 09:29:57,695.6,292752
2021-06-07 09:29:58,695.65,292898
2021-06-07 09:29:59,696.45,301643
2021-06-07 09:30:00,696.45,303562
2021-06-07 09:30:01,696.75,304574
2021-06-07 09:30:02,696.75,304837
2021-06-07 09:30:03,696.8,305099
2021-06-07 09:30:05,696.7,306661
2021-06-07 09:30:06,696.55,308034
2021-06-07 09:30:07,696.55,308037
2021-06-07 09:30:08,696.75,308280
2021-06-07 09:30:09,696.8,308433
2021-06-07 09:30:10,696.95,310181
2021-06-07 09:30:11,697.0,312420
2021-06-07 09:30:12,696.7,312652
2021-06-07 09:30:13,697.0,312859
2021-06-07 09:30:14,697.4,315669
2021-06-07 09:30:15,697.35,315675
2021-06-07 09:30:15,696.8,315733
2021-06-07 09:30:16,697.4,315860
2021-06-07 09:30:18,697.2,315886
2021-06-07 09:30:19,697.4,316204
2021-06-07 09:30:20,697.05,316348
2021-06-07 09:30:21,697.35,317074
2021-06-07 09:30:21,697.5,318432
2021-06-07 09:30:23,697.05,318438
2021-06-07 09:30:24,696.75,318445
2021-06-07 09:30:24,697.05,318549
2021-06-07 09:30:26,697.1,320330
2021-06-07 09:30:27,697.1,320552
2021-06-07 09:30:29,697.4,322349
2021-06-07 09:30:30,697.3,322364
2021-06-07 09:30:31,697.25,322850
2021-06-07 09:30:32,696.7,323361
2021-06-07 09:30:33,696.7,323395
2021-06-07 09:30:34,696.8,324282
2021-06-07 09:30:34,696.6,324211
2021-06-07 09:30:35,696.5,325247
2021-06-07 09:30:36,696.7,325520
2021-06-07 09:30:39,696.85,325969
2021-06-07 09:30:39,696.9,326020
2021-06-07 09:30:42,696.7,326341
2021-06-07 09:30:43,696.95,326462
2021-06-07 09:30:44,696.45,327248
2021-06-07 09:30:45,696.45,327296
2021-06-07 09:30:46,696.75,327581
2021-06-07 09:30:47,696.75,327707
2021-06-07 09:30:48,696.75,327844
2021-06-07 09:30:49,696.85,328330
2021-06-07 09:30:50,696.8,328358
2021-06-07 09:30:50,696.8,328358
2021-06-07 09:30:51,696.5,328516
2021-06-07 09:30:53,696.25,331548
2021-06-07 09:30:53,696.45,331652
2021-06-07 09:30:55,696.7,331909
2021-06-07 09:30:56,696.75,332298
2021-06-07 09:30:57,696.9,332528
2021-06-07 09:30:58,696.9,332669
2021-06-07 09:30:59,696.65,332860
2021-06-07 09:31:00,696.9,333550
2021-06-07 09:31:01,696.8,336582
2021-06-07 09:31:03,696.95,336634
2021-06-07 09:31:04,696.95,336656
2021-06-07 09:31:05,696.95,336823
2021-06-07 09:31:09,696.95,337229
2021-06-07 09:31:10,696.95,337231
2021-06-07 09:31:11,696.95,337233
2021-06-07 09:31:12,696.95,337338
2021-06-07 09:31:13,696.95,337340
2021-06-07 09:31:14,696.95,337793
2021-06-07 09:31:15,696.95,337810
2021-06-07 09:31:16,696.95,337873
2021-06-07 09:31:18,697.35,339801
2021-06-07 09:31:20,697.0,339983
2021-06-07 09:31:21,697.05,340210
2021-06-07 09:31:22,697.0,340279
2021-06-07 09:31:23,697.35,340281
2021-06-07 09:31:24,697.35,340332
2021-06-07 09:31:25,697.95,345213
2021-06-07 09:31:26,697.9,347413
2021-06-07 09:31:27,697.9,347455
2021-06-07 09:31:29,697.95,349048
2021-06-07 09:31:30,697.9,349405
2021-06-07 09:31:31,697.9,349897
2021-06-07 09:31:32,697.7,349940
2021-06-07 09:31:33,697.7,350017
2021-06-07 09:31:34,697.95,350287
2021-06-07 09:31:35,697.95,354609
2021-06-07 09:31:36,697.85,354967
2021-06-07 09:31:37,697.85,355033
2021-06-07 09:31:38,697.45,355676
2021-06-07 09:31:39,697.8,355678
2021-06-07 09:31:40,697.8,355692
2021-06-07 09:31:40,697.8,355692
2021-06-07 09:31:42,697.8,355702
2021-06-07 09:31:43,697.45,356048
2021-06-07 09:31:44,697.85,356148
2021-06-07 09:31:45,697.4,356764
2021-06-07 09:31:46,697.35,356790
2021-06-07 09:31:47,697.35,356818
2021-06-07 09:31:48,697.35,356827
2021-06-07 09:31:49,697.35,356978
2021-06-07 09:31:50,697.3,357434
2021-06-07 09:31:51,697.35,357461
2021-06-07 09:31:52,697.05,357514
2021-06-07 09:31:53,697.35,357641
2021-06-07 09:31:54,697.1,357674
2021-06-07 09:31:55,697.35,357736
2021-06-07 09:31:56,697.1,357852
2021-06-07 09:31:57,697.1,358010
2021-06-07 09:31:58,697.1,358087
2021-06-07 09:31:59,697.0,358262
2021-06-07 09:32:00,697.0,358292
2021-06-07 09:32:00,696.7,358353
2021-06-07 09:32:02,696.7,358474
2021-06-07 09:32:03,696.7,359698
2021-06-07 09:32:04,696.7,359700
2021-06-07 09:32:05,696.7,359702
2021-06-07 09:32:06,697.35,364078
2021-06-07 09:32:07,696.65,364158
2021-06-07 09:32:08,697.35,364168
2021-06-07 09:32:09,697.0,364306
2021-06-07 09:32:10,697.0,364342
2021-06-07 09:32:11,697.5,364900
2021-06-07 09:32:13,696.8,365300
2021-06-07 09:32:14,696.8,365355
2021-06-07 09:32:15,697.0,365474
2021-06-07 09:32:16,697.0,365474
2021-06-07 09:32:17,697.0,365536
2021-06-07 09:32:18,696.65,365574
2021-06-07 09:32:19,696.8,365606
2021-06-07 09:32:21,696.8,365611
2021-06-07 09:32:22,696.8,365818
2021-06-07 09:32:23,696.65,366067
2021-06-07 09:32:24,696.65,366277
2021-06-07 09:32:25,696.65,366289
2021-06-07 09:32:26,696.5,366341
2021-06-07 09:32:27,696.4,366843
2021-06-07 09:32:29,696.65,366876
2021-06-07 09:32:30,696.65,366883
2021-06-07 09:32:31,696.8,367414
2021-06-07 09:32:32,696.8,369202
2021-06-07 09:32:33,696.8,369334
2021-06-07 09:32:36,696.75,370584
2021-06-07 09:32:37,696.8,370586
2021-06-07 09:32:39,696.8,370816
2021-06-07 09:32:38,696.8,370790
2021-06-07 09:32:40,696.8,371123
2021-06-07 09:32:41,696.4,371225
2021-06-07 09:32:42,696.75,371235
2021-06-07 09:32:43,696.5,371262
2021-06-07 09:32:44,696.5,371270
2021-06-07 09:32:46,696.65,371647
2021-06-07 09:32:47,696.8,371688
2021-06-07 09:32:48,697.0,373138
2021-06-07 09:32:49,697.0,373469
2021-06-07 09:32:50,697.0,373670
2021-06-07 09:32:51,697.0,373701
2021-06-07 09:32:52,696.95,373733
2021-06-07 09:32:53,696.95,373740
2021-06-07 09:32:54,697.0,373957
2021-06-07 09:32:55,697.35,375436
2021-06-07 09:32:56,697.6,378665
2021-06-07 09:32:57,697.6,378670
2021-06-07 09:32:58,697.85,378741
2021-06-07 09:32:59,697.8,378978
2021-06-07 09:33:01,697.75,379138
2021-06-07 09:33:02,697.75,379215
2021-06-07 09:33:03,697.65,379717
2021-06-07 09:33:04,697.75,380085
2021-06-07 09:33:05,697.5,380396
2021-06-07 09:33:06,697.6,381073
2021-06-07 09:33:07,697.6,381125
2021-06-07 09:33:08,697.6,381627
2021-06-07 09:33:09,697.55,381704
2021-06-07 09:33:10,697.55,381706
2021-06-07 09:33:11,697.55,381777
2021-06-07 09:33:12,697.65,381835
2021-06-07 09:33:13,697.9,383704
2021-06-07 09:33:14,698.0,387258
2021-06-07 09:33:15,697.85,387485
2021-06-07 09:33:16,698.0,388279
2021-06-07 09:33:17,698.0,388288
2021-06-07 09:33:18,698.0,388361
2021-06-07 09:33:19,698.1,398215
2021-06-07 09:33:20,698.2,398866
2021-06-07 09:33:21,698.35,398883
2021-06-07 09:33:22,698.7,399524
2021-06-07 09:33:23,698.55,400343
2021-06-07 09:33:24,698.55,400548
2021-06-07 09:33:25,698.9,400764
2021-06-07 09:33:26,698.9,400770
2021-06-07 09:33:27,698.9,401180
2021-06-07 09:33:28,698.5,401463
2021-06-07 09:33:29,699.0,402865
2021-06-07 09:33:30,699.0,403492
2021-06-07 09:33:31,698.85,403522
2021-06-07 09:33:32,698.85,403924
2021-06-07 09:33:33,698.85,404304
2021-06-07 09:33:35,698.5,405374
2021-06-07 09:33:36,698.5,405589
2021-06-07 09:33:37,698.5,406053
2021-06-07 09:33:38,698.55,406153
2021-06-07 09:33:39,698.35,406388
2021-06-07 09:33:40,698.1,408611
2021-06-07 09:33:41,698.25,408777
2021-06-07 09:33:42,698.55,408862
2021-06-07 09:33:43,698.8,409999
2021-06-07 09:33:44,698.55,410049
2021-06-07 09:33:45,698.5,410203
2021-06-07 09:33:46,698.65,410638
2021-06-07 09:33:47,698.1,413207
2021-06-07 09:33:48,698.55,413413
2021-06-07 09:33:49,698.9,414780
2021-06-07 09:33:50,698.55,416177
2021-06-07 09:33:51,698.75,416944
2021-06-07 09:33:52,698.65,418826
2021-06-07 09:33:53,698.85,425646
2021-06-07 09:33:54,699.1,425734
2021-06-07 09:33:55,699.6,429965
2021-06-07 09:33:56,700.0,443158
2021-06-07 09:33:57,700.3,475099
2021-06-07 09:33:58,700.5,477332
2021-06-07 09:34:00,700.5,478223
2021-06-07 09:34:02,700.95,479565
2021-06-07 09:34:03,700.7,480015
2021-06-07 09:34:04,700.95,482081
2021-06-07 09:34:05,700.8,483001
2021-06-07 09:34:06,701.0,487171
2021-06-07 09:34:07,701.7,494503
2021-06-07 09:34:08,701.15,495975
2021-06-07 09:34:09,701.7,496907
2021-06-07 09:34:12,701.5,501770
2021-06-07 09:34:13,701.75,502651
2021-06-07 09:34:14,701.55,502963
2021-06-07 09:34:15,702.0,506068
2021-06-07 09:34:16,701.4,506480
2021-06-07 09:34:17,701.3,510868
2021-06-07 09:34:18,701.3,518014
2021-06-07 09:34:19,701.4,518606
2021-06-07 09:34:20,701.05,522007
2021-06-07 09:34:21,701.1,523067
2021-06-07 09:34:22,701.6,523786
2021-06-07 09:34:23,701.4,524587
2021-06-07 09:34:24,701.4,525278
2021-06-07 09:34:25,701.0,526319
2021-06-07 09:34:26,701.4,526339
2021-06-07 09:34:27,701.25,528900
2021-06-07 09:34:28,701.2,529492
2021-06-07 09:34:29,701.1,530429
2021-06-07 09:34:30,701.25,532800
2021-06-07 09:34:31,701.0,533311
2021-06-07 09:34:32,700.6,533628
2021-06-07 09:34:33,700.3,537432
2021-06-07 09:34:34,700.1,537990
2021-06-07 09:34:35,700.05,539037
2021-06-07 09:34:36,700.05,539710
2021-06-07 09:34:37,700.0,541064
2021-06-07 09:34:38,699.45,544834
2021-06-07 09:34:39,699.3,546399
2021-06-07 09:34:40,699.55,547067
2021-06-07 09:34:41,700.05,547267
2021-06-07 09:34:43,700.6,549682
2021-06-07 09:34:45,700.0,550498
2021-06-07 09:34:45,700.1,550963
2021-06-07 09:34:46,700.45,552177
2021-06-07 09:34:47,700.35,552505
2021-06-07 09:34:49,700.15,552839
2021-06-07 09:34:50,700.55,553964
2021-06-07 09:34:51,700.3,554554
2021-06-07 09:34:52,700.3,554814
2021-06-07 09:34:53,700.9,555045
2021-06-07 09:34:54,700.9,555602
2021-06-07 09:34:55,701.8,563380
2021-06-07 09:34:56,701.5,564123
2021-06-07 09:34:57,701.8,564948
2021-06-07 09:34:59,701.25,566631
2021-06-07 09:35:00,701.55,567171
2021-06-07 09:35:01,701.75,567819
2021-06-07 09:35:02,701.5,568263
2021-06-07 09:35:03,702.0,568970
2021-06-07 09:35:04,701.45,569681
2021-06-07 09:35:05,701.85,572212
2021-06-07 09:35:06,701.9,573519
2021-06-07 09:35:07,701.55,574659
2021-06-07 09:35:08,703.25,582645
2021-06-07 09:35:09,702.3,583289
2021-06-07 09:35:10,702.35,583854
2021-06-07 09:35:11,702.95,585478
2021-06-07 09:35:12,702.75,586407
2021-06-07 09:35:13,702.9,588870
2021-06-07 09:35:14,702.55,590432
2021-06-07 09:35:15,702.65,590717
2021-06-07 09:35:16,702.8,597718
2021-06-07 09:35:17,703.3,599287
2021-06-07 09:35:18,703.45,600711
2021-06-07 09:35:19,703.05,601346
2021-06-07 09:35:20,703.0,603543
2021-06-07 09:35:21,703.45,603950
2021-06-07 09:35:22,703.4,604539
2021-06-07 09:35:23,703.15,606488
2021-06-07 09:35:24,703.45,608188
2021-06-07 09:35:25,703.4,608803
2021-06-07 09:35:26,703.4,608960
2021-06-07 09:35:27,703.7,611505
2021-06-07 09:35:28,703.4,612114
2021-06-07 09:35:29,703.45,613429
2021-06-07 09:35:30,703.45,614167
2021-06-07 09:35:31,703.85,614797
2021-06-07 09:35:32,703.95,617275
2021-06-07 09:35:33,704.0,620068
2021-06-07 09:35:34,703.65,622436
2021-06-07 09:35:36,703.85,625208
2021-06-07 09:35:37,704.45,629796
2021-06-07 09:35:39,704.25,631744
2021-06-07 09:35:40,704.2,634303
2021-06-07 09:35:41,704.05,639904
2021-06-07 09:35:42,704.5,642194
2021-06-07 09:35:43,704.15,643950
2021-06-07 09:35:44,704.0,644752
2021-06-07 09:35:45,704.1,651594
2021-06-07 09:35:46,703.6,653215
2021-06-07 09:35:48,703.4,655679
2021-06-07 09:35:49,703.35,656446
2021-06-07 09:35:51,703.4,658867
2021-06-07 09:35:52,703.05,659027
2021-06-07 09:35:53,703.15,676629
2021-06-07 09:35:54,702.45,676817
2021-06-07 09:35:55,702.55,678491
2021-06-07 09:35:56,702.5,678865
2021-06-07 09:35:57,702.8,680568
2021-06-07 09:35:58,701.85,681799
2021-06-07 09:35:59,702.4,683198
2021-06-07 09:36:00,703.15,683668
2021-06-07 09:36:01,703.1,685728
2021-06-07 09:36:02,703.3,686152
2021-06-07 09:36:03,702.7,687882
2021-06-07 09:36:04,702.7,689840
2021-06-07 09:36:05,703.1,690245
2021-06-07 09:36:06,702.35,691055
2021-06-07 09:36:07,702.8,691400
2021-06-07 09:36:08,703.5,698924
2021-06-07 09:36:09,703.25,701298
2021-06-07 09:36:10,703.45,703385
2021-06-07 09:36:11,702.9,704387
2021-06-07 09:36:12,703.9,707246
2021-06-07 09:36:13,703.5,708661
2021-06-07 09:36:14,703.35,708922
2021-06-07 09:36:15,703.65,709410
2021-06-07 09:36:17,704.2,713023
2021-06-07 09:36:18,703.75,713423
2021-06-07 09:36:19,704.0,715544
2021-06-07 09:36:19,704.5,718718
2021-06-07 09:36:20,704.35,719026
2021-06-07 09:36:21,704.3,720221
2021-06-07 09:36:22,704.55,724960
2021-06-07 09:36:25,705.1,739742
2021-06-07 09:36:24,704.8,732695
2021-06-07 09:36:26,704.95,740692
2021-06-07 09:36:27,704.9,741284
2021-06-07 09:36:28,705.0,742657
2021-06-07 09:36:29,704.95,743348
2021-06-07 09:36:30,705.0,743549
2021-06-07 09:36:31,704.8,745084
2021-06-07 09:36:32,705.4,745463
2021-06-07 09:36:33,706.5,750125
2021-06-07 09:36:34,706.3,752737
2021-06-07 09:36:35,706.3,754759
2021-06-07 09:36:37,706.2,755803
2021-06-07 09:36:39,706.15,756576
2021-06-07 09:36:42,706.15,764456
2021-06-07 09:36:44,705.65,765542
2021-06-07 09:36:45,705.9,767833
2021-06-07 09:36:45,705.9,767833
2021-06-07 09:36:46,705.6,768123
2021-06-07 09:36:47,706.25,771423
2021-06-07 09:36:48,705.7,772041
2021-06-07 09:36:49,705.65,773799
2021-06-07 09:36:50,706.0,774320
2021-06-07 09:36:51,706.0,774629
2021-06-07 09:36:52,705.7,775220
2021-06-07 09:36:54,705.65,777106
2021-06-07 09:36:56,705.35,778949
2021-06-07 09:36:57,705.65,779416
2021-06-07 09:36:58,705.4,779701
2021-06-07 09:36:59,705.8,781320
2021-06-07 09:37:00,705.7,781766
2021-06-07 09:37:01,705.6,782666
2021-06-07 09:37:02,705.15,783764
2021-06-07 09:37:03,705.65,785684
2021-06-07 09:37:04,705.3,786102
2021-06-07 09:37:05,705.3,786533
2021-06-07 09:37:06,705.4,787626
2021-06-07 09:37:07,705.3,788843
2021-06-07 09:37:08,705.1,790324
2021-06-07 09:37:08,705.1,790326
2021-06-07 09:37:09,705.1,790887
2021-06-07 09:37:10,704.95,795883
2021-06-07 09:37:11,705.05,796351
2021-06-07 09:37:13,704.55,797874
2021-06-07 09:37:15,704.0,801410
2021-06-07 09:37:16,705.15,803852
2021-06-07 09:37:17,704.5,805853
2021-06-07 09:37:17,705.2,804653
2021-06-07 09:37:18,704.85,807738
2021-06-07 09:37:19,704.9,808339
2021-06-07 09:37:20,704.4,808685
2021-06-07 09:37:21,704.8,808935
2021-06-07 09:37:22,704.2,812800
2021-06-07 09:37:23,704.7,813255
2021-06-07 09:37:24,704.8,813268
2021-06-07 09:37:26,704.7,813538
2021-06-07 09:37:26,704.7,813898
2021-06-07 09:37:27,704.85,814770
2021-06-07 09:37:28,704.45,815580
2021-06-07 09:37:30,705.5,816791
2021-06-07 09:37:31,705.35,816925
2021-06-07 09:37:31,705.35,816925
2021-06-07 09:37:32,705.4,818453
2021-06-07 09:37:33,705.05,818682
2021-06-07 09:37:34,705.35,824379
2021-06-07 09:37:36,705.75,825161
2021-06-07 09:37:37,705.65,825406
2021-06-07 09:37:38,705.65,825887
2021-06-07 09:37:39,705.5,826289
2021-06-07 09:37:40,705.0,827114
2021-06-07 09:37:41,705.05,827344
2021-06-07 09:37:42,705.25,828507
2021-06-07 09:37:43,705.6,829704
2021-06-07 09:37:43,705.6,829704
2021-06-07 09:37:44,705.6,830581
2021-06-07 09:37:45,706.0,831767
2021-06-07 09:37:46,706.0,836403
2021-06-07 09:37:47,706.0,837575
2021-06-07 09:37:48,706.05,838277
2021-06-07 09:37:49,706.45,838396
2021-06-07 09:37:50,706.0,840033
2021-06-07 09:37:51,705.4,841054
2021-06-07 09:37:52,705.15,849691
2021-06-07 09:37:53,705.35,850260
2021-06-07 09:37:54,705.3,850450
2021-06-07 09:37:55,705.2,850728
2021-06-07 09:37:56,705.35,851918
2021-06-07 09:37:57,705.15,852460
2021-06-07 09:37:59,705.0,853593
2021-06-07 09:38:00,705.2,854711
2021-06-07 09:38:02,705.3,855457
2021-06-07 09:38:03,705.15,856220
2021-06-07 09:38:04,705.0,857565
2021-06-07 09:38:05,705.3,857647
2021-06-07 09:38:06,705.15,858827
2021-06-07 09:38:07,705.0,859186
2021-06-07 09:38:08,704.95,859440
2021-06-07 09:38:09,704.45,859975
2021-06-07 09:38:10,704.5,860237
2021-06-07 09:38:11,704.55,860343
2021-06-07 09:38:12,705.0,860943
2021-06-07 09:38:13,704.45,861082
2021-06-07 09:38:15,704.45,861859
2021-06-07 09:38:15,704.45,861848
2021-06-07 09:38:16,704.8,862337
2021-06-07 09:38:17,704.45,866109
2021-06-07 09:38:18,704.5,866544
2021-06-07 09:38:19,704.5,866768
2021-06-07 09:38:20,704.55,866946
2021-06-07 09:38:21,704.55,867192
2021-06-07 09:38:22,704.55,867725
2021-06-07 09:38:23,704.75,869642
2021-06-07 09:38:25,704.95,869754
2021-06-07 09:38:26,704.75,870081
2021-06-07 09:38:27,704.7,871174
2021-06-07 09:38:27,705.15,871177
2021-06-07 09:38:28,705.35,874552
2021-06-07 09:38:29,705.75,875131
2021-06-07 09:38:30,705.35,875800
2021-06-07 09:38:31,705.35,876665
2021-06-07 09:38:32,705.35,876824
2021-06-07 09:38:33,705.4,876924
2021-06-07 09:38:34,705.9,877209
2021-06-07 09:38:36,705.5,877498
2021-06-07 09:38:37,705.6,877679
2021-06-07 09:38:39,705.15,878919
2021-06-07 09:38:40,705.2,879149
2021-06-07 09:38:41,705.1,879852
2021-06-07 09:38:42,705.0,879878
2021-06-07 09:38:43,705.15,880510
2021-06-07 09:38:43,705.45,880515
2021-06-07 09:38:45,705.0,882876
2021-06-07 09:38:46,705.2,883701
2021-06-07 09:38:47,705.0,883839
2021-06-07 09:38:48,704.8,891569
2021-06-07 09:38:49,704.7,892601
2021-06-07 09:38:50,704.85,893078
2021-06-07 09:38:51,704.55,893126
2021-06-07 09:38:52,704.75,893833
2021-06-07 09:38:54,704.15,894921
2021-06-07 09:38:55,704.7,895022
2021-06-07 09:38:56,704.7,895082
2021-06-07 09:38:57,704.4,895471
2021-06-07 09:38:58,704.3,897848
2021-06-07 09:39:00,704.0,901484
2021-06-07 09:39:00,703.85,901732
2021-06-07 09:39:01,703.8,902045
2021-06-07 09:39:03,703.55,902325
2021-06-07 09:39:04,703.5,903051
2021-06-07 09:39:05,703.15,903060
2021-06-07 09:39:06,703.15,903280
2021-06-07 09:39:07,702.95,911593
2021-06-07 09:39:08,702.8,913183
2021-06-07 09:39:09,703.4,913960
2021-06-07 09:39:10,703.55,915704
2021-06-07 09:39:11,703.1,916123
2021-06-07 09:39:13,703.4,916563
2021-06-07 09:39:14,703.45,916737
2021-06-07 09:39:15,703.5,917299
2021-06-07 09:39:16,703.55,918374
2021-06-07 09:39:17,703.0,919174
2021-06-07 09:39:17,703.0,919174
2021-06-07 09:39:19,703.0,919417
2021-06-07 09:39:20,703.35,919662
2021-06-07 09:39:21,703.7,919978
2021-06-07 09:39:21,705.0,922153
2021-06-07 09:39:22,704.25,922204
2021-06-07 09:39:23,704.3,922367
2021-06-07 09:39:25,704.8,922446
2021-06-07 09:39:27,704.2,927094
2021-06-07 09:39:28,703.95,927572
2021-06-07 09:39:29,704.0,928673
2021-06-07 09:39:30,703.35,928684
2021-06-07 09:39:31,703.05,929397
2021-06-07 09:39:32,703.4,929762
2021-06-07 09:39:33,703.65,931683
2021-06-07 09:39:33,703.65,931683
2021-06-07 09:39:34,704.15,932554
2021-06-07 09:39:35,704.4,933049
2021-06-07 09:39:36,704.4,933073
2021-06-07 09:39:37,703.95,934195
2021-06-07 09:39:39,703.6,934233
2021-06-07 09:39:40,703.8,934535
2021-06-07 09:39:41,703.6,934769
2021-06-07 09:39:41,703.8,934784
2021-06-07 09:39:42,703.7,937893
2021-06-07 09:39:43,704.0,937902
2021-06-07 09:39:45,704.0,938973
2021-06-07 09:39:48,703.95,940065
2021-06-07 09:39:48,703.95,940065
2021-06-07 09:39:49,703.85,940126
2021-06-07 09:39:50,703.6,940171
2021-06-07 09:39:51,703.45,940546
2021-06-07 09:39:52,703.5,941594
2021-06-07 09:39:55,703.45,942837
2021-06-07 09:39:55,703.05,942949
2021-06-07 09:39:56,703.05,943172
2021-06-07 09:39:58,703.0,943284
2021-06-07 09:40:00,703.1,944033
2021-06-07 09:40:00,703.1,944033
2021-06-07 09:40:01,703.1,944102
2021-06-07 09:40:02,703.1,944366
2021-06-07 09:40:03,703.4,944784
2021-06-07 09:40:05,703.0,945625
2021-06-07 09:40:06,703.05,947586
2021-06-07 09:40:07,702.95,948932
2021-06-07 09:40:08,703.0,949340
2021-06-07 09:40:09,703.0,949985
2021-06-07 09:40:10,703.15,950214
2021-06-07 09:40:11,703.05,950824
2021-06-07 09:40:12,703.15,950942
2021-06-07 09:40:13,703.0,951004
2021-06-07 09:40:14,702.7,951154
2021-06-07 09:40:15,702.55,951793
2021-06-07 09:40:16,702.95,951840
2021-06-07 09:40:17,702.5,951869
2021-06-07 09:40:18,702.7,952083
2021-06-07 09:40:18,702.7,952104
2021-06-07 09:40:19,702.8,952396
2021-06-07 09:40:20,702.85,954423
2021-06-07 09:40:21,702.5,955118
2021-06-07 09:40:22,702.85,955762
2021-06-07 09:40:24,702.4,956145
2021-06-07 09:40:25,702.45,956966
2021-06-07 09:40:26,702.75,957507
2021-06-07 09:40:27,702.35,957560
2021-06-07 09:40:27,702.5,957568
2021-06-07 09:40:28,702.35,957592
2021-06-07 09:40:29,702.35,957826
2021-06-07 09:40:30,702.75,958569
2021-06-07 09:40:32,702.6,960745
2021-06-07 09:40:33,702.75,962077
2021-06-07 09:40:35,702.1,962640
2021-06-07 09:40:36,702.1,962653
2021-06-07 09:40:37,702.2,965328
2021-06-07 09:40:38,702.2,965354
2021-06-07 09:40:39,702.1,965417
2021-06-07 09:40:40,702.1,965683
2021-06-07 09:40:42,702.0,967041
2021-06-07 09:40:43,702.0,971708
2021-06-07 09:40:44,701.4,973626
2021-06-07 09:40:45,701.55,974524
2021-06-07 09:40:45,701.6,975992
2021-06-07 09:40:46,702.5,981781
2021-06-07 09:40:47,702.75,983182
2021-06-07 09:40:49,703.4,988939
2021-06-07 09:40:49,703.7,989064
2021-06-07 09:40:52,703.55,990868
2021-06-07 09:40:53,703.5,991184
2021-06-07 09:40:53,703.5,991184
2021-06-07 09:40:55,703.4,991436
2021-06-07 09:40:56,703.3,992204
2021-06-07 09:40:57,703.8,992857
2021-06-07 09:40:58,703.75,994124
2021-06-07 09:40:59,703.8,994804
2021-06-07 09:41:02,703.5,995784
2021-06-07 09:41:03,703.35,996557
2021-06-07 09:41:04,703.5,996566
2021-06-07 09:41:05,703.4,997045
2021-06-07 09:41:05,703.4,997045
2021-06-07 09:41:07,703.0,997633
2021-06-07 09:41:08,702.55,998903
2021-06-07 09:41:09,702.75,998923
2021-06-07 09:41:10,702.5,999499
2021-06-07 09:41:10,702.85,999539
2021-06-07 09:41:12,702.95,999540
2021-06-07 09:41:13,703.55,1003724
2021-06-07 09:41:14,703.3,1004166
2021-06-07 09:41:15,703.3,1004407
2021-06-07 09:41:16,703.15,1005830
2021-06-07 09:41:17,703.5,1006161
2021-06-07 09:41:17,703.5,1006161
2021-06-07 09:41:19,703.65,1006259
2021-06-07 09:41:20,703.3,1006459
2021-06-07 09:41:21,703.55,1006551
2021-06-07 09:41:22,703.65,1006951
2021-06-07 09:41:23,703.55,1007301
2021-06-07 09:41:24,703.3,1007305
2021-06-07 09:41:24,703.3,1007305
2021-06-07 09:41:25,703.4,1007428
2021-06-07 09:41:27,703.4,1007666
2021-06-07 09:41:28,703.4,1007822
2021-06-07 09:41:29,703.45,1007987
2021-06-07 09:41:30,703.4,1008240
2021-06-07 09:41:30,703.5,1008740
2021-06-07 09:41:31,703.0,1008849
2021-06-07 09:41:33,703.45,1009534
2021-06-07 09:41:34,703.5,1009784
2021-06-07 09:41:35,703.0,1010069
2021-06-07 09:41:36,702.95,1010136
2021-06-07 09:41:37,702.85,1010144
2021-06-07 09:41:37,702.85,1010144
2021-06-07 09:41:39,703.4,1011291
2021-06-07 09:41:41,702.8,1011347
2021-06-07 09:41:42,703.15,1011499
2021-06-07 09:41:43,703.05,1011706
2021-06-07 09:41:43,703.05,1011706
2021-06-07 09:41:45,702.7,1011708
2021-06-07 09:41:46,702.8,1011954
2021-06-07 09:41:47,702.95,1012154
2021-06-07 09:41:48,702.2,1012375
2021-06-07 09:41:49,702.35,1013356
2021-06-07 09:41:49,702.85,1013456
2021-06-07 09:41:51,702.4,1013947
2021-06-07 09:41:52,702.7,1015357
2021-06-07 09:41:53,702.7,1015364
2021-06-07 09:41:54,702.25,1015495
2021-06-07 09:41:55,702.65,1015540
2021-06-07 09:41:56,702.5,1015655
2021-06-07 09:41:57,702.35,1015680
2021-06-07 09:41:58,702.3,1015747
2021-06-07 09:41:59,702.3,1015847
2021-06-07 09:42:00,702.2,1016225
2021-06-07 09:42:02,702.05,1017520
2021-06-07 09:42:02,702.05,1017520
2021-06-07 09:42:04,702.05,1017820
2021-06-07 09:42:05,702.45,1018391
2021-06-07 09:42:06,702.0,1019140
2021-06-07 09:42:07,702.5,1019397
2021-06-07 09:42:08,702.1,1019670
2021-06-07 09:42:09,702.15,1020277
2021-06-07 09:42:10,702.95,1023055
2021-06-07 09:42:11,702.6,1023070
2021-06-07 09:42:12,702.25,1023108
2021-06-07 09:42:13,702.25,1023111
2021-06-07 09:42:13,702.55,1023211
2021-06-07 09:42:15,702.45,1025337
2021-06-07 09:42:16,702.0,1025507
2021-06-07 09:42:17,702.05,1025582
2021-06-07 09:42:18,702.5,1025748
2021-06-07 09:42:19,702.5,1025963
2021-06-07 09:42:20,702.15,1026032
2021-06-07 09:42:20,702.15,1026032
2021-06-07 09:42:22,702.15,1026253
2021-06-07 09:42:23,702.15,1026255
2021-06-07 09:42:24,702.55,1026334
2021-06-07 09:42:25,702.25,1026359
2021-06-07 09:42:26,702.25,1026659
2021-06-07 09:42:27,702.15,1026725
2021-06-07 09:42:28,702.65,1026925
2021-06-07 09:42:28,702.65,1026925
2021-06-07 09:42:30,702.55,1027516
2021-06-07 09:42:31,702.0,1027631
2021-06-07 09:42:32,702.55,1027735
2021-06-07 09:42:33,702.2,1027757
2021-06-07 09:42:34,702.1,1028007
2021-06-07 09:42:35,702.2,1028064
2021-06-07 09:42:35,702.2,1028064
2021-06-07 09:42:36,702.55,1028135
2021-06-07 09:42:38,702.15,1028350
2021-06-07 09:42:39,702.05,1029018
2021-06-07 09:42:40,702.5,1029029
2021-06-07 09:42:41,702.5,1029085
2021-06-07 09:42:42,702.45,1029276
2021-06-07 09:42:43,702.1,1029698
2021-06-07 09:42:44,702.2,1030021
2021-06-07 09:42:45,702.35,1030834
2021-06-07 09:42:46,702.35,1031029
2021-06-07 09:42:46,702.05,1030928
2021-06-07 09:42:48,702.0,1031275
2021-06-07 09:42:49,702.4,1031356
2021-06-07 09:42:50,702.0,1031372
2021-06-07 09:42:51,702.4,1032582
2021-06-07 09:42:52,702.0,1032682
2021-06-07 09:42:53,702.0,1032714
2021-06-07 09:42:53,702.0,1032714
2021-06-07 09:42:54,702.0,1032820
2021-06-07 09:42:55,702.35,1032920
2021-06-07 09:42:57,702.45,1033220
2021-06-07 09:42:58,702.2,1033306
2021-06-07 09:42:59,702.45,1033326
2021-06-07 09:43:00,701.35,1034547
2021-06-07 09:43:01,701.7,1035897
2021-06-07 09:43:02,701.65,1036016
2021-06-07 09:43:03,701.2,1036300
2021-06-07 09:43:04,701.2,1036310
2021-06-07 09:43:05,701.1,1036882
2021-06-07 09:43:06,700.6,1042287
2021-06-07 09:43:07,700.45,1043407
2021-06-07 09:43:08,700.45,1044209
2021-06-07 09:43:09,700.4,1044506
2021-06-07 09:43:10,700.4,1044506
2021-06-07 09:43:11,700.45,1045288
2021-06-07 09:43:12,700.7,1045820
2021-06-07 09:43:13,700.6,1046428
2021-06-07 09:43:15,701.0,1047376
2021-06-07 09:43:16,701.0,1047376
2021-06-07 09:43:17,700.95,1047604
2021-06-07 09:43:18,700.85,1048941
2021-06-07 09:43:19,700.6,1048990
2021-06-07 09:43:20,700.95,1049060
2021-06-07 09:43:21,700.95,1049082
2021-06-07 09:43:22,700.55,1049158
2021-06-07 09:43:23,700.55,1049350
2021-06-07 09:43:24,700.95,1049365
2021-06-07 09:43:25,700.95,1052312
2021-06-07 09:43:26,700.95,1052400
2021-06-07 09:43:27,700.95,1052625
2021-06-07 09:43:28,701.0,1053680
2021-06-07 09:43:29,701.35,1053978
2021-06-07 09:43:30,701.0,1054018
2021-06-07 09:43:31,701.35,1054592
2021-06-07 09:43:32,700.6,1054728
2021-06-07 09:43:33,701.0,1054988
2021-06-07 09:43:34,701.3,1055076
2021-06-07 09:43:35,700.85,1056130
2021-06-07 09:43:36,700.85,1056210
2021-06-07 09:43:37,701.25,1056425
2021-06-07 09:43:38,701.0,1056437
2021-06-07 09:43:39,700.85,1056460
2021-06-07 09:43:40,701.0,1057147
2021-06-07 09:43:41,701.0,1057664
2021-06-07 09:43:42,701.0,1057664
2021-06-07 09:43:43,701.0,1057678
2021-06-07 09:43:44,701.0,1057678
2021-06-07 09:43:45,701.0,1057909
2021-06-07 09:43:46,701.0,1058149
2021-06-07 09:43:47,700.95,1058159
2021-06-07 09:43:48,700.65,1058406
2021-06-07 09:43:49,701.0,1058485
2021-06-07 09:43:50,701.0,1058733
2021-06-07 09:43:51,701.0,1058753
2021-06-07 09:43:52,700.6,1059183
2021-06-07 09:43:53,701.0,1059306
2021-06-07 09:43:54,700.65,1059541
2021-06-07 09:43:55,701.0,1059571
2021-06-07 09:43:56,701.0,1060858
2021-06-07 09:43:57,701.3,1061298
2021-06-07 09:43:58,701.3,1061298
2021-06-07 09:43:59,701.4,1061378
2021-06-07 09:44:00,700.95,1061425
2021-06-07 09:44:01,701.4,1061445
2021-06-07 09:44:02,701.0,1062376
2021-06-07 09:44:03,701.4,1062642
2021-06-07 09:44:04,701.85,1063608
2021-06-07 09:44:05,701.3,1063768
2021-06-07 09:44:06,702.0,1064582
2021-06-07 09:44:08,701.55,1065304
2021-06-07 09:44:09,701.55,1065304
2021-06-07 09:44:10,701.95,1065328
2021-06-07 09:44:11,702.0,1065347
2021-06-07 09:44:12,702.0,1066540
2021-06-07 09:44:13,701.75,1066882
2021-06-07 09:44:14,702.0,1067106
2021-06-07 09:44:16,702.3,1067212
2021-06-07 09:44:17,702.0,1067240
2021-06-07 09:44:18,702.0,1067430
2021-06-07 09:44:19,702.0,1067547
2021-06-07 09:44:20,702.4,1067749
2021-06-07 09:44:21,702.5,1067954
2021-06-07 09:44:22,702.45,1068008
2021-06-07 09:44:23,702.0,1068056
2021-06-07 09:44:24,702.45,1068487
2021-06-07 09:44:25,702.45,1068791
2021-06-07 09:44:27,702.0,1068846
2021-06-07 09:44:26,702.0,1068846
2021-06-07 09:44:28,702.45,1069346
2021-06-07 09:44:29,702.4,1069633
2021-06-07 09:44:30,702.0,1069673
2021-06-07 09:44:31,702.5,1074515
2021-06-07 09:44:32,702.3,1074716
2021-06-07 09:44:34,702.5,1075295
2021-06-07 09:44:35,702.8,1076439
2021-06-07 09:44:36,702.8,1076489
2021-06-07 09:44:37,702.55,1077283
2021-06-07 09:44:38,703.0,1077518
2021-06-07 09:44:39,702.6,1077598
2021-06-07 09:44:40,702.6,1078488
2021-06-07 09:44:41,703.0,1078588
2021-06-07 09:44:42,703.0,1078673
2021-06-07 09:44:43,702.6,1078964
2021-06-07 09:44:44,703.0,1079211
2021-06-07 09:44:45,702.95,1079751
2021-06-07 09:44:46,702.55,1080010
2021-06-07 09:44:47,703.0,1080410
2021-06-07 09:44:48,703.0,1081042
2021-06-07 09:44:49,703.0,1081057
2021-06-07 09:44:50,702.6,1081129
2021-06-07 09:44:51,702.55,1081285
2021-06-07 09:44:52,703.0,1081379
2021-06-07 09:44:53,703.0,1081400
2021-06-07 09:44:54,703.0,1081416
2021-06-07 09:44:55,703.0,1081526
2021-06-07 09:44:56,703.0,1081667
2021-06-07 09:44:57,702.7,1081768
2021-06-07 09:44:58,703.0,1083443
2021-06-07 09:44:59,703.0,1086277
2021-06-07 09:45:00,703.25,1087427
2021-06-07 09:45:01,703.0,1087453
2021-06-07 09:45:02,703.05,1087533
2021-06-07 09:45:03,703.5,1087951
2021-06-07 09:45:04,703.5,1087951
2021-06-07 09:45:05,703.5,1088199
2021-06-07 09:45:06,703.55,1088764
2021-06-07 09:45:07,703.5,1089032
2021-06-07 09:45:09,703.65,1089587
2021-06-07 09:45:09,703.65,1089587
2021-06-07 09:45:10,703.65,1089703
2021-06-07 09:45:11,703.7,1089862
2021-06-07 09:45:12,703.65,1090002
2021-06-07 09:45:13,703.65,1090002
2021-06-07 09:45:14,703.65,1090153
2021-06-07 09:45:15,703.7,1090316
2021-06-07 09:45:16,703.7,1090711
2021-06-07 09:45:17,703.7,1090802
2021-06-07 09:45:18,703.65,1091222
2021-06-07 09:45:20,703.5,1091951
2021-06-07 09:45:22,703.65,1092353
2021-06-07 09:45:22,703.75,1092493
2021-06-07 09:45:23,703.5,1092618
2021-06-07 09:45:24,703.7,1092721
2021-06-07 09:45:25,703.7,1092922
2021-06-07 09:45:26,703.75,1093139
2021-06-07 09:45:27,703.7,1093375
2021-06-07 09:45:29,703.8,1094905
2021-06-07 09:45:30,703.9,1095575
2021-06-07 09:45:30,703.9,1095575
2021-06-07 09:45:31,704.0,1096242
2021-06-07 09:45:32,704.0,1096247
2021-06-07 09:45:33,704.0,1096469
2021-06-07 09:45:34,704.0,1096815
2021-06-07 09:45:35,703.8,1097816
2021-06-07 09:45:36,703.55,1098032
2021-06-07 09:45:37,703.7,1098072
2021-06-07 09:45:39,703.6,1100868
2021-06-07 09:45:39,703.6,1100868
2021-06-07 09:45:40,703.55,1101038
2021-06-07 09:45:41,703.6,1101190
2021-06-07 09:45:42,703.55,1101254
2021-06-07 09:45:43,703.15,1101590
2021-06-07 09:45:44,703.5,1101700
2021-06-07 09:45:45,703.5,1101700
2021-06-07 09:45:46,703.65,1101870
2021-06-07 09:45:47,703.6,1102025
2021-06-07 09:45:49,703.15,1102479
2021-06-07 09:45:49,703.15,1102479
2021-06-07 09:45:50,703.5,1102499
2021-06-07 09:45:51,703.25,1102609
2021-06-07 09:45:52,703.65,1102664
2021-06-07 09:45:53,703.15,1103262
2021-06-07 09:45:55,703.15,1103292
2021-06-07 09:45:55,703.4,1103282
2021-06-07 09:45:56,703.6,1103593
2021-06-07 09:45:57,702.8,1105183
2021-06-07 09:45:59,703.0,1105293
2021-06-07 09:45:59,703.0,1105293
2021-06-07 09:46:00,702.65,1106177
2021-06-07 09:46:01,702.65,1106177
2021-06-07 09:46:02,702.5,1106693
2021-06-07 09:46:03,703.0,1106713
2021-06-07 09:46:04,702.55,1106739
2021-06-07 09:46:05,702.8,1107904
2021-06-07 09:46:06,702.8,1107905
2021-06-07 09:46:07,703.0,1107973
2021-06-07 09:46:08,703.0,1108003
2021-06-07 09:46:09,703.2,1108242
2021-06-07 09:46:10,703.15,1108343
2021-06-07 09:46:11,703.0,1109504
2021-06-07 09:46:12,703.0,1109730
2021-06-07 09:46:13,703.0,1110030
2021-06-07 09:46:14,703.0,1110070
2021-06-07 09:46:15,703.0,1110070
2021-06-07 09:46:16,703.0,1110246
2021-06-07 09:46:17,702.85,1110813
2021-06-07 09:46:18,702.8,1110846
2021-06-07 09:46:19,702.7,1110856
2021-06-07 09:46:20,702.7,1110856
2021-06-07 09:46:21,702.8,1110866
2021-06-07 09:46:22,702.85,1111016
2021-06-07 09:46:24,702.95,1111196
2021-06-07 09:46:24,702.95,1111196
2021-06-07 09:46:25,702.95,1111196
2021-06-07 09:46:26,702.6,1111277
2021-06-07 09:46:27,702.65,1111339
2021-06-07 09:46:28,702.6,1111572
2021-06-07 09:46:29,702.9,1112685
2021-06-07 09:46:30,703.0,1112697
2021-06-07 09:46:31,702.7,1112775
2021-06-07 09:46:33,702.7,1112897
2021-06-07 09:46:34,703.0,1112999
2021-06-07 09:46:36,703.0,1113550
2021-06-07 09:46:37,702.65,1114114
2021-06-07 09:46:38,702.5,1114127
2021-06-07 09:46:39,702.5,1114169
2021-06-07 09:46:41,702.25,1114207
2021-06-07 09:46:42,702.25,1114207
2021-06-07 09:46:44,702.4,1114637
2021-06-07 09:46:44,702.4,1114637
2021-06-07 09:46:45,702.0,1114737
2021-06-07 09:46:46,702.35,1114769
2021-06-07 09:46:47,702.05,1114779
2021-06-07 09:46:48,702.0,1114935
2021-06-07 09:46:49,702.25,1115142
2021-06-07 09:46:50,701.9,1115765
2021-06-07 09:46:51,701.9,1115765
2021-06-07 09:46:52,702.1,1116070
2021-06-07 09:46:53,702.05,1116071
2021-06-07 09:46:54,702.0,1116113
2021-06-07 09:46:56,701.55,1116438
2021-06-07 09:46:56,701.55,1116438
2021-06-07 09:46:57,702.0,1116443
2021-06-07 09:46:58,702.0,1116548
2021-06-07 09:46:59,702.0,1116734
2021-06-07 09:47:00,702.05,1116761
2021-06-07 09:47:01,702.0,1116786
2021-06-07 09:47:02,701.5,1117612
2021-06-07 09:47:03,701.5,1117674
2021-06-07 09:47:04,701.5,1117700
2021-06-07 09:47:06,701.9,1117859
2021-06-07 09:47:06,701.5,1118059
2021-06-07 09:47:07,701.5,1119899
2021-06-07 09:47:08,701.15,1119934
2021-06-07 09:47:09,701.15,1119954
2021-06-07 09:47:10,701.55,1120147
2021-06-07 09:47:11,701.55,1120147
2021-06-07 09:47:12,701.5,1120162
2021-06-07 09:47:13,701.2,1120220
2021-06-07 09:47:14,701.15,1120595
2021-06-07 09:47:15,701.0,1120961
2021-06-07 09:47:16,701.15,1121485
2021-06-07 09:47:18,700.85,1124831
2021-06-07 09:47:19,701.1,1125489
2021-06-07 09:47:20,701.0,1125638
2021-06-07 09:47:21,701.1,1125983
2021-06-07 09:47:22,700.65,1126048
2021-06-07 09:47:23,701.0,1126362
2021-06-07 09:47:23,700.95,1126131
2021-06-07 09:47:24,701.0,1126531
2021-06-07 09:47:25,700.65,1126534
2021-06-07 09:47:26,700.6,1127727
2021-06-07 09:47:27,700.85,1127747
2021-06-07 09:47:28,700.75,1128343
2021-06-07 09:47:30,700.85,1128636
2021-06-07 09:47:31,701.25,1128750
2021-06-07 09:47:31,700.85,1128746
2021-06-07 09:47:32,700.8,1128850
2021-06-07 09:47:33,701.4,1129711
2021-06-07 09:47:34,700.75,1129824
2021-06-07 09:47:35,700.8,1129830
2021-06-07 09:47:36,700.8,1131946
2021-06-07 09:47:37,701.3,1132052
2021-06-07 09:47:39,700.95,1133976
2021-06-07 09:47:40,700.85,1134054
2021-06-07 09:47:41,700.85,1134066
2021-06-07 09:47:42,701.0,1134352
2021-06-07 09:47:43,700.7,1134952
2021-06-07 09:47:44,701.15,1135775
2021-06-07 09:47:45,701.15,1135885
2021-06-07 09:47:46,701.3,1135943
2021-06-07 09:47:47,701.3,1136008
2021-06-07 09:47:48,701.3,1136392
2021-06-07 09:47:49,701.2,1136792
2021-06-07 09:47:51,701.2,1137527
2021-06-07 09:47:52,701.0,1137711
2021-06-07 09:47:53,700.8,1137749
2021-06-07 09:47:54,700.9,1137790
2021-06-07 09:47:54,700.9,1137790
2021-06-07 09:47:55,701.0,1137902
2021-06-07 09:47:57,701.0,1137987
2021-06-07 09:47:58,700.9,1137988
2021-06-07 09:47:59,700.85,1138627
2021-06-07 09:48:00,700.8,1138777
2021-06-07 09:48:01,700.85,1138893
2021-06-07 09:48:02,700.85,1138893
2021-06-07 09:48:02,700.8,1138974
2021-06-07 09:48:03,700.8,1139097
2021-06-07 09:48:05,700.9,1139793
2021-06-07 09:48:06,700.85,1139895
2021-06-07 09:48:06,701.0,1139995
2021-06-07 09:48:07,701.0,1139996
2021-06-07 09:48:08,701.0,1140251
2021-06-07 09:48:09,701.0,1140263
2021-06-07 09:48:11,701.0,1140328
2021-06-07 09:48:12,700.95,1141256
2021-06-07 09:48:13,701.0,1142096
2021-06-07 09:48:13,701.0,1142106
2021-06-07 09:48:14,701.0,1142156
2021-06-07 09:48:15,701.0,1142531
2021-06-07 09:48:16,700.75,1142749
2021-06-07 09:48:17,700.7,1142774
2021-06-07 09:48:18,701.0,1142879
2021-06-07 09:48:19,701.0,1142879
2021-06-07 09:48:20,701.25,1144112
2021-06-07 09:48:21,700.95,1144290
2021-06-07 09:48:22,700.95,1144390
2021-06-07 09:48:23,701.0,1144419
2021-06-07 09:48:24,700.9,1144438
2021-06-07 09:48:26,701.05,1144570
2021-06-07 09:48:27,701.4,1144698
2021-06-07 09:48:28,700.95,1144711
2021-06-07 09:48:28,700.95,1144711
2021-06-07 09:48:29,700.8,1144781
2021-06-07 09:48:30,700.75,1144862
2021-06-07 09:48:31,700.7,1144887
2021-06-07 09:48:32,700.65,1145007
2021-06-07 09:48:33,700.95,1145396
2021-06-07 09:48:34,700.95,1145396
2021-06-07 09:48:35,701.0,1145406
2021-06-07 09:48:36,700.55,1146471
2021-06-07 09:48:37,700.5,1146815
2021-06-07 09:48:38,700.95,1146854
2021-06-07 09:48:39,700.65,1146963
2021-06-07 09:48:40,700.65,1146963
2021-06-07 09:48:41,700.65,1147063
2021-06-07 09:48:42,700.95,1147084
2021-06-07 09:48:43,700.7,1147106
2021-06-07 09:48:44,701.0,1147157
2021-06-07 09:48:45,701.0,1147157
2021-06-07 09:48:46,701.0,1147172
2021-06-07 09:48:47,700.7,1147194
2021-06-07 09:48:49,701.0,1147624
2021-06-07 09:48:50,701.0,1147624
2021-06-07 09:48:51,701.0,1147970
2021-06-07 09:48:51,701.0,1147970
2021-06-07 09:48:52,700.9,1147999
2021-06-07 09:48:54,700.85,1148090
2021-06-07 09:48:55,700.9,1148191
2021-06-07 09:48:57,700.65,1148793
2021-06-07 09:48:58,700.4,1150618
2021-06-07 09:48:59,700.5,1151632
2021-06-07 09:48:59,699.85,1164412
2021-06-07 09:49:00,699.85,1164515
2021-06-07 09:49:01,700.0,1165106
2021-06-07 09:49:02,699.5,1165109
2021-06-07 09:49:03,699.3,1165317
2021-06-07 09:49:04,699.25,1165372
2021-06-07 09:49:05,699.55,1165416
2021-06-07 09:49:06,699.15,1165523
2021-06-07 09:49:07,699.45,1166333
2021-06-07 09:49:09,698.65,1169552
2021-06-07 09:49:10,698.55,1170608
2021-06-07 09:49:11,698.65,1170953
2021-06-07 09:49:12,699.0,1171153
2021-06-07 09:49:12,699.0,1171153
2021-06-07 09:49:13,698.65,1171927
2021-06-07 09:49:14,699.25,1172149
2021-06-07 09:49:15,699.05,1174680
2021-06-07 09:49:16,698.8,1175751
2021-06-07 09:49:17,698.8,1175755
2021-06-07 09:49:18,698.8,1176206
2021-06-07 09:49:19,699.6,1177206
2021-06-07 09:49:20,698.65,1179244
2021-06-07 09:49:21,699.05,1179599
2021-06-07 09:49:22,699.1,1179841
2021-06-07 09:49:24,699.35,1179883
2021-06-07 09:49:25,699.4,1180044
2021-06-07 09:49:26,699.35,1180214
2021-06-07 09:49:27,699.05,1180219
2021-06-07 09:49:28,699.2,1180239
2021-06-07 09:49:29,699.2,1180787
2021-06-07 09:49:29,699.2,1180787
2021-06-07 09:49:30,699.05,1181119
2021-06-07 09:49:31,699.05,1182409
2021-06-07 09:49:32,699.05,1182409
2021-06-07 09:49:34,699.3,1182620
2021-06-07 09:49:35,699.4,1182950
2021-06-07 09:49:36,699.4,1184160
2021-06-07 09:49:37,699.4,1184392
2021-06-07 09:49:39,699.35,1185577
2021-06-07 09:49:40,699.35,1185577
2021-06-07 09:49:41,699.35,1185577
2021-06-07 09:49:42,699.2,1185659
2021-06-07 09:49:43,699.6,1185923
2021-06-07 09:49:44,699.6,1185923
2021-06-07 09:49:45,698.95,1186561
2021-06-07 09:49:46,699.5,1187468
2021-06-07 09:49:47,699.2,1187517
2021-06-07 09:49:48,700.75,1191173
2021-06-07 09:49:49,700.25,1191327
2021-06-07 09:49:50,700.25,1191347
2021-06-07 09:49:51,700.7,1191399
2021-06-07 09:49:52,700.75,1191417
2021-06-07 09:49:53,700.25,1191469
2021-06-07 09:49:55,699.75,1194568
2021-06-07 09:49:56,699.75,1194568
2021-06-07 09:49:57,700.05,1194590
2021-06-07 09:49:57,700.0,1194671
2021-06-07 09:49:58,700.35,1196511
2021-06-07 09:49:59,700.7,1196719
2021-06-07 09:50:00,700.1,1196865
2021-06-07 09:50:01,700.4,1197100
2021-06-07 09:50:02,700.05,1197222
2021-06-07 09:50:03,700.25,1197233
2021-06-07 09:50:04,700.55,1197658
2021-06-07 09:50:05,700.75,1198400
2021-06-07 09:50:07,700.75,1198932
2021-06-07 09:50:08,700.7,1198937
2021-06-07 09:50:09,700.7,1198937
2021-06-07 09:50:10,700.7,1198946
2021-06-07 09:50:12,700.6,1198976
2021-06-07 09:50:12,700.6,1199042
2021-06-07 09:50:14,700.65,1199057
2021-06-07 09:50:15,700.7,1199157
2021-06-07 09:50:15,700.7,1199157
2021-06-07 09:50:16,700.7,1199326
2021-06-07 09:50:17,700.55,1199327
2021-06-07 09:50:18,700.7,1199357
2021-06-07 09:50:20,700.45,1199364
2021-06-07 09:50:21,700.55,1199387
2021-06-07 09:50:22,700.45,1199519
2021-06-07 09:50:23,700.5,1199628
2021-06-07 09:50:24,700.5,1199628
2021-06-07 09:50:25,700.5,1199658
2021-06-07 09:50:26,700.35,1199673
2021-06-07 09:50:27,700.5,1199726
2021-06-07 09:50:27,700.5,1199746
2021-06-07 09:50:28,700.55,1201004
2021-06-07 09:50:29,700.55,1201004
2021-06-07 09:50:30,700.4,1201014
2021-06-07 09:50:31,698.75,1231762
2021-06-07 09:50:32,698.95,1234023
2021-06-07 09:50:33,698.75,1234024
2021-06-07 09:50:35,698.4,1234546
2021-06-07 09:50:36,698.4,1234572
2021-06-07 09:50:37,696.45,1270896
2021-06-07 09:50:38,696.4,1272218
2021-06-07 09:50:39,696.55,1274751
2021-06-07 09:50:40,695.55,1275655
2021-06-07 09:50:41,695.7,1278540
2021-06-07 09:50:42,696.15,1279449
2021-06-07 09:50:43,695.7,1279739
2021-06-07 09:50:44,696.15,1280583
2021-06-07 09:50:45,696.6,1281792
2021-06-07 09:50:46,696.95,1282352
2021-06-07 09:50:47,697.25,1282502
2021-06-07 09:50:49,696.75,1284540
2021-06-07 09:50:50,696.55,1284740
2021-06-07 09:50:51,696.1,1285477
2021-06-07 09:50:52,696.0,1285877
2021-06-07 09:50:52,696.1,1285957
2021-06-07 09:50:54,696.55,1286695
2021-06-07 09:50:54,696.55,1286695
2021-06-07 09:50:55,696.2,1290137
2021-06-07 09:50:56,696.3,1290511
2021-06-07 09:50:59,696.2,1291912
2021-06-07 09:51:00,695.8,1292211
2021-06-07 09:51:00,695.8,1292211
2021-06-07 09:51:01,696.25,1293017
2021-06-07 09:51:02,696.3,1293370
2021-06-07 09:51:03,695.05,1299954
2021-06-07 09:51:04,695.05,1300061
2021-06-07 09:51:06,695.0,1301604
2021-06-07 09:51:07,694.45,1302853
2021-06-07 09:51:08,695.25,1304160
2021-06-07 09:51:09,694.55,1304900
2021-06-07 09:51:09,694.55,1304900
2021-06-07 09:51:10,695.0,1306446
2021-06-07 09:51:11,694.6,1306635
2021-06-07 09:51:13,694.25,1308832
2021-06-07 09:51:14,694.25,1309783
2021-06-07 09:51:15,694.4,1315650
2021-06-07 09:51:15,693.9,1315671
2021-06-07 09:51:16,694.35,1315703
2021-06-07 09:51:17,694.2,1316124
2021-06-07 09:51:18,694.2,1316408
2021-06-07 09:51:21,694.45,1317398
2021-06-07 09:51:22,694.4,1318486
2021-06-07 09:51:23,694.65,1318531
2021-06-07 09:51:24,694.75,1319138
2021-06-07 09:51:24,694.75,1319138
2021-06-07 09:51:25,694.85,1319239
2021-06-07 09:51:26,694.55,1319397
2021-06-07 09:51:27,695.05,1320855
2021-06-07 09:51:28,694.85,1322841
2021-06-07 09:51:30,695.4,1323469
2021-06-07 09:51:31,695.05,1323703
2021-06-07 09:51:32,695.15,1324324
2021-06-07 09:51:33,695.3,1324383
2021-06-07 09:51:34,695.4,1324664
2021-06-07 09:51:35,695.4,1324765
2021-06-07 09:51:35,695.4,1324766
2021-06-07 09:51:36,695.4,1324866
2021-06-07 09:51:38,695.4,1325020
2021-06-07 09:51:39,695.4,1325390
2021-06-07 09:51:40,695.4,1325390
2021-06-07 09:51:41,695.9,1325566
2021-06-07 09:51:42,695.9,1325672
2021-06-07 09:51:43,695.85,1326982
2021-06-07 09:51:44,695.85,1327661
2021-06-07 09:51:45,695.85,1329320
2021-06-07 09:51:45,695.85,1329320
2021-06-07 09:51:46,695.95,1329565
2021-06-07 09:51:47,695.6,1329674
2021-06-07 09:51:48,695.6,1329674
2021-06-07 09:51:50,695.95,1329785
2021-06-07 09:51:51,695.95,1329969
2021-06-07 09:51:52,695.55,1330246
2021-06-07 09:51:53,695.3,1331442
2021-06-07 09:51:54,696.0,1331574
2021-06-07 09:51:54,695.55,1331573
2021-06-07 09:51:56,696.05,1331706
2021-06-07 09:51:57,696.15,1331757
2021-06-07 09:51:58,695.95,1331762
2021-06-07 09:51:59,696.3,1332112
2021-06-07 09:52:00,696.0,1332264
2021-06-07 09:52:00,696.0,1332264
2021-06-07 09:52:01,695.9,1332798
2021-06-07 09:52:02,696.0,1333226
2021-06-07 09:52:03,696.15,1333945
2021-06-07 09:52:04,696.0,1334027
2021-06-07 09:52:06,695.6,1334504
2021-06-07 09:52:07,695.95,1334696
2021-06-07 09:52:08,696.0,1334839
2021-06-07 09:52:09,695.7,1336223
2021-06-07 09:52:10,695.75,1336278
2021-06-07 09:52:11,696.2,1336293
2021-06-07 09:52:12,696.15,1336310
2021-06-07 09:52:13,696.15,1336520
2021-06-07 09:52:14,696.45,1336781
2021-06-07 09:52:15,696.0,1336783
2021-06-07 09:52:16,696.0,1336998
2021-06-07 09:52:16,696.4,1337007
2021-06-07 09:52:17,696.4,1337127
2021-06-07 09:52:18,696.5,1337280
2021-06-07 09:52:19,696.0,1337480
2021-06-07 09:52:21,696.2,1337823
2021-06-07 09:52:22,696.5,1337967
2021-06-07 09:52:23,696.1,1338032
2021-06-07 09:52:24,696.05,1338068
2021-06-07 09:52:25,696.0,1338565
2021-06-07 09:52:26,696.35,1338577
2021-06-07 09:52:27,696.35,1338589
2021-06-07 09:52:28,696.35,1338639
2021-06-07 09:52:29,696.05,1338705
2021-06-07 09:52:29,696.1,1338704
2021-06-07 09:52:31,696.1,1338804
2021-06-07 09:52:32,696.35,1338860
2021-06-07 09:52:33,696.05,1339206
2021-06-07 09:52:34,696.15,1339216
2021-06-07 09:52:35,696.15,1339336
2021-06-07 09:52:36,696.35,1339760
2021-06-07 09:52:37,696.4,1340480
2021-06-07 09:52:38,696.5,1340482
2021-06-07 09:52:39,696.35,1340868
2021-06-07 09:52:39,696.35,1340683
2021-06-07 09:52:41,696.5,1341171
2021-06-07 09:52:42,696.4,1341174
2021-06-07 09:52:43,696.6,1341211
2021-06-07 09:52:44,696.35,1341601
2021-06-07 09:52:45,696.35,1341616
2021-06-07 09:52:46,696.35,1341716
2021-06-07 09:52:46,696.35,1341716
2021-06-07 09:52:48,696.1,1341838
2021-06-07 09:52:49,696.35,1341848
2021-06-07 09:52:50,696.35,1341849
2021-06-07 09:52:51,696.1,1342036
2021-06-07 09:52:52,696.4,1343136
2021-06-07 09:52:53,696.45,1343197
2021-06-07 09:52:54,696.15,1343219
2021-06-07 09:52:55,696.15,1343219
2021-06-07 09:52:56,696.45,1343230
2021-06-07 09:52:57,696.15,1343298
2021-06-07 09:52:57,696.15,1343298
2021-06-07 09:52:59,696.5,1343517
2021-06-07 09:53:00,696.15,1343537
2021-06-07 09:53:01,696.15,1343544
2021-06-07 09:53:02,696.5,1343691
2021-06-07 09:53:03,696.5,1343768
2021-06-07 09:53:05,696.2,1343769
2021-06-07 09:53:05,696.2,1343769
2021-06-07 09:53:06,696.25,1344094
2021-06-07 09:53:08,696.3,1344114
2021-06-07 09:53:09,696.5,1344172
2021-06-07 09:53:10,696.35,1344365
2021-06-07 09:53:11,696.5,1344452
2021-06-07 09:53:12,696.4,1344527
2021-06-07 09:53:13,696.35,1344646
2021-06-07 09:53:14,696.25,1344783
2021-06-07 09:53:14,696.25,1344783
2021-06-07 09:53:15,696.4,1346024
2021-06-07 09:53:17,696.4,1346024
2021-06-07 09:53:18,696.4,1346650
2021-06-07 09:53:19,696.5,1346657
2021-06-07 09:53:20,696.5,1346658
2021-06-07 09:53:21,696.25,1346669
2021-06-07 09:53:22,696.5,1346769
2021-06-07 09:53:23,696.5,1346770
2021-06-07 09:53:24,696.65,1347013
2021-06-07 09:53:25,696.65,1347013
2021-06-07 09:53:26,696.4,1347064
2021-06-07 09:53:26,696.4,1347064
2021-06-07 09:53:28,696.7,1347114
2021-06-07 09:53:29,696.5,1347119
2021-06-07 09:53:30,696.5,1347374
2021-06-07 09:53:31,696.65,1347474
2021-06-07 09:53:32,696.7,1348428
2021-06-07 09:53:33,696.65,1348431
2021-06-07 09:53:34,696.9,1348731
2021-06-07 09:53:35,696.5,1348782
2021-06-07 09:53:36,696.6,1349929
2021-06-07 09:53:37,696.7,1349974
2021-06-07 09:53:38,696.7,1350316
2021-06-07 09:53:39,696.7,1350316
2021-06-07 09:53:40,696.75,1350471
2021-06-07 09:53:41,696.75,1350572
2021-06-07 09:53:42,696.75,1350620
2021-06-07 09:53:43,696.1,1351518
2021-06-07 09:53:44,696.5,1351599
2021-06-07 09:53:46,695.25,1356081
2021-06-07 09:53:47,695.4,1356702
2021-06-07 09:53:48,695.7,1356908
2021-06-07 09:53:49,695.65,1357010
2021-06-07 09:53:50,695.35,1357086
2021-06-07 09:53:51,695.6,1357136
2021-06-07 09:53:52,695.3,1364433
2021-06-07 09:53:53,695.5,1364558
2021-06-07 09:53:54,695.0,1364567
2021-06-07 09:53:55,695.0,1364567
2021-06-07 09:53:56,695.7,1366047
2021-06-07 09:53:57,695.55,1366906
2021-06-07 09:53:58,695.05,1367639
2021-06-07 09:53:59,695.5,1368519
2021-06-07 09:54:00,695.5,1368519
2021-06-07 09:54:01,695.55,1368611
2021-06-07 09:54:02,695.45,1368712
2021-06-07 09:54:03,695.3,1368830
2021-06-07 09:54:04,695.3,1368830
2021-06-07 09:54:05,695.3,1369049
2021-06-07 09:54:06,695.0,1369129
2021-06-07 09:54:07,695.0,1369161
2021-06-07 09:54:08,695.3,1369463
2021-06-07 09:54:09,695.0,1370327
2021-06-07 09:54:10,695.0,1370578
2021-06-07 09:54:11,695.25,1370680
2021-06-07 09:54:12,695.25,1371391
2021-06-07 09:54:13,695.25,1371419
2021-06-07 09:54:15,695.3,1371579
2021-06-07 09:54:16,695.0,1371854
2021-06-07 09:54:17,695.3,1371910
2021-06-07 09:54:18,695.3,1371910
2021-06-07 09:54:19,695.3,1371928
2021-06-07 09:54:20,695.0,1372047
2021-06-07 09:54:22,695.25,1372103
2021-06-07 09:54:23,695.45,1374234
2021-06-07 09:54:24,695.45,1374234
2021-06-07 09:54:25,695.45,1374234
2021-06-07 09:54:26,695.05,1374394
2021-06-07 09:54:27,695.45,1374401
2021-06-07 09:54:28,695.45,1374467
2021-06-07 09:54:29,695.2,1374740
2021-06-07 09:54:30,695.2,1374850
2021-06-07 09:54:31,695.5,1376796
2021-06-07 09:54:32,695.3,1376808
2021-06-07 09:54:33,695.85,1376945
2021-06-07 09:54:34,696.1,1377203
2021-06-07 09:54:35,696.2,1377603
2021-06-07 09:54:36,696.25,1377659
2021-06-07 09:54:37,696.25,1377659
2021-06-07 09:54:38,696.25,1378309
2021-06-07 09:54:39,696.25,1378310
2021-06-07 09:54:40,696.0,1378311
2021-06-07 09:54:41,696.0,1378375
2021-06-07 09:54:42,696.2,1378385
2021-06-07 09:54:43,696.2,1378491
2021-06-07 09:54:44,696.2,1378591
2021-06-07 09:54:45,696.3,1378732
2021-06-07 09:54:46,696.0,1378862
2021-06-07 09:54:47,696.0,1378877
2021-06-07 09:54:48,696.3,1379393
2021-06-07 09:54:49,696.2,1379528
2021-06-07 09:54:50,696.1,1379558
2021-06-07 09:54:51,696.2,1379610
2021-06-07 09:54:52,696.2,1379669
2021-06-07 09:54:53,696.2,1379825
2021-06-07 09:54:54,696.0,1379955
2021-06-07 09:54:55,696.2,1380080
2021-06-07 09:54:56,696.2,1380290
2021-06-07 09:54:57,696.2,1380290
2021-06-07 09:54:58,696.2,1380420
2021-06-07 09:54:59,696.2,1380468
2021-06-07 09:55:00,696.2,1380468
2021-06-07 09:55:01,696.05,1380514
2021-06-07 09:55:02,696.2,1380940
2021-06-07 09:55:03,696.1,1380993
2021-06-07 09:55:04,696.1,1380993
2021-06-07 09:55:05,696.05,1381213
2021-06-07 09:55:06,696.05,1381213
2021-06-07 09:55:07,696.2,1381325
2021-06-07 09:55:08,696.3,1381542
2021-06-07 09:55:09,696.75,1384899
2021-06-07 09:55:10,696.85,1385272
2021-06-07 09:55:11,696.85,1385295
2021-06-07 09:55:12,696.65,1385357
2021-06-07 09:55:14,696.95,1385359
2021-06-07 09:55:15,696.65,1385461
2021-06-07 09:55:16,697.0,1385522
2021-06-07 09:55:17,697.0,1385522
2021-06-07 09:55:18,696.95,1385572
2021-06-07 09:55:19,697.0,1386376
2021-06-07 09:55:20,696.6,1387455
2021-06-07 09:55:21,696.6,1387455
2021-06-07 09:55:22,696.45,1390691
2021-06-07 09:55:23,696.35,1391101
2021-06-07 09:55:24,696.4,1391141
2021-06-07 09:55:25,696.55,1391487
2021-06-07 09:55:26,696.55,1391487
2021-06-07 09:55:27,696.4,1391671
2021-06-07 09:55:28,696.4,1391671
2021-06-07 09:55:29,696.4,1391887
2021-06-07 09:55:30,696.45,1391934
2021-06-07 09:55:31,696.45,1392038
2021-06-07 09:55:32,696.45,1392114
2021-06-07 09:55:33,696.45,1392114
2021-06-07 09:55:34,696.1,1392131
2021-06-07 09:55:35,696.45,1392132
2021-06-07 09:55:36,696.45,1392475
2021-06-07 09:55:37,696.45,1392480
2021-06-07 09:55:38,696.0,1393915
2021-06-07 09:55:39,696.05,1394050
2021-06-07 09:55:40,696.05,1394199
2021-06-07 09:55:41,696.4,1394300
2021-06-07 09:55:42,696.35,1394416
2021-06-07 09:55:43,696.0,1394916
2021-06-07 09:55:45,696.0,1394933
2021-06-07 09:55:46,696.35,1395014
2021-06-07 09:55:47,696.4,1395053
2021-06-07 09:55:47,696.1,1395069
2021-06-07 09:55:49,695.2,1397315
2021-06-07 09:55:50,695.6,1397526
2021-06-07 09:55:51,695.65,1397646
2021-06-07 09:55:51,695.25,1397660
2021-06-07 09:55:52,695.6,1397803
2021-06-07 09:55:53,695.75,1397934
2021-06-07 09:55:54,695.25,1398064
2021-06-07 09:55:55,695.2,1398464
2021-06-07 09:55:57,695.3,1398506
2021-06-07 09:55:57,695.3,1398506
2021-06-07 09:55:58,695.65,1398589
2021-06-07 09:55:59,695.75,1398629
2021-06-07 09:56:00,695.75,1398629
2021-06-07 09:56:01,695.25,1398684
2021-06-07 09:56:03,695.8,1399196
2021-06-07 09:56:04,695.75,1399204
2021-06-07 09:56:05,695.25,1399349
2021-06-07 09:56:06,695.7,1399450
2021-06-07 09:56:07,695.2,1399460
2021-06-07 09:56:08,695.6,1399491
2021-06-07 09:56:10,695.75,1399595
2021-06-07 09:56:11,695.35,1399848
2021-06-07 09:56:12,695.4,1400197
2021-06-07 09:56:12,695.4,1400197
2021-06-07 09:56:14,694.4,1406730
2021-06-07 09:56:15,694.85,1407135
2021-06-07 09:56:16,694.85,1407634
2021-06-07 09:56:18,695.0,1408139
2021-06-07 09:56:18,694.55,1409555
2021-06-07 09:56:19,694.4,1410418
2021-06-07 09:56:20,695.05,1410663
2021-06-07 09:56:21,695.05,1410738
2021-06-07 09:56:22,694.9,1411386
2021-06-07 09:56:23,694.9,1411496
2021-06-07 09:56:24,694.95,1411701
2021-06-07 09:56:25,694.75,1411736
2021-06-07 09:56:26,694.75,1411790
2021-06-07 09:56:28,694.2,1412640
2021-06-07 09:56:28,694.2,1412640
2021-06-07 09:56:29,694.05,1413319
2021-06-07 09:56:30,694.0,1413469
2021-06-07 09:56:31,694.0,1413630
2021-06-07 09:56:32,694.25,1413631
2021-06-07 09:56:33,694.2,1413771
2021-06-07 09:56:35,694.4,1415301
2021-06-07 09:56:35,694.4,1415301
2021-06-07 09:56:36,694.45,1415675
2021-06-07 09:56:37,694.45,1415675
2021-06-07 09:56:38,694.55,1415695
2021-06-07 09:56:39,694.8,1415739
2021-06-07 09:56:41,694.45,1415835
2021-06-07 09:56:41,694.7,1416052
2021-06-07 09:56:42,694.35,1416122
2021-06-07 09:56:43,694.35,1416237
2021-06-07 09:56:44,694.8,1416894
2021-06-07 09:56:45,695.0,1416906
2021-06-07 09:56:46,694.8,1417039
2021-06-07 09:56:47,695.15,1417282
2021-06-07 09:56:49,695.45,1418382
2021-06-07 09:56:49,695.6,1418439
2021-06-07 09:56:50,695.2,1418443
2021-06-07 09:56:51,695.25,1418613
2021-06-07 09:56:52,695.6,1418659
2021-06-07 09:56:53,695.6,1418684
2021-06-07 09:56:54,695.45,1418686
2021-06-07 09:56:55,695.25,1418696
2021-06-07 09:56:57,695.25,1418864
2021-06-07 09:56:57,695.25,1418876
2021-06-07 09:56:58,695.1,1418917
2021-06-07 09:56:59,695.5,1418957
2021-06-07 09:57:00,695.45,1418967
2021-06-07 09:57:02,695.25,1419017
2021-06-07 09:57:02,695.25,1419027
2021-06-07 09:57:03,695.05,1419219
2021-06-07 09:57:04,695.05,1419674
2021-06-07 09:57:05,695.0,1420328
2021-06-07 09:57:06,695.0,1420328
2021-06-07 09:57:08,695.25,1420420
2021-06-07 09:57:09,695.05,1420541
2021-06-07 09:57:10,695.1,1420688
2021-06-07 09:57:10,695.1,1420688
2021-06-07 09:57:11,695.25,1420733
2021-06-07 09:57:12,695.25,1420784
2021-06-07 09:57:13,695.1,1420788
2021-06-07 09:57:14,695.25,1420829
2021-06-07 09:57:16,695.45,1420949
2021-06-07 09:57:17,695.45,1420950
2021-06-07 09:57:18,695.05,1421020
2021-06-07 09:57:18,695.4,1421021
2021-06-07 09:57:19,695.05,1421030
2021-06-07 09:57:20,695.4,1421036
2021-06-07 09:57:21,695.4,1421061
2021-06-07 09:57:23,695.4,1421099
2021-06-07 09:57:24,695.4,1421099
2021-06-07 09:57:24,695.25,1421114
2021-06-07 09:57:25,695.4,1421164
2021-06-07 09:57:26,695.25,1421243
2021-06-07 09:57:27,695.1,1422340
2021-06-07 09:57:29,694.8,1422667
2021-06-07 09:57:30,694.45,1423349
2021-06-07 09:57:30,694.45,1423349
2021-06-07 09:57:31,694.65,1423356
2021-06-07 09:57:32,694.65,1423636
2021-06-07 09:57:34,694.7,1423701
2021-06-07 09:57:35,694.5,1423977
2021-06-07 09:57:36,694.75,1423987
2021-06-07 09:57:37,694.35,1424002
2021-06-07 09:57:38,694.75,1424187
2021-06-07 09:57:40,694.55,1424375
2021-06-07 09:57:40,694.55,1424375
2021-06-07 09:57:41,694.4,1424586
2021-06-07 09:57:42,694.7,1424676
2021-06-07 09:57:43,694.8,1426025
2021-06-07 09:57:45,694.7,1426225
2021-06-07 09:57:46,694.35,1426239
2021-06-07 09:57:47,694.7,1426358
2021-06-07 09:57:48,694.2,1427430
2021-06-07 09:57:49,694.05,1427480
2021-06-07 09:57:50,694.05,1427505
2021-06-07 09:57:50,694.05,1427505
2021-06-07 09:57:51,694.35,1427594
2021-06-07 09:57:52,694.3,1428136
2021-06-07 09:57:53,694.65,1432407
2021-06-07 09:57:54,694.55,1432457
2021-06-07 09:57:55,694.55,1432457
2021-06-07 09:57:58,694.0,1433270
2021-06-07 09:57:58,694.0,1433270
2021-06-07 09:57:59,694.0,1433271
2021-06-07 09:58:00,694.0,1433360
2021-06-07 09:58:02,694.4,1433742
2021-06-07 09:58:03,694.05,1434008
2021-06-07 09:58:04,694.45,1434233
2021-06-07 09:58:05,694.45,1434420
2021-06-07 09:58:05,694.45,1434420
2021-06-07 09:58:06,694.45,1434426
2021-06-07 09:58:07,694.45,1434531
2021-06-07 09:58:08,694.2,1434541
2021-06-07 09:58:10,694.65,1435391
2021-06-07 09:58:10,694.65,1435391
2021-06-07 09:58:12,694.25,1435480
2021-06-07 09:58:13,694.65,1435574
2021-06-07 09:58:14,694.2,1436608
2021-06-07 09:58:14,694.2,1436868
2021-06-07 09:58:15,694.2,1436878
2021-06-07 09:58:16,694.95,1436918
2021-06-07 09:58:17,694.55,1437692
2021-06-07 09:58:19,695.0,1438112
2021-06-07 09:58:20,694.95,1438113
2021-06-07 09:58:20,694.95,1438113
2021-06-07 09:58:21,694.8,1438378
2021-06-07 09:58:22,695.0,1438464
2021-06-07 09:58:24,694.95,1438474
2021-06-07 09:58:25,694.85,1438628
2021-06-07 09:58:25,695.0,1438808
2021-06-07 09:58:28,694.9,1439066
2021-06-07 09:58:28,695.3,1438866
2021-06-07 09:58:29,695.0,1439196
2021-06-07 09:58:30,695.05,1440506
2021-06-07 09:58:31,695.0,1440531
2021-06-07 09:58:32,695.2,1440541
2021-06-07 09:58:34,695.45,1440561
2021-06-07 09:58:35,695.45,1440590
2021-06-07 09:58:36,695.5,1440670
2021-06-07 09:58:37,695.5,1440670
2021-06-07 09:58:37,695.5,1440670
2021-06-07 09:58:38,695.5,1440770
2021-06-07 09:58:39,695.45,1441032
2021-06-07 09:58:40,695.1,1441038
2021-06-07 09:58:41,695.45,1441049
2021-06-07 09:58:43,695.45,1441146
2021-06-07 09:58:44,695.45,1441197
2021-06-07 09:58:45,695.45,1441307
2021-06-07 09:58:45,695.45,1441307
2021-06-07 09:58:46,695.45,1441495
2021-06-07 09:58:47,695.5,1441595
2021-06-07 09:58:48,695.3,1441628
2021-06-07 09:58:49,695.3,1441727
2021-06-07 09:58:51,695.3,1441727
2021-06-07 09:58:52,695.5,1441729
2021-06-07 09:58:53,695.25,1441939
2021-06-07 09:58:53,695.25,1441939
2021-06-07 09:58:54,695.5,1442136
2021-06-07 09:58:55,695.5,1442238
2021-06-07 09:58:56,695.3,1442245
2021-06-07 09:58:58,694.8,1442791
2021-06-07 09:58:59,695.45,1443841
2021-06-07 09:58:59,695.3,1443842
2021-06-07 09:59:00,694.9,1443848
2021-06-07 09:59:01,694.95,1444138
2021-06-07 09:59:02,695.5,1444228
2021-06-07 09:59:03,695.5,1444228
2021-06-07 09:59:05,695.1,1444274
2021-06-07 09:59:06,695.1,1444279
2021-06-07 09:59:07,695.4,1444723
2021-06-07 09:59:08,695.4,1444723
2021-06-07 09:59:09,694.9,1444924
2021-06-07 09:59:11,694.9,1444924
2021-06-07 09:59:12,694.95,1444984
2021-06-07 09:59:12,694.95,1444984
2021-06-07 09:59:13,695.35,1445721
2021-06-07 09:59:14,694.95,1445993
2021-06-07 09:59:15,694.95,1445993
2021-06-07 09:59:17,694.95,1445994
2021-06-07 09:59:18,694.9,1446099
2021-06-07 09:59:18,694.95,1446174
2021-06-07 09:59:19,694.95,1446174
2021-06-07 09:59:20,694.95,1446275
2021-06-07 09:59:21,695.45,1446726
2021-06-07 09:59:22,695.45,1446867
2021-06-07 09:59:23,695.45,1446882
2021-06-07 09:59:24,695.45,1446882
2021-06-07 09:59:25,695.15,1447077
2021-06-07 09:59:26,695.15,1447077
2021-06-07 09:59:27,695.45,1447258
2021-06-07 09:59:28,695.45,1447473
2021-06-07 09:59:30,695.45,1447477
2021-06-07 09:59:31,695.45,1447477
2021-06-07 09:59:32,695.45,1447514
2021-06-07 09:59:33,695.75,1448169
2021-06-07 09:59:33,695.85,1448225
2021-06-07 09:59:34,695.85,1448225
2021-06-07 09:59:35,695.5,1448246
2021-06-07 09:59:36,695.5,1448246
2021-06-07 09:59:37,695.5,1448254
2021-06-07 09:59:38,695.45,1448267
2021-06-07 09:59:40,695.15,1449232
2021-06-07 09:59:41,695.8,1449273
2021-06-07 09:59:42,695.95,1450381
2021-06-07 09:59:44,695.95,1450381
2021-06-07 09:59:45,696.0,1450477
2021-06-07 09:59:46,696.0,1450757
2021-06-07 09:59:47,695.65,1450769
2021-06-07 09:59:49,695.65,1450947
2021-06-07 09:59:50,696.0,1451172
2021-06-07 09:59:51,695.95,1451467
2021-06-07 09:59:51,695.65,1451488
2021-06-07 09:59:52,695.95,1452159
2021-06-07 09:59:53,696.4,1453459
2021-06-07 09:59:54,696.4,1453459
2021-06-07 09:59:58,696.4,1453460
2021-06-07 09:59:59,695.9,1453575
2021-06-07 10:00:00,696.35,1453657
2021-06-07 10:00:00,696.35,1453657
2021-06-07 10:00:01,696.1,1453678
2021-06-07 10:00:02,696.4,1453724
2021-06-07 10:00:05,696.6,1454994
2021-06-07 10:00:06,696.7,1455110
2021-06-07 10:00:07,696.7,1455120
2021-06-07 10:00:07,696.7,1455120
2021-06-07 10:00:08,696.7,1455120
2021-06-07 10:00:09,696.95,1455381
2021-06-07 10:00:11,697.0,1455585
2021-06-07 10:00:12,697.0,1455938
2021-06-07 10:00:13,697.0,1456079
2021-06-07 10:00:14,696.95,1456763
2021-06-07 10:00:15,696.9,1456873
2021-06-07 10:00:16,696.95,1457045
2021-06-07 10:00:17,696.95,1457250
2021-06-07 10:00:18,696.55,1457327
2021-06-07 10:00:19,696.9,1457454
2021-06-07 10:00:19,696.9,1457454
2021-06-07 10:00:20,696.9,1457464
2021-06-07 10:00:21,696.55,1457657
2021-06-07 10:00:22,696.95,1457940
2021-06-07 10:00:24,696.95,1458235
2021-06-07 10:00:25,696.95,1458241
2021-06-07 10:00:26,696.45,1459155
2021-06-07 10:00:27,696.45,1459165
2021-06-07 10:00:28,695.95,1460119
2021-06-07 10:00:29,695.9,1460124
2021-06-07 10:00:29,695.9,1460124
2021-06-07 10:00:30,695.9,1460124
2021-06-07 10:00:31,695.9,1460124
2021-06-07 10:00:33,695.35,1460825
2021-06-07 10:00:34,695.45,1460872
2021-06-07 10:00:35,695.1,1460965
2021-06-07 10:00:36,695.05,1461196
2021-06-07 10:00:36,695.55,1462668
2021-06-07 10:00:38,695.9,1462693
2021-06-07 10:00:39,695.9,1462693
2021-06-07 10:00:40,695.45,1462803
2021-06-07 10:00:41,695.85,1462813
2021-06-07 10:00:42,695.85,1462913
2021-06-07 10:00:42,695.85,1462949
2021-06-07 10:00:43,695.85,1462953
2021-06-07 10:00:45,695.85,1462953
2021-06-07 10:00:46,695.6,1462991
2021-06-07 10:00:47,695.9,1462992
2021-06-07 10:00:48,695.9,1462992
2021-06-07 10:00:49,695.9,1462992
2021-06-07 10:00:50,695.9,1462994
2021-06-07 10:00:50,695.9,1462994
2021-06-07 10:00:51,695.6,1463019
2021-06-07 10:00:52,695.6,1463165
2021-06-07 10:00:53,695.6,1463262
2021-06-07 10:00:54,695.6,1463278
2021-06-07 10:00:56,695.6,1463278
2021-06-07 10:00:56,695.85,1463311
2021-06-07 10:00:58,695.85,1463316
2021-06-07 10:00:58,695.85,1463316
2021-06-07 10:00:59,695.9,1463328
2021-06-07 10:01:00,695.6,1463475
2021-06-07 10:01:01,695.85,1463496
2021-06-07 10:01:02,695.9,1463511
2021-06-07 10:01:03,695.65,1463531
2021-06-07 10:01:04,695.9,1463532
2021-06-07 10:01:05,696.05,1463662
2021-06-07 10:01:07,695.65,1463672
2021-06-07 10:01:07,695.65,1463672
2021-06-07 10:01:08,696.3,1464153
2021-06-07 10:01:09,696.3,1464153
2021-06-07 10:01:10,696.05,1464196
2021-06-07 10:01:11,696.0,1464328
2021-06-07 10:01:12,695.85,1464400
2021-06-07 10:01:13,696.0,1465500
2021-06-07 10:01:14,696.0,1465500
2021-06-07 10:01:16,695.9,1466158
2021-06-07 10:01:16,696.0,1466183
2021-06-07 10:01:17,696.0,1466183
2021-06-07 10:01:18,696.3,1466336
2021-06-07 10:01:19,696.0,1466382
2021-06-07 10:01:20,695.9,1466393
2021-06-07 10:01:22,696.3,1466643
2021-06-07 10:01:23,696.45,1466679
2021-06-07 10:01:24,696.05,1466731
2021-06-07 10:01:25,696.45,1466732
2021-06-07 10:01:26,696.45,1466732
2021-06-07 10:01:27,696.45,1466732
2021-06-07 10:01:27,696.45,1466732
2021-06-07 10:01:28,696.15,1466887
2021-06-07 10:01:29,696.45,1466889
2021-06-07 10:01:30,696.45,1466949
2021-06-07 10:01:32,696.45,1466949
2021-06-07 10:01:33,696.45,1466985
2021-06-07 10:01:33,696.5,1467295
2021-06-07 10:01:35,696.5,1467295
2021-06-07 10:01:36,696.3,1467524
2021-06-07 10:01:37,696.65,1468219
2021-06-07 10:01:38,696.65,1468269
2021-06-07 10:01:39,696.65,1468269
2021-06-07 10:01:40,696.65,1468322
2021-06-07 10:01:41,696.65,1468322
2021-06-07 10:01:42,696.45,1468361
2021-06-07 10:01:43,696.45,1468361
2021-06-07 10:01:43,696.45,1468361
2021-06-07 10:01:44,696.45,1468380
2021-06-07 10:01:45,696.45,1468380
2021-06-07 10:01:46,696.6,1468483
2021-06-07 10:01:47,696.6,1468483
2021-06-07 10:01:48,696.65,1468573
2021-06-07 10:01:49,696.65,1468573
2021-06-07 10:01:50,696.65,1468573
2021-06-07 10:01:51,696.45,1468632
2021-06-07 10:01:52,696.6,1468646
2021-06-07 10:01:53,696.6,1468674
2021-06-07 10:01:54,696.6,1468674
2021-06-07 10:01:55,696.6,1468674
2021-06-07 10:01:56,696.5,1468676
2021-06-07 10:01:58,695.95,1471670
2021-06-07 10:01:59,695.8,1471696
2021-06-07 10:02:00,695.85,1471746
2021-06-07 10:02:00,695.85,1471746
2021-06-07 10:02:01,695.9,1471796
2021-06-07 10:02:03,695.9,1471832
2021-06-07 10:02:03,695.9,1471832
2021-06-07 10:02:04,695.9,1471832
2021-06-07 10:02:05,695.9,1472037
2021-06-07 10:02:06,695.9,1472377
2021-06-07 10:02:08,695.7,1472539
2021-06-07 10:02:08,695.8,1472544
2021-06-07 10:02:10,695.8,1472544
2021-06-07 10:02:10,695.7,1472549
2021-06-07 10:02:12,697.0,1482769
2021-06-07 10:02:13,696.95,1482829
2021-06-07 10:02:14,696.8,1482840
2021-06-07 10:02:15,696.8,1482840
2021-06-07 10:02:16,696.8,1482890
2021-06-07 10:02:17,696.8,1482892
2021-06-07 10:02:19,696.8,1482982
2021-06-07 10:02:19,696.95,1482997
2021-06-07 10:02:20,696.95,1483002
2021-06-07 10:02:21,696.7,1483803
2021-06-07 10:02:23,697.0,1484055
2021-06-07 10:02:24,697.0,1484058
2021-06-07 10:02:25,696.95,1484081
2021-06-07 10:02:26,696.85,1484106
2021-06-07 10:02:27,696.85,1484186
2021-06-07 10:02:28,696.85,1484237
2021-06-07 10:02:29,696.95,1484247
2021-06-07 10:02:30,696.95,1484247
2021-06-07 10:02:31,696.85,1484762
2021-06-07 10:02:32,696.85,1484762
2021-06-07 10:02:33,696.8,1484763
2021-06-07 10:02:34,696.8,1484913
2021-06-07 10:02:35,696.75,1485182
2021-06-07 10:02:36,696.15,1485205
2021-06-07 10:02:37,696.0,1485269
2021-06-07 10:02:38,696.3,1485742
2021-06-07 10:02:39,695.95,1486264
2021-06-07 10:02:40,695.75,1486972
2021-06-07 10:02:41,695.95,1487072
2021-06-07 10:02:42,696.0,1487222
2021-06-07 10:02:42,696.0,1487358
2021-06-07 10:02:43,696.0,1488404
2021-06-07 10:02:44,696.0,1488404
2021-06-07 10:02:45,696.0,1488430
2021-06-07 10:02:46,696.0,1488459
2021-06-07 10:02:47,696.0,1488808
2021-06-07 10:02:48,695.9,1488809
2021-06-07 10:02:50,696.85,1490808
2021-06-07 10:02:51,696.85,1490808
2021-06-07 10:02:52,696.8,1491342
2021-06-07 10:02:53,696.8,1491342
2021-06-07 10:02:54,696.8,1491347
2021-06-07 10:02:55,696.8,1491447
2021-06-07 10:02:56,696.8,1491447
2021-06-07 10:02:57,696.35,1491647
2021-06-07 10:02:58,696.75,1491648
2021-06-07 10:02:59,696.75,1491648
2021-06-07 10:03:00,696.75,1491649
2021-06-07 10:03:01,696.8,1491769
2021-06-07 10:03:03,696.5,1491806
2021-06-07 10:03:04,696.3,1500024
2021-06-07 10:03:06,696.5,1500025
2021-06-07 10:03:06,696.5,1500025
2021-06-07 10:03:07,696.5,1500025
2021-06-07 10:03:08,696.5,1500025
2021-06-07 10:03:09,696.4,1500026
2021-06-07 10:03:10,696.45,1500042
2021-06-07 10:03:12,696.4,1500082
2021-06-07 10:03:13,696.1,1500296
2021-06-07 10:03:14,696.45,1500435
2021-06-07 10:03:15,696.1,1500535
2021-06-07 10:03:16,696.45,1500545
2021-06-07 10:03:17,696.45,1500545
2021-06-07 10:03:18,696.15,1500547
2021-06-07 10:03:19,696.15,1500557
2021-06-07 10:03:20,696.15,1500557
2021-06-07 10:03:21,696.5,1500857
2021-06-07 10:03:21,696.5,1500857
2021-06-07 10:03:22,696.5,1500893
2021-06-07 10:03:24,696.5,1500893
2021-06-07 10:03:25,696.5,1500893
2021-06-07 10:03:26,696.5,1500893
2021-06-07 10:03:27,696.15,1500918
2021-06-07 10:03:28,696.65,1501042
2021-06-07 10:03:29,696.7,1501048
2021-06-07 10:03:30,696.7,1501048
2021-06-07 10:03:31,696.45,1501098
2021-06-07 10:03:32,696.75,1501118
2021-06-07 10:03:33,696.75,1501118
2021-06-07 10:03:33,696.75,1501118
2021-06-07 10:03:34,696.75,1501221
2021-06-07 10:03:35,696.95,1502276
2021-06-07 10:03:36,696.95,1502278
2021-06-07 10:03:37,696.95,1502278
2021-06-07 10:03:38,696.7,1502288
2021-06-07 10:03:39,696.7,1502288
2021-06-07 10:03:40,696.7,1502288
2021-06-07 10:03:41,696.95,1502453
2021-06-07 10:03:42,696.7,1502524
2021-06-07 10:03:43,696.7,1502524
2021-06-07 10:03:44,697.25,1504861
2021-06-07 10:03:45,697.0,1504931
2021-06-07 10:03:46,697.1,1505811
2021-06-07 10:03:47,697.45,1506012
2021-06-07 10:03:49,697.5,1506148
2021-06-07 10:03:50,697.5,1506248
2021-06-07 10:03:51,697.25,1506268
2021-06-07 10:03:52,697.5,1506347
2021-06-07 10:03:53,697.25,1506456
2021-06-07 10:03:54,697.25,1506456
2021-06-07 10:03:55,697.25,1506465
2021-06-07 10:03:56,697.5,1506580
2021-06-07 10:03:57,697.5,1506596
2021-06-07 10:03:58,697.5,1506596
2021-06-07 10:03:59,697.5,1506699
2021-06-07 10:04:00,697.5,1506699
2021-06-07 10:04:02,697.5,1506861
2021-06-07 10:04:03,697.25,1506925
2021-06-07 10:04:04,697.5,1506950
2021-06-07 10:04:05,697.5,1506950
2021-06-07 10:04:06,697.25,1507060
2021-06-07 10:04:07,697.25,1507060
2021-06-07 10:04:08,697.5,1507075
2021-06-07 10:04:09,697.5,1507081
2021-06-07 10:04:10,697.5,1507143
2021-06-07 10:04:12,697.25,1508432
2021-06-07 10:04:13,697.25,1508536
2021-06-07 10:04:13,697.25,1508562
2021-06-07 10:04:14,697.5,1508565
2021-06-07 10:04:15,697.5,1508667
2021-06-07 10:04:16,697.5,1508667
2021-06-07 10:04:17,697.5,1508667
2021-06-07 10:04:18,697.35,1509079
2021-06-07 10:04:19,697.5,1509162
2021-06-07 10:04:20,697.5,1509258
2021-06-07 10:04:22,697.3,1509331
2021-06-07 10:04:24,697.3,1509382
2021-06-07 10:04:25,697.3,1509382
2021-06-07 10:04:26,697.6,1509456
2021-06-07 10:04:27,697.25,1509756
2021-06-07 10:04:28,697.25,1509756
2021-06-07 10:04:29,697.25,1509756
2021-06-07 10:04:30,697.6,1509946
2021-06-07 10:04:31,697.6,1510011
2021-06-07 10:04:32,697.8,1511045
2021-06-07 10:04:33,697.75,1511453
2021-06-07 10:04:34,697.35,1511466
2021-06-07 10:04:35,697.75,1511481
2021-06-07 10:04:36,697.5,1511484
2021-06-07 10:04:37,697.55,1511677
2021-06-07 10:04:38,697.75,1511998
2021-06-07 10:04:39,697.35,1512337
2021-06-07 10:04:40,697.35,1512337
2021-06-07 10:04:41,697.4,1512375
2021-06-07 10:04:42,697.2,1512403
2021-06-07 10:04:43,697.45,1512697
2021-06-07 10:04:44,697.5,1512727
2021-06-07 10:04:45,697.45,1513409
2021-06-07 10:04:46,697.45,1513409
2021-06-07 10:04:47,697.35,1515480
2021-06-07 10:04:48,696.75,1516909
2021-06-07 10:04:49,696.75,1516961
2021-06-07 10:04:50,696.75,1516961
2021-06-07 10:04:51,697.0,1516981
2021-06-07 10:04:52,697.0,1517018
2021-06-07 10:04:53,697.0,1517098
2021-06-07 10:04:54,697.0,1517148
2021-06-07 10:04:55,697.0,1517148
2021-06-07 10:04:56,696.8,1517153
2021-06-07 10:04:57,696.8,1517173
2021-06-07 10:04:58,696.75,1517215
2021-06-07 10:04:59,697.0,1517227
2021-06-07 10:05:00,696.75,1517234
2021-06-07 10:05:01,696.6,1517320
2021-06-07 10:05:02,697.0,1517336
2021-06-07 10:05:03,697.0,1517336
2021-06-07 10:05:04,696.6,1517487
2021-06-07 10:05:05,697.0,1517509
2021-06-07 10:05:06,697.0,1517510
2021-06-07 10:05:07,696.5,1518323
2021-06-07 10:05:08,696.35,1518352
2021-06-07 10:05:09,696.35,1518352
2021-06-07 10:05:10,696.35,1518352
2021-06-07 10:05:11,696.25,1518356
2021-06-07 10:05:13,696.3,1518393
2021-06-07 10:05:14,696.5,1518395
2021-06-07 10:05:15,696.5,1518840
2021-06-07 10:05:16,696.45,1518847
2021-06-07 10:05:17,696.45,1518867
2021-06-07 10:05:18,696.45,1518867
2021-06-07 10:05:19,696.2,1518969
2021-06-07 10:05:20,696.4,1519372
2021-06-07 10:05:21,696.45,1519374
2021-06-07 10:05:22,696.6,1520152
2021-06-07 10:05:23,696.6,1520152
2021-06-07 10:05:24,696.85,1520188
2021-06-07 10:05:25,696.75,1520198
2021-06-07 10:05:26,696.7,1520224
2021-06-07 10:05:27,696.7,1520225
2021-06-07 10:05:28,696.7,1520225
2021-06-07 10:05:29,696.55,1520246
2021-06-07 10:05:30,696.95,1520301
2021-06-07 10:05:31,696.95,1520357
2021-06-07 10:05:32,696.45,1520582
2021-06-07 10:05:33,696.45,1520582
2021-06-07 10:05:34,696.45,1520582
2021-06-07 10:05:35,696.45,1520582
2021-06-07 10:05:36,696.85,1520624
2021-06-07 10:05:37,696.85,1520624
2021-06-07 10:05:38,696.5,1520638
2021-06-07 10:05:39,696.5,1520638
2021-06-07 10:05:40,696.9,1520698
2021-06-07 10:05:41,696.55,1520719
2021-06-07 10:05:42,696.9,1520754
2021-06-07 10:05:43,696.85,1520779
2021-06-07 10:05:44,696.45,1521104
2021-06-07 10:05:45,696.45,1521249
2021-06-07 10:05:46,696.45,1521249
2021-06-07 10:05:47,696.5,1522106
2021-06-07 10:05:48,696.5,1522106
2021-06-07 10:05:49,696.5,1522146
2021-06-07 10:05:50,696.2,1523146
2021-06-07 10:05:51,696.2,1523146
2021-06-07 10:05:52,696.65,1523171
2021-06-07 10:05:53,696.65,1523186
2021-06-07 10:05:54,696.65,1523186
2021-06-07 10:05:55,696.8,1523211
2021-06-07 10:05:56,696.8,1523221
2021-06-07 10:05:57,696.8,1523221
2021-06-07 10:05:58,696.8,1523223
2021-06-07 10:05:59,696.6,1523243
2021-06-07 10:06:00,696.6,1523243
2021-06-07 10:06:01,696.6,1523243
2021-06-07 10:06:02,696.8,1523279
2021-06-07 10:06:03,696.8,1523379
2021-06-07 10:06:04,696.8,1523379
2021-06-07 10:06:05,696.8,1523379
2021-06-07 10:06:06,696.8,1523379
2021-06-07 10:06:07,696.65,1523384
2021-06-07 10:06:08,696.65,1523394
2021-06-07 10:06:09,696.55,1523565
2021-06-07 10:06:10,696.55,1523615
2021-06-07 10:06:11,696.65,1523695
2021-06-07 10:06:12,696.85,1523749
2021-06-07 10:06:13,696.85,1523749
2021-06-07 10:06:14,696.85,1523749
2021-06-07 10:06:15,696.85,1523759
2021-06-07 10:06:16,696.85,1523759
2021-06-07 10:06:17,696.55,1523856
2021-06-07 10:06:18,696.5,1523946
2021-06-07 10:06:19,696.55,1525025
2021-06-07 10:06:21,696.55,1525025
2021-06-07 10:06:22,696.6,1525046
2021-06-07 10:06:23,696.6,1525046
2021-06-07 10:06:24,696.45,1526543
2021-06-07 10:06:25,696.4,1526679
2021-06-07 10:06:26,696.4,1526689
2021-06-07 10:06:27,696.2,1526892
2021-06-07 10:06:29,695.7,1529419
2021-06-07 10:06:31,696.15,1529695
2021-06-07 10:06:32,695.9,1529743
2021-06-07 10:06:33,696.1,1529852
2021-06-07 10:06:34,696.35,1529948
2021-06-07 10:06:35,696.35,1529948
2021-06-07 10:06:36,696.35,1529948
2021-06-07 10:06:38,696.65,1530985
2021-06-07 10:06:40,696.25,1531025
2021-06-07 10:06:41,696.25,1531025
2021-06-07 10:06:42,696.5,1531029
2021-06-07 10:06:43,696.25,1531131
2021-06-07 10:06:44,696.25,1531131
2021-06-07 10:06:45,696.25,1531131
2021-06-07 10:06:46,696.3,1531133
2021-06-07 10:06:47,696.5,1531168
2021-06-07 10:06:48,696.5,1531168
2021-06-07 10:06:49,695.9,1531318
2021-06-07 10:06:50,696.25,1531351
2021-06-07 10:06:51,696.25,1531353
2021-06-07 10:06:53,696.4,1532088
2021-06-07 10:06:54,696.4,1532103
2021-06-07 10:06:55,696.5,1532164
2021-06-07 10:06:56,696.5,1532165
2021-06-07 10:06:57,696.25,1532556
2021-06-07 10:06:58,696.5,1532561
2021-06-07 10:06:59,696.5,1532561
2021-06-07 10:07:00,696.5,1532581
2021-06-07 10:07:01,696.1,1532621
2021-06-07 10:07:02,696.1,1532621
2021-06-07 10:07:03,696.5,1532669
2021-06-07 10:07:04,696.1,1532727
2021-06-07 10:07:05,696.5,1532847
2021-06-07 10:07:06,696.5,1532855
2021-06-07 10:07:07,696.5,1532855
2021-06-07 10:07:08,696.5,1533110
2021-06-07 10:07:09,696.5,1533124
2021-06-07 10:07:10,696.1,1533189
2021-06-07 10:07:11,696.5,1533524
2021-06-07 10:07:12,696.15,1533578
2021-06-07 10:07:13,696.5,1533593
2021-06-07 10:07:14,696.5,1533601
2021-06-07 10:07:15,696.15,1533626
2021-06-07 10:07:16,696.5,1533627
2021-06-07 10:07:17,696.5,1533641
2021-06-07 10:07:18,696.5,1533641
2021-06-07 10:07:19,697.0,1537481
2021-06-07 10:07:20,696.95,1537581
2021-06-07 10:07:21,697.2,1537592
2021-06-07 10:07:23,697.5,1537618
2021-06-07 10:07:23,697.5,1537618
2021-06-07 10:07:24,697.6,1537635
2021-06-07 10:07:25,697.6,1537726
2021-06-07 10:07:26,697.6,1537726
2021-06-07 10:07:27,697.6,1537726
2021-06-07 10:07:28,697.6,1537826
2021-06-07 10:07:29,697.25,1538326
2021-06-07 10:07:30,697.6,1538341
2021-06-07 10:07:31,697.35,1538346
2021-06-07 10:07:32,697.9,1539334
2021-06-07 10:07:33,697.9,1539334
2021-06-07 10:07:34,697.95,1539370
2021-06-07 10:07:35,697.95,1539370
2021-06-07 10:07:36,697.75,1554363
2021-06-07 10:07:37,697.6,1554438
2021-06-07 10:07:38,697.0,1554728
2021-06-07 10:07:39,697.0,1554728
2021-06-07 10:07:40,697.45,1554758
2021-06-07 10:07:41,697.45,1554758
2021-06-07 10:07:42,697.4,1554814
2021-06-07 10:07:43,697.4,1554814
2021-06-07 10:07:44,697.6,1554998
2021-06-07 10:07:45,697.6,1554998
2021-06-07 10:07:46,697.6,1554998
2021-06-07 10:07:47,697.55,1555040
2021-06-07 10:07:48,697.55,1555058
2021-06-07 10:07:49,697.55,1555121
2021-06-07 10:07:50,697.6,1555193
2021-06-07 10:07:51,697.8,1555243
2021-06-07 10:07:52,697.75,1555266
2021-06-07 10:07:53,697.75,1555366
2021-06-07 10:07:54,697.3,1555386
2021-06-07 10:07:55,697.3,1555569
2021-06-07 10:07:57,697.2,1555587
2021-06-07 10:07:57,697.2,1555587
2021-06-07 10:07:58,697.2,1555634
2021-06-07 10:07:59,697.2,1555634
2021-06-07 10:08:00,697.45,1555641
2021-06-07 10:08:01,697.2,1555709
2021-06-07 10:08:02,697.35,1555860
2021-06-07 10:08:03,697.25,1555862
2021-06-07 10:08:04,697.5,1556022
2021-06-07 10:08:05,697.8,1556024
2021-06-07 10:08:06,697.8,1556024
2021-06-07 10:08:07,697.8,1556024
2021-06-07 10:08:08,697.55,1556037
2021-06-07 10:08:09,697.85,1556127
2021-06-07 10:08:10,698.0,1556134
2021-06-07 10:08:11,697.65,1556234
2021-06-07 10:08:12,698.0,1556935
2021-06-07 10:08:13,697.75,1556955
2021-06-07 10:08:14,697.75,1556955
2021-06-07 10:08:15,697.75,1556975
2021-06-07 10:08:16,697.95,1557027
2021-06-07 10:08:17,697.95,1557027
2021-06-07 10:08:18,697.95,1557027
2021-06-07 10:08:19,697.95,1557033
2021-06-07 10:08:20,697.8,1557084
2021-06-07 10:08:21,697.8,1557084
2021-06-07 10:08:23,697.95,1557109
2021-06-07 10:08:23,698.0,1557174
2021-06-07 10:08:24,698.0,1557574
2021-06-07 10:08:25,697.6,1557824
2021-06-07 10:08:26,697.6,1557825
2021-06-07 10:08:27,697.8,1557896
2021-06-07 10:08:28,697.8,1557896
2021-06-07 10:08:29,697.75,1557913
2021-06-07 10:08:30,697.75,1557913
2021-06-07 10:08:32,698.0,1558150
2021-06-07 10:08:33,697.75,1558152
2021-06-07 10:08:34,698.0,1558160
2021-06-07 10:08:35,698.0,1558160
2021-06-07 10:08:36,698.0,1558160
2021-06-07 10:08:37,697.75,1558167
2021-06-07 10:08:38,697.75,1558172
2021-06-07 10:08:40,697.6,1558189
2021-06-07 10:08:39,697.75,1558182
2021-06-07 10:08:42,697.75,1558199
2021-06-07 10:08:43,698.0,1558334
2021-06-07 10:08:44,698.0,1558334
2021-06-07 10:08:45,697.8,1558371
2021-06-07 10:08:46,698.0,1558376
2021-06-07 10:08:47,697.95,1559055
2021-06-07 10:08:47,697.95,1559055
2021-06-07 10:08:48,697.95,1559066
2021-06-07 10:08:49,697.95,1559072
2021-06-07 10:08:50,697.95,1559076
2021-06-07 10:08:52,697.95,1559175
2021-06-07 10:08:53,698.0,1559211
2021-06-07 10:08:54,697.95,1559438
2021-06-07 10:08:54,697.95,1559438
2021-06-07 10:08:56,697.6,1559522
2021-06-07 10:08:56,697.6,1559522
2021-06-07 10:08:57,697.5,1559614
2021-06-07 10:08:58,697.5,1559614
2021-06-07 10:08:59,697.9,1559616
2021-06-07 10:09:00,697.9,1559626
2021-06-07 10:09:01,697.85,1559635
2021-06-07 10:09:02,697.4,1559850
2021-06-07 10:09:03,697.5,1559870
2021-06-07 10:09:04,697.4,1560030
2021-06-07 10:09:05,697.5,1560056
2021-06-07 10:09:06,697.2,1560234
2021-06-07 10:09:07,697.6,1560273
2021-06-07 10:09:09,697.25,1560323
2021-06-07 10:09:10,697.45,1560324
2021-06-07 10:09:11,697.5,1560369
2021-06-07 10:09:12,697.5,1560449
2021-06-07 10:09:13,697.35,1560464
2021-06-07 10:09:14,697.5,1560489
2021-06-07 10:09:16,697.5,1560489
2021-06-07 10:09:16,697.5,1560489
2021-06-07 10:09:17,697.5,1560491
2021-06-07 10:09:18,697.5,1560499
2021-06-07 10:09:19,697.5,1560499
2021-06-07 10:09:20,697.5,1560499
2021-06-07 10:09:21,697.25,1560508
2021-06-07 10:09:22,697.5,1560550
2021-06-07 10:09:23,697.5,1560552
2021-06-07 10:09:24,697.25,1560641
2021-06-07 10:09:25,697.25,1560654
2021-06-07 10:09:26,697.2,1560659
2021-06-07 10:09:27,697.5,1561562
2021-06-07 10:09:29,697.2,1561594
2021-06-07 10:09:29,697.2,1561594
2021-06-07 10:09:30,697.2,1561687
2021-06-07 10:09:31,697.5,1561692
2021-06-07 10:09:32,697.5,1561728
2021-06-07 10:09:33,697.5,1561728
2021-06-07 10:09:34,697.15,1561821
2021-06-07 10:09:35,697.2,1561907
2021-06-07 10:09:36,697.1,1561908
2021-06-07 10:09:37,697.1,1561908
2021-06-07 10:09:38,697.2,1561915
2021-06-07 10:09:39,697.1,1561917
2021-06-07 10:09:40,697.2,1561942
2021-06-07 10:09:42,697.2,1561942
2021-06-07 10:09:42,697.2,1561978
2021-06-07 10:09:43,697.1,1562178
2021-06-07 10:09:45,697.1,1562178
2021-06-07 10:09:46,697.2,1562879
2021-06-07 10:09:46,697.15,1562881
2021-06-07 10:09:48,697.45,1562983
2021-06-07 10:09:48,697.2,1562994
2021-06-07 10:09:49,697.5,1563103
2021-06-07 10:09:51,697.5,1563472
2021-06-07 10:09:52,697.5,1563619
2021-06-07 10:09:53,697.5,1563619
2021-06-07 10:09:55,697.5,1563650
2021-06-07 10:09:56,697.5,1563650
2021-06-07 10:09:57,697.25,1563651
2021-06-07 10:09:58,697.5,1563661
2021-06-07 10:09:59,697.5,1563661
2021-06-07 10:10:00,697.5,1563671
2021-06-07 10:10:01,697.5,1563686
2021-06-07 10:10:02,697.5,1563817
2021-06-07 10:10:04,697.5,1563818
2021-06-07 10:10:04,697.5,1563818
2021-06-07 10:10:05,697.2,1563853
2021-06-07 10:10:06,697.5,1563903
2021-06-07 10:10:07,697.5,1563903
2021-06-07 10:10:09,697.5,1563906
2021-06-07 10:10:10,697.2,1563907
2021-06-07 10:10:10,697.4,1563912
2021-06-07 10:10:11,697.2,1563970
2021-06-07 10:10:12,697.0,1564175
2021-06-07 10:10:14,697.0,1564175
2021-06-07 10:10:14,697.05,1564176
2021-06-07 10:10:16,697.2,1564196
2021-06-07 10:10:17,697.2,1564196
2021-06-07 10:10:18,697.2,1564198
2021-06-07 10:10:19,697.2,1564198
2021-06-07 10:10:20,697.4,1564199
2021-06-07 10:10:22,697.5,1564620
2021-06-07 10:10:22,697.5,1564620
2021-06-07 10:10:23,697.5,1564620
2021-06-07 10:10:24,697.15,1564630
2021-06-07 10:10:26,697.2,1564632
2021-06-07 10:10:27,697.2,1564632
2021-06-07 10:10:28,697.15,1564650
2021-06-07 10:10:29,697.15,1564650
2021-06-07 10:10:30,697.2,1564732
2021-06-07 10:10:31,697.2,1564793
2021-06-07 10:10:31,697.2,1564800
2021-06-07 10:10:32,697.6,1566300
2021-06-07 10:10:33,697.65,1566400
2021-06-07 10:10:34,697.6,1566437
2021-06-07 10:10:35,697.5,1566457
2021-06-07 10:10:36,697.6,1566458
2021-06-07 10:10:37,697.6,1566458
2021-06-07 10:10:38,697.5,1566462
2021-06-07 10:10:39,697.65,1566765
2021-06-07 10:10:40,697.65,1566765
2021-06-07 10:10:42,697.6,1566841
2021-06-07 10:10:43,697.2,1567002
2021-06-07 10:10:45,697.2,1567002
2021-06-07 10:10:45,697.2,1567002
2021-06-07 10:10:46,697.55,1567115
2021-06-07 10:10:47,697.55,1567168
2021-06-07 10:10:48,697.55,1567168
2021-06-07 10:10:49,697.2,1567183
2021-06-07 10:10:50,697.55,1567187
2021-06-07 10:10:51,697.55,1567187
2021-06-07 10:10:53,697.2,1567303
2021-06-07 10:10:54,697.2,1567303
2021-06-07 10:10:55,697.2,1567303
2021-06-07 10:10:56,697.45,1567727
2021-06-07 10:10:57,697.15,1567737
2021-06-07 10:10:57,697.5,1567837
2021-06-07 10:10:59,697.2,1567977
2021-06-07 10:10:59,697.0,1568191
2021-06-07 10:11:00,697.2,1568241
2021-06-07 10:11:02,697.2,1568241
2021-06-07 10:11:02,697.2,1568277
2021-06-07 10:11:03,697.2,1568328
2021-06-07 10:11:05,697.2,1568379
2021-06-07 10:11:06,697.2,1568641
2021-06-07 10:11:07,697.6,1568666
2021-06-07 10:11:08,697.6,1568666
2021-06-07 10:11:08,697.6,1568666
2021-06-07 10:11:09,697.3,1568860
2021-06-07 10:11:10,697.75,1569460
2021-06-07 10:11:11,697.3,1569495
2021-06-07 10:11:12,697.7,1569695
2021-06-07 10:11:13,697.7,1569695
2021-06-07 10:11:14,697.8,1569732
2021-06-07 10:11:16,697.65,1569795
2021-06-07 10:11:17,697.9,1570495
2021-06-07 10:11:18,697.0,1571105
2021-06-07 10:11:19,697.0,1571105
2021-06-07 10:11:20,697.5,1571106
2021-06-07 10:11:21,697.5,1571141
2021-06-07 10:11:21,697.5,1571141
2021-06-07 10:11:22,697.5,1571179
2021-06-07 10:11:23,697.5,1571179
2021-06-07 10:11:24,697.1,1571204
2021-06-07 10:11:25,697.5,1571205
2021-06-07 10:11:27,697.5,1571208
2021-06-07 10:11:28,697.5,1571208
2021-06-07 10:11:29,697.5,1571208
2021-06-07 10:11:30,697.5,1571319
2021-06-07 10:11:31,697.2,1571360
2021-06-07 10:11:31,697.4,1571361
2021-06-07 10:11:32,697.1,1573411
2021-06-07 10:11:34,697.15,1573461
2021-06-07 10:11:35,697.1,1573481
2021-06-07 10:11:36,697.1,1573481
2021-06-07 10:11:37,697.4,1573601
2021-06-07 10:11:38,697.4,1573601
2021-06-07 10:11:39,697.4,1573601
2021-06-07 10:11:40,697.45,1573651
2021-06-07 10:11:40,697.45,1573651
2021-06-07 10:11:43,697.05,1573737
2021-06-07 10:11:42,697.45,1573651
2021-06-07 10:11:44,697.05,1573737
2021-06-07 10:11:45,697.05,1573737
2021-06-07 10:11:46,697.0,1573841
2021-06-07 10:11:47,697.0,1573881
2021-06-07 10:11:48,697.2,1582514
2021-06-07 10:11:49,697.3,1582622
2021-06-07 10:11:50,697.3,1582622
2021-06-07 10:11:51,697.2,1582624
2021-06-07 10:11:51,697.2,1582624
2021-06-07 10:11:52,696.9,1582675
2021-06-07 10:11:53,697.2,1582690
2021-06-07 10:11:54,696.9,1582791
2021-06-07 10:11:56,696.9,1582944
2021-06-07 10:11:57,697.2,1582954
2021-06-07 10:11:58,696.9,1582970
2021-06-07 10:11:59,696.9,1582970
2021-06-07 10:12:00,696.9,1582994
2021-06-07 10:12:01,696.9,1582994
2021-06-07 10:12:02,697.15,1583031
2021-06-07 10:12:03,697.15,1583031
2021-06-07 10:12:04,697.15,1583031
2021-06-07 10:12:05,697.15,1583065
2021-06-07 10:12:06,697.15,1583065
2021-06-07 10:12:07,697.0,1583085
2021-06-07 10:12:08,696.75,1583185
2021-06-07 10:12:09,696.75,1583185
2021-06-07 10:12:10,696.75,1583185
2021-06-07 10:12:11,696.75,1584169
2021-06-07 10:12:14,696.55,1584216
2021-06-07 10:12:16,696.55,1584276
2021-06-07 10:12:17,696.55,1584276
2021-06-07 10:12:18,696.65,1584278
2021-06-07 10:12:19,696.65,1584278
2021-06-07 10:12:20,696.55,1584304
2021-06-07 10:12:20,696.55,1584304
2021-06-07 10:12:22,696.55,1584304
2021-06-07 10:12:23,696.5,1584627
2021-06-07 10:12:24,696.75,1584633
2021-06-07 10:12:25,696.5,1584635
2021-06-07 10:12:26,696.85,1584636
2021-06-07 10:12:27,696.75,1584657
2021-06-07 10:12:28,696.5,1584689
2021-06-07 10:12:29,696.85,1584701
2021-06-07 10:12:30,696.85,1584701
2021-06-07 10:12:31,696.9,1584776
2021-06-07 10:12:31,696.9,1584776
2021-06-07 10:12:32,696.9,1584823
2021-06-07 10:12:33,696.9,1584828
2021-06-07 10:12:34,696.5,1584840
2021-06-07 10:12:35,696.5,1584840
2021-06-07 10:12:36,696.9,1584865
2021-06-07 10:12:37,696.85,1585945
2021-06-07 10:12:38,696.6,1586158
2021-06-07 10:12:40,696.6,1586428
2021-06-07 10:12:42,696.6,1586428
2021-06-07 10:12:43,696.6,1586428
2021-06-07 10:12:43,696.55,1587228
2021-06-07 10:12:44,696.55,1587228
2021-06-07 10:12:45,697.0,1587229
2021-06-07 10:12:46,697.0,1587239
2021-06-07 10:12:48,697.05,1587314
2021-06-07 10:12:49,697.05,1587314
2021-06-07 10:12:50,696.65,1587424
2021-06-07 10:12:51,696.65,1587424
2021-06-07 10:12:52,697.05,1587460
2021-06-07 10:12:53,696.65,1587475
2021-06-07 10:12:54,696.6,1587508
2021-06-07 10:12:56,696.6,1587508
2021-06-07 10:12:57,696.6,1587508
2021-06-07 10:12:57,696.85,1587583
2021-06-07 10:12:59,696.7,1587584
2021-06-07 10:13:01,696.7,1587584
2021-06-07 10:13:02,696.7,1587614
2021-06-07 10:13:03,697.0,1587650
2021-06-07 10:13:04,696.7,1587747
2021-06-07 10:13:05,696.7,1587747
2021-06-07 10:13:05,696.7,1587747
2021-06-07 10:13:06,697.0,1587752
2021-06-07 10:13:08,697.0,1587752
2021-06-07 10:13:09,696.75,1587780
2021-06-07 10:13:10,696.75,1587828
2021-06-07 10:13:11,696.75,1587998
2021-06-07 10:13:12,696.7,1588036
2021-06-07 10:13:13,696.75,1588056
2021-06-07 10:13:14,696.75,1588394
2021-06-07 10:13:15,697.0,1588469
2021-06-07 10:13:16,696.75,1588470
2021-06-07 10:13:17,696.5,1588871
2021-06-07 10:13:18,697.0,1589113
2021-06-07 10:13:19,697.0,1589113
2021-06-07 10:13:20,696.75,1589115
2021-06-07 10:13:21,696.75,1589292
2021-06-07 10:13:22,696.35,1589392
2021-06-07 10:13:23,696.35,1589392
2021-06-07 10:13:24,696.75,1589717
2021-06-07 10:13:24,696.75,1589717
2021-06-07 10:13:25,696.75,1589717
2021-06-07 10:13:26,696.75,1589717
2021-06-07 10:13:27,696.75,1589717
2021-06-07 10:13:29,696.75,1589717
2021-06-07 10:13:30,696.65,1589725
