timestamp,ltp,volume
2021-06-07 09:18:15,6663.1,5502
2021-06-07 09:18:17,6663.0,5514
2021-06-07 09:18:18,6663.0,5514
2021-06-07 09:18:19,6663.0,5514
2021-06-07 09:18:20,6663.0,5514
2021-06-07 09:18:20,6663.0,5514
2021-06-07 09:18:21,6665.55,5523
2021-06-07 09:18:22,6663.0,5604
2021-06-07 09:18:26,6665.5,5683
2021-06-07 09:18:28,6665.5,5716
2021-06-07 09:18:29,6666.0,5736
2021-06-07 09:18:29,6666.0,5740
2021-06-07 09:18:30,6666.0,5769
2021-06-07 09:18:31,6666.05,5783
2021-06-07 09:18:33,6666.0,5789
2021-06-07 09:18:34,6666.0,5789
2021-06-07 09:18:35,6666.0,5789
2021-06-07 09:18:36,6665.5,5833
2021-06-07 09:18:37,6665.5,5833
2021-06-07 09:18:39,6665.5,5833
2021-06-07 09:18:40,6665.5,5883
2021-06-07 09:18:41,6665.5,6033
2021-06-07 09:18:42,6665.5,6033
2021-06-07 09:18:43,6667.15,6043
2021-06-07 09:18:44,6667.15,6053
2021-06-07 09:18:45,6665.5,6054
2021-06-07 09:18:46,6667.05,6156
2021-06-07 09:18:46,6667.05,6156
2021-06-07 09:18:47,6665.5,6176
2021-06-07 09:18:48,6665.5,6176
2021-06-07 09:18:49,6665.5,6176
2021-06-07 09:18:51,6665.5,6304
2021-06-07 09:18:51,6665.5,6304
2021-06-07 09:18:52,6667.95,6334
2021-06-07 09:18:53,6667.95,6334
2021-06-07 09:18:54,6667.95,6334
2021-06-07 09:18:55,6667.95,6334
2021-06-07 09:18:58,6668.0,6384
2021-06-07 09:18:59,6668.0,6384
2021-06-07 09:19:00,6667.95,6386
2021-06-07 09:19:00,6667.95,6386
2021-06-07 09:19:01,6668.0,6417
2021-06-07 09:19:02,6668.0,6418
2021-06-07 09:19:03,6665.5,6419
2021-06-07 09:19:04,6665.5,6419
2021-06-07 09:19:06,6668.0,6481
2021-06-07 09:19:07,6668.0,6486
2021-06-07 09:19:08,6668.0,6486
2021-06-07 09:19:09,6668.0,6486
2021-06-07 09:19:10,6667.8,6667
2021-06-07 09:19:11,6667.8,6667
2021-06-07 09:19:11,6667.8,6667
2021-06-07 09:19:12,6668.0,6668
2021-06-07 09:19:13,6668.0,6708
2021-06-07 09:19:14,6668.0,6743
2021-06-07 09:19:15,6668.0,6743
2021-06-07 09:19:17,6668.0,6743
2021-06-07 09:19:18,6668.0,6743
2021-06-07 09:19:19,6668.0,6749
2021-06-07 09:19:21,6668.0,6749
2021-06-07 09:19:21,6668.0,6749
2021-06-07 09:19:23,6668.0,6755
2021-06-07 09:19:24,6668.0,6763
2021-06-07 09:19:24,6668.0,6763
2021-06-07 09:19:26,6668.0,6763
2021-06-07 09:19:27,6668.0,7021
2021-06-07 09:19:28,6670.4,7086
2021-06-07 09:19:29,6670.4,7086
2021-06-07 09:19:30,6668.0,7088
2021-06-07 09:19:31,6670.0,7156
2021-06-07 09:19:31,6668.0,7141
2021-06-07 09:19:32,6669.95,7157
2021-06-07 09:19:33,6667.0,7258
2021-06-07 09:19:35,6669.5,7271
2021-06-07 09:19:36,6669.5,7271
2021-06-07 09:19:37,6669.5,7274
2021-06-07 09:19:38,6669.5,7274
2021-06-07 09:19:39,6669.5,7278
2021-06-07 09:19:40,6669.5,7278
2021-06-07 09:19:41,6669.5,7372
2021-06-07 09:19:42,6669.5,7372
2021-06-07 09:19:43,6670.3,7401
2021-06-07 09:19:44,6669.95,7411
2021-06-07 09:19:45,6674.35,7420
2021-06-07 09:19:46,6669.5,7425
2021-06-07 09:19:47,6669.5,7425
2021-06-07 09:19:47,6669.5,7425
2021-06-07 09:19:48,6669.5,7520
2021-06-07 09:19:49,6669.5,7520
2021-06-07 09:19:50,6670.0,7536
2021-06-07 09:19:52,6670.25,7538
2021-06-07 09:19:53,6670.25,7538
2021-06-07 09:19:54,6669.5,7542
2021-06-07 09:19:54,6669.5,7542
2021-06-07 09:19:55,6669.5,7542
2021-06-07 09:19:58,6669.5,7760
2021-06-07 09:20:00,6675.0,7953
2021-06-07 09:20:01,6678.05,8018
2021-06-07 09:20:02,6679.8,8045
2021-06-07 09:20:03,6679.8,8045
2021-06-07 09:20:04,6679.6,8047
2021-06-07 09:20:05,6679.6,8047
2021-06-07 09:20:05,6679.6,8047
2021-06-07 09:20:06,6679.6,8047
2021-06-07 09:20:07,6680.95,8287
2021-06-07 09:20:09,6680.95,8287
2021-06-07 09:20:10,6680.95,8287
2021-06-07 09:20:11,6680.95,8287
2021-06-07 09:20:12,6680.95,8287
2021-06-07 09:20:13,6680.95,8287
2021-06-07 09:20:14,6680.25,8414
2021-06-07 09:20:15,6680.25,8414
2021-06-07 09:20:16,6676.4,8488
2021-06-07 09:20:17,6676.4,8488
2021-06-07 09:20:17,6676.4,8488
2021-06-07 09:20:18,6679.1,8489
2021-06-07 09:20:19,6679.1,8489
2021-06-07 09:20:21,6679.65,8539
2021-06-07 09:20:21,6677.55,8607
2021-06-07 09:20:22,6675.9,8642
2021-06-07 09:20:23,6679.15,8652
2021-06-07 09:20:24,6679.15,8652
2021-06-07 09:20:27,6670.0,8764
2021-06-07 09:20:27,6670.0,8764
2021-06-07 09:20:28,6666.55,9215
2021-06-07 09:20:29,6666.55,9215
2021-06-07 09:20:30,6667.8,9216
2021-06-07 09:20:31,6667.8,9267
2021-06-07 09:20:32,6667.8,9267
2021-06-07 09:20:34,6667.8,9267
2021-06-07 09:20:35,6667.8,9296
2021-06-07 09:20:36,6667.8,9318
2021-06-07 09:20:37,6666.8,9335
2021-06-07 09:20:38,6666.8,9335
2021-06-07 09:20:39,6666.8,9335
2021-06-07 09:20:39,6667.8,9338
2021-06-07 09:20:40,6667.8,9338
2021-06-07 09:20:41,6672.05,9365
2021-06-07 09:20:42,6672.05,9365
2021-06-07 09:20:43,6672.05,9365
2021-06-07 09:20:44,6669.0,9395
2021-06-07 09:20:45,6669.0,9395
2021-06-07 09:20:46,6669.0,9395
2021-06-07 09:20:48,6669.0,9395
2021-06-07 09:20:49,6674.0,9396
2021-06-07 09:20:50,6674.0,9396
2021-06-07 09:20:56,6675.05,9418
2021-06-07 09:21:03,6677.2,9492
2021-06-07 09:21:09,6678.45,9499
2021-06-07 09:21:16,6677.25,9519
2021-06-07 09:21:22,6677.25,9544
2021-06-07 09:21:29,6677.25,9547
2021-06-07 09:21:35,6678.0,9687
2021-06-07 09:21:41,6679.7,9819
2021-06-07 09:21:48,6678.0,10019
2021-06-07 09:21:54,6675.0,10057
2021-06-07 09:22:01,6674.35,10159
2021-06-07 09:22:07,6677.2,10223
2021-06-07 09:22:13,6678.0,10495
2021-06-07 09:22:20,6678.0,10522
2021-06-07 09:22:26,6677.25,10588
2021-06-07 09:22:32,6683.9,10692
2021-06-07 09:22:38,6677.85,10732
2021-06-07 09:22:44,6677.85,10732
2021-06-07 09:22:50,6678.75,10751
2021-06-07 09:22:57,6681.75,10754
2021-06-07 09:23:03,6681.6,10762
2021-06-07 09:23:09,6681.6,10762
2021-06-07 09:23:15,6679.0,10773
2021-06-07 09:23:21,6680.9,10793
2021-06-07 09:23:28,6679.0,10902
2021-06-07 09:23:34,6675.75,10954
2021-06-07 09:23:40,6680.25,10955
2021-06-07 09:23:46,6678.0,10976
2021-06-07 09:23:52,6675.0,10980
2021-06-07 09:23:58,6677.5,11028
2021-06-07 09:24:10,6679.3,11156
2021-06-07 09:24:17,6680.0,11261
2021-06-07 09:24:22,6678.95,11301
2021-06-07 09:24:29,6680.0,11444
2021-06-07 09:24:35,6680.0,11467
2021-06-07 09:24:41,6681.55,11740
2021-06-07 09:24:47,6684.6,11813
2021-06-07 09:24:53,6684.6,11813
2021-06-07 09:25:05,6679.8,11870
2021-06-07 09:25:11,6675.15,11899
2021-06-07 09:25:17,6675.0,11949
2021-06-07 09:25:22,6678.6,11965
2021-06-07 09:25:28,6678.6,11965
2021-06-07 09:25:34,6676.2,12093
2021-06-07 09:25:40,6679.2,12094
2021-06-07 09:25:46,6679.2,12094
2021-06-07 09:25:52,6679.2,12094
2021-06-07 09:25:57,6679.0,12190
2021-06-07 09:26:03,6678.9,12249
2021-06-07 09:26:09,6678.6,12269
2021-06-07 09:26:15,6674.0,12374
2021-06-07 09:26:21,6674.0,12374
2021-06-07 09:26:27,6673.55,12425
2021-06-07 09:26:33,6673.55,12425
2021-06-07 09:26:39,6674.0,12434
2021-06-07 09:26:45,6674.0,12434
2021-06-07 09:26:51,6676.75,12560
2021-06-07 09:26:57,6676.5,12583
2021-06-07 09:27:02,6679.5,12869
2021-06-07 09:27:08,6678.75,12907
2021-06-07 09:27:14,6682.0,12935
2021-06-07 09:27:20,6682.0,13087
2021-06-07 09:27:26,6689.9,13550
2021-06-07 09:27:31,6688.0,13602
2021-06-07 09:27:37,6688.0,13651
2021-06-07 09:27:43,6688.0,13671
2021-06-07 09:27:49,6683.1,13787
2021-06-07 09:27:55,6680.0,13797
2021-06-07 09:28:01,6681.0,13820
2021-06-07 09:28:07,6679.85,13831
2021-06-07 09:28:13,6680.0,14375
2021-06-07 09:28:19,6680.0,14393
2021-06-07 09:28:25,6680.0,14438
2021-06-07 09:28:30,6680.0,14439
2021-06-07 09:28:36,6680.0,14474
2021-06-07 09:28:42,6678.0,14933
2021-06-07 09:28:48,6678.05,15152
2021-06-07 09:28:53,6678.05,15177
2021-06-07 09:28:59,6678.05,15177
2021-06-07 09:29:05,6675.35,15278
2021-06-07 09:29:11,6678.0,15298
2021-06-07 09:29:16,6678.05,15334
2021-06-07 09:29:28,6676.2,15355
2021-06-07 09:29:33,6679.75,15356
2021-06-07 09:29:39,6677.0,15366
2021-06-07 09:29:45,6678.0,15367
2021-06-07 09:29:51,6678.0,16042
2021-06-07 09:29:57,6680.0,16046
2021-06-07 09:30:02,6680.0,16944
2021-06-07 09:30:08,6677.75,17050
2021-06-07 09:30:14,6676.05,17137
2021-06-07 09:30:20,6680.0,17145
2021-06-07 09:30:25,6680.0,17155
2021-06-07 09:30:31,6675.55,17267
2021-06-07 09:30:37,6676.95,17281
2021-06-07 09:30:42,6675.0,17293
2021-06-07 09:30:53,6674.35,17332
2021-06-07 09:30:58,6676.95,17338
2021-06-07 09:31:04,6679.8,17373
2021-06-07 09:31:09,6676.95,17374
2021-06-07 09:31:15,6676.95,17375
2021-06-07 09:31:21,6676.95,17377
2021-06-07 09:31:27,6676.95,17379
2021-06-07 09:31:32,6679.8,17433
2021-06-07 09:31:38,6676.95,17662
2021-06-07 09:31:43,6677.0,17706
2021-06-07 09:31:49,6677.0,17706
2021-06-07 09:31:54,6677.0,17706
2021-06-07 09:32:00,6677.0,17712
2021-06-07 09:32:05,6680.0,17713
2021-06-07 09:32:11,6675.65,17763
2021-06-07 09:32:21,6675.2,17769
2021-06-07 09:32:27,6675.1,17777
2021-06-07 09:32:33,6675.35,17832
2021-06-07 09:32:38,6675.35,17833
2021-06-07 09:32:44,6675.15,17835
2021-06-07 09:32:49,6675.0,17838
2021-06-07 09:32:54,6675.05,17881
2021-06-07 09:32:59,6681.3,19876
2021-06-07 09:33:05,6675.95,20152
2021-06-07 09:33:11,6676.4,20157
2021-06-07 09:33:16,6681.0,20158
2021-06-07 09:33:22,6678.1,20235
2021-06-07 09:33:33,6680.0,20255
2021-06-07 09:33:38,6676.3,20262
2021-06-07 09:33:43,6675.0,20268
2021-06-07 09:33:48,6675.0,20281
2021-06-07 09:33:54,6675.3,20341
2021-06-07 09:33:59,6679.1,20371
2021-06-07 09:34:05,6675.0,20374
2021-06-07 09:34:10,6680.75,20475
2021-06-07 09:34:16,6676.35,20495
2021-06-07 09:34:21,6676.35,20495
2021-06-07 09:34:27,6678.6,20509
2021-06-07 09:34:32,6680.75,20544
2021-06-07 09:34:38,6676.4,20593
2021-06-07 09:34:43,6676.8,20595
2021-06-07 09:34:49,6676.8,20595
2021-06-07 09:34:54,6676.8,20599
2021-06-07 09:35:04,6676.25,20600
2021-06-07 09:35:10,6678.0,20691
2021-06-07 09:35:15,6675.3,20703
2021-06-07 09:35:20,6676.2,20837
2021-06-07 09:35:26,6676.2,20837
2021-06-07 09:35:31,6678.35,20857
2021-06-07 09:35:36,6678.35,20857
2021-06-07 09:35:41,6678.35,20857
2021-06-07 09:35:46,6676.05,20872
2021-06-07 09:35:50,6677.4,20880
2021-06-07 09:35:50,6677.4,20880
2021-06-07 09:35:51,6677.4,20880
2021-06-07 09:35:53,6677.4,20880
2021-06-07 09:35:54,6678.0,20910
2021-06-07 09:35:55,6676.35,20914
2021-06-07 09:35:56,6676.35,20914
2021-06-07 09:35:57,6676.0,20916
2021-06-07 09:35:57,6679.8,20931
2021-06-07 09:35:58,6682.0,21742
2021-06-07 09:35:59,6682.0,21742
2021-06-07 09:36:00,6682.0,21742
2021-06-07 09:36:01,6682.0,21742
2021-06-07 09:36:02,6682.0,21742
2021-06-07 09:36:03,6682.0,21742
2021-06-07 09:36:04,6682.0,21742
2021-06-07 09:36:05,6682.0,21742
2021-06-07 09:36:06,6679.8,21743
2021-06-07 09:36:08,6679.8,21743
2021-06-07 09:36:09,6679.8,21743
2021-06-07 09:36:11,6679.8,21743
2021-06-07 09:36:12,6679.8,21743
2021-06-07 09:36:13,6679.8,21743
2021-06-07 09:36:14,6679.8,21743
2021-06-07 09:36:15,6682.8,21754
2021-06-07 09:36:15,6679.35,21756
2021-06-07 09:36:17,6679.35,21756
2021-06-07 09:36:18,6679.35,21756
2021-06-07 09:36:19,6679.35,21756
2021-06-07 09:36:20,6679.35,21756
2021-06-07 09:36:21,6679.35,21756
2021-06-07 09:36:22,6679.35,21756
2021-06-07 09:36:23,6682.75,21777
2021-06-07 09:36:24,6679.35,21780
2021-06-07 09:36:25,6678.85,21784
2021-06-07 09:36:26,6678.85,21784
2021-06-07 09:36:27,6678.85,21784
2021-06-07 09:36:28,6679.2,21786
2021-06-07 09:36:29,6679.2,21786
2021-06-07 09:36:30,6679.2,21786
2021-06-07 09:36:31,6682.4,21789
2021-06-07 09:36:32,6682.4,21789
2021-06-07 09:36:33,6680.0,21799
2021-06-07 09:36:34,6682.3,21801
2021-06-07 09:36:35,6682.3,21801
2021-06-07 09:36:37,6682.3,21801
2021-06-07 09:36:39,6682.3,21801
2021-06-07 09:36:42,6678.7,21913
2021-06-07 09:36:43,6678.7,21913
2021-06-07 09:36:44,6678.7,21913
2021-06-07 09:36:45,6678.7,21913
2021-06-07 09:36:46,6682.4,21926
2021-06-07 09:36:47,6682.4,21926
2021-06-07 09:36:48,6682.4,21926
2021-06-07 09:36:49,6682.4,21926
2021-06-07 09:36:50,6678.75,21927
2021-06-07 09:36:51,6678.75,21927
2021-06-07 09:36:52,6678.75,21927
2021-06-07 09:36:54,6683.95,21969
2021-06-07 09:36:56,6683.85,22072
2021-06-07 09:36:57,6683.85,22072
2021-06-07 09:36:58,6683.85,22072
2021-06-07 09:36:59,6683.85,22072
2021-06-07 09:37:00,6683.85,22072
2021-06-07 09:37:01,6689.7,23214
2021-06-07 09:37:02,6690.0,24493
2021-06-07 09:37:03,6690.5,24541
2021-06-07 09:37:04,6690.5,24541
2021-06-07 09:37:05,6690.5,24546
2021-06-07 09:37:05,6690.5,24546
2021-06-07 09:37:07,6690.8,24595
2021-06-07 09:37:06,6690.8,24595
2021-06-07 09:37:08,6690.8,24598
2021-06-07 09:37:10,6686.0,25098
2021-06-07 09:37:10,6690.8,24598
2021-06-07 09:37:11,6690.5,25106
2021-06-07 09:37:13,6689.9,25107
2021-06-07 09:37:15,6688.95,25142
2021-06-07 09:37:16,6694.3,25226
2021-06-07 09:37:16,6688.95,25142
2021-06-07 09:37:17,6702.0,28854
2021-06-07 09:37:18,6698.7,28891
2021-06-07 09:37:19,6698.7,28891
2021-06-07 09:37:20,6698.7,28956
2021-06-07 09:37:21,6698.7,28981
2021-06-07 09:37:22,6704.25,29061
2021-06-07 09:37:24,6699.0,29141
2021-06-07 09:37:25,6700.0,29146
2021-06-07 09:37:26,6700.3,29156
2021-06-07 09:37:27,6703.35,29181
2021-06-07 09:37:28,6703.55,29192
2021-06-07 09:37:29,6703.85,29194
2021-06-07 09:37:30,6700.85,29197
2021-06-07 09:37:31,6703.85,29201
2021-06-07 09:37:31,6700.9,29206
2021-06-07 09:37:32,6703.75,29210
2021-06-07 09:37:33,6699.35,29520
2021-06-07 09:37:34,6702.85,29861
2021-06-07 09:37:35,6702.85,29861
2021-06-07 09:37:36,6699.3,29966
2021-06-07 09:37:37,6700.0,30061
2021-06-07 09:37:39,6704.05,30171
2021-06-07 09:37:40,6704.05,30171
2021-06-07 09:37:41,6702.85,30172
2021-06-07 09:37:42,6702.85,30172
2021-06-07 09:37:43,6705.15,30621
2021-06-07 09:37:44,6705.25,30740
2021-06-07 09:37:45,6705.25,30740
2021-06-07 09:37:46,6706.05,30750
2021-06-07 09:37:47,6706.05,30750
2021-06-07 09:37:48,6706.05,30750
2021-06-07 09:37:49,6703.0,30752
2021-06-07 09:37:50,6703.0,30752
2021-06-07 09:37:52,6705.0,30783
2021-06-07 09:37:52,6703.0,30774
2021-06-07 09:37:53,6707.0,30838
2021-06-07 09:37:54,6706.8,30840
2021-06-07 09:37:55,6706.8,30840
2021-06-07 09:37:56,6703.3,30841
2021-06-07 09:37:57,6703.3,30841
2021-06-07 09:37:58,6703.3,30841
2021-06-07 09:37:59,6703.3,30841
2021-06-07 09:38:00,6703.3,30841
2021-06-07 09:38:01,6703.3,30841
2021-06-07 09:38:02,6703.3,30841
2021-06-07 09:38:03,6703.3,30841
2021-06-07 09:38:04,6706.7,30843
2021-06-07 09:38:06,6705.0,30845
2021-06-07 09:38:07,6707.05,30855
2021-06-07 09:38:08,6705.0,30863
2021-06-07 09:38:09,6705.0,30867
2021-06-07 09:38:10,6705.0,30867
2021-06-07 09:38:11,6705.0,30867
2021-06-07 09:38:12,6705.0,30867
2021-06-07 09:38:13,6705.0,30867
2021-06-07 09:38:14,6705.0,30869
2021-06-07 09:38:15,6705.0,30874
2021-06-07 09:38:16,6705.0,30874
2021-06-07 09:38:17,6705.0,30876
2021-06-07 09:38:19,6705.0,30880
2021-06-07 09:38:19,6705.0,30880
2021-06-07 09:38:20,6703.2,30882
2021-06-07 09:38:21,6709.5,31227
2021-06-07 09:38:22,6705.4,31242
2021-06-07 09:38:23,6705.0,31248
2021-06-07 09:38:24,6705.0,31283
2021-06-07 09:38:25,6705.0,31283
2021-06-07 09:38:26,6705.5,31293
2021-06-07 09:38:27,6705.15,31303
2021-06-07 09:38:28,6705.15,31303
2021-06-07 09:38:30,6709.05,31647
2021-06-07 09:38:31,6706.9,31752
2021-06-07 09:38:32,6709.0,32088
2021-06-07 09:38:33,6712.0,32116
2021-06-07 09:38:34,6710.45,32117
2021-06-07 09:38:35,6712.0,32139
2021-06-07 09:38:36,6712.0,32294
2021-06-07 09:38:37,6712.0,32294
2021-06-07 09:38:38,6708.9,32349
2021-06-07 09:38:39,6708.9,32351
2021-06-07 09:38:40,6708.9,32363
2021-06-07 09:38:41,6710.4,32365
2021-06-07 09:38:42,6708.85,32430
2021-06-07 09:38:43,6705.5,32441
2021-06-07 09:38:44,6705.15,32442
2021-06-07 09:38:45,6708.95,32468
2021-06-07 09:38:46,6708.95,32468
2021-06-07 09:38:47,6708.95,32468
2021-06-07 09:38:48,6708.6,32568
2021-06-07 09:38:49,6708.6,32578
2021-06-07 09:38:49,6709.0,32678
2021-06-07 09:38:51,6718.9,33875
2021-06-07 09:38:51,6718.9,33875
2021-06-07 09:38:53,6719.4,34718
2021-06-07 09:38:54,6724.0,34921
2021-06-07 09:38:55,6724.0,35243
2021-06-07 09:38:56,6723.05,35367
2021-06-07 09:38:57,6719.55,35619
2021-06-07 09:38:58,6721.25,35626
2021-06-07 09:38:59,6721.25,35627
2021-06-07 09:39:00,6721.25,35627
2021-06-07 09:39:00,6721.25,35627
2021-06-07 09:39:01,6721.25,35627
2021-06-07 09:39:03,6728.0,36516
2021-06-07 09:39:04,6723.65,36721
2021-06-07 09:39:05,6727.95,37003
2021-06-07 09:39:06,6729.55,37451
2021-06-07 09:39:07,6730.0,37777
2021-06-07 09:39:08,6729.0,37866
2021-06-07 09:39:09,6736.0,40526
2021-06-07 09:39:10,6737.45,40650
2021-06-07 09:39:11,6739.3,40974
2021-06-07 09:39:11,6735.6,40999
2021-06-07 09:39:13,6735.6,40999
2021-06-07 09:39:14,6737.0,41519
2021-06-07 09:39:14,6741.35,41577
2021-06-07 09:39:16,6739.75,41589
2021-06-07 09:39:17,6739.0,41611
2021-06-07 09:39:18,6738.95,41646
2021-06-07 09:39:18,6738.95,41646
2021-06-07 09:39:20,6741.9,42064
2021-06-07 09:39:20,6739.95,41950
2021-06-07 09:39:22,6737.15,42086
2021-06-07 09:39:23,6740.65,42187
2021-06-07 09:39:24,6740.65,42187
2021-06-07 09:39:25,6737.05,42212
2021-06-07 09:39:27,6739.85,42521
2021-06-07 09:39:28,6740.0,42734
2021-06-07 09:39:29,6740.05,42815
2021-06-07 09:39:30,6743.6,42952
2021-06-07 09:39:32,6742.05,42954
2021-06-07 09:39:33,6738.0,42988
2021-06-07 09:39:34,6741.0,43013
2021-06-07 09:39:34,6737.1,43067
2021-06-07 09:39:35,6730.8,43213
2021-06-07 09:39:36,6734.4,43218
2021-06-07 09:39:37,6735.45,43228
2021-06-07 09:39:38,6735.45,43253
2021-06-07 09:39:41,6732.9,43577
2021-06-07 09:39:43,6739.85,43735
2021-06-07 09:39:43,6737.55,43766
2021-06-07 09:39:44,6737.55,43766
2021-06-07 09:39:45,6737.55,43766
2021-06-07 09:39:48,6737.55,43872
2021-06-07 09:39:48,6737.55,43872
2021-06-07 09:39:49,6739.85,43952
2021-06-07 09:39:50,6732.6,44213
2021-06-07 09:39:51,6732.6,44213
2021-06-07 09:39:52,6737.55,44309
2021-06-07 09:39:53,6739.95,44509
2021-06-07 09:39:54,6737.05,44521
2021-06-07 09:39:55,6737.05,44521
2021-06-07 09:39:56,6735.1,44528
2021-06-07 09:39:57,6735.1,44528
2021-06-07 09:39:59,6737.45,44533
2021-06-07 09:40:00,6738.5,44596
2021-06-07 09:40:01,6739.0,44648
2021-06-07 09:40:02,6739.0,44653
2021-06-07 09:40:03,6740.0,44892
2021-06-07 09:40:03,6740.0,44902
2021-06-07 09:40:04,6739.9,44905
2021-06-07 09:40:06,6740.0,45006
2021-06-07 09:40:07,6741.6,46069
2021-06-07 09:40:08,6740.0,46185
2021-06-07 09:40:09,6743.95,46205
2021-06-07 09:40:10,6744.2,46211
2021-06-07 09:40:12,6744.45,46321
2021-06-07 09:40:13,6744.45,46450
2021-06-07 09:40:15,6741.45,46530
2021-06-07 09:40:14,6745.0,46455
2021-06-07 09:40:15,6740.45,46546
2021-06-07 09:40:16,6744.0,46549
2021-06-07 09:40:18,6746.5,47591
2021-06-07 09:40:19,6743.8,47696
2021-06-07 09:40:20,6743.8,47791
2021-06-07 09:40:21,6746.5,47942
2021-06-07 09:40:22,6744.7,47953
2021-06-07 09:40:23,6744.7,47953
2021-06-07 09:40:24,6748.0,47957
2021-06-07 09:40:24,6748.0,47957
2021-06-07 09:40:25,6748.0,48019
2021-06-07 09:40:28,6748.45,48104
2021-06-07 09:40:29,6744.5,48267
2021-06-07 09:40:30,6744.0,48268
2021-06-07 09:40:31,6740.15,48895
2021-06-07 09:40:32,6740.6,48900
2021-06-07 09:40:33,6743.9,48920
2021-06-07 09:40:34,6744.3,48921
2021-06-07 09:40:35,6745.5,48927
2021-06-07 09:40:36,6740.85,48954
2021-06-07 09:40:36,6740.85,48954
2021-06-07 09:40:37,6744.3,49055
2021-06-07 09:40:38,6741.0,49065
2021-06-07 09:40:39,6740.2,49072
2021-06-07 09:40:40,6740.45,49113
2021-06-07 09:40:43,6740.75,49176
2021-06-07 09:40:44,6743.95,49215
2021-06-07 09:40:45,6740.0,49404
2021-06-07 09:40:46,6740.0,49424
2021-06-07 09:40:47,6742.45,49455
2021-06-07 09:40:48,6742.45,49455
2021-06-07 09:40:48,6742.45,49455
2021-06-07 09:40:50,6740.0,49481
2021-06-07 09:40:51,6744.95,49581
2021-06-07 09:40:52,6737.45,49692
2021-06-07 09:40:52,6737.45,49692
2021-06-07 09:40:54,6742.65,49694
2021-06-07 09:40:55,6742.65,49694
2021-06-07 09:40:56,6741.2,49695
2021-06-07 09:40:57,6737.45,49701
2021-06-07 09:40:58,6737.45,49701
2021-06-07 09:40:58,6740.15,49702
2021-06-07 09:41:00,6741.1,49732
2021-06-07 09:41:01,6739.1,49733
2021-06-07 09:41:02,6740.3,49771
2021-06-07 09:41:03,6740.3,49771
2021-06-07 09:41:03,6740.3,49771
2021-06-07 09:41:05,6740.0,49790
2021-06-07 09:41:06,6740.0,49823
2021-06-07 09:41:07,6742.45,49830
2021-06-07 09:41:08,6740.0,49886
2021-06-07 09:41:08,6740.0,49886
2021-06-07 09:41:09,6740.0,49888
2021-06-07 09:41:11,6740.0,49891
2021-06-07 09:41:12,6738.85,49941
2021-06-07 09:41:13,6740.0,49955
2021-06-07 09:41:14,6740.0,49969
2021-06-07 09:41:15,6740.0,49969
2021-06-07 09:41:16,6741.5,50135
2021-06-07 09:41:16,6741.5,50135
2021-06-07 09:41:18,6741.55,50180
2021-06-07 09:41:19,6741.5,50181
2021-06-07 09:41:20,6741.5,50187
2021-06-07 09:41:21,6741.5,50212
2021-06-07 09:41:22,6741.5,50212
2021-06-07 09:41:23,6741.35,50213
2021-06-07 09:41:23,6741.5,50212
2021-06-07 09:41:25,6745.0,50312
2021-06-07 09:41:26,6744.0,50359
2021-06-07 09:41:27,6745.0,50377
2021-06-07 09:41:28,6745.0,50377
2021-06-07 09:41:28,6745.0,50377
2021-06-07 09:41:29,6748.45,51087
2021-06-07 09:41:31,6744.65,51857
2021-06-07 09:41:32,6744.95,51907
2021-06-07 09:41:33,6746.85,51908
2021-06-07 09:41:34,6748.45,51913
2021-06-07 09:41:35,6747.0,52190
2021-06-07 09:41:35,6747.0,52190
2021-06-07 09:41:37,6745.0,52232
2021-06-07 09:41:38,6745.0,52232
2021-06-07 09:41:39,6748.45,52257
2021-06-07 09:41:40,6748.4,52267
2021-06-07 09:41:40,6748.4,52267
2021-06-07 09:41:41,6745.55,52269
2021-06-07 09:41:42,6745.55,52269
2021-06-07 09:41:44,6745.55,52269
2021-06-07 09:41:45,6743.25,52566
2021-06-07 09:41:46,6743.95,52571
2021-06-07 09:41:47,6739.45,52676
2021-06-07 09:41:47,6739.45,52676
2021-06-07 09:41:49,6743.1,52696
2021-06-07 09:41:50,6739.55,52712
2021-06-07 09:41:51,6743.95,52812
2021-06-07 09:41:52,6741.0,52862
2021-06-07 09:41:53,6740.35,52974
2021-06-07 09:41:54,6739.9,53015
2021-06-07 09:41:54,6739.9,53015
2021-06-07 09:41:56,6739.45,53040
2021-06-07 09:41:57,6739.4,53057
2021-06-07 09:41:58,6742.2,53169
2021-06-07 09:41:59,6742.2,53169
2021-06-07 09:42:00,6741.7,53397
2021-06-07 09:42:01,6742.2,53398
2021-06-07 09:42:02,6742.2,53398
2021-06-07 09:42:03,6741.1,53399
2021-06-07 09:42:04,6742.2,53411
2021-06-07 09:42:05,6742.2,53411
2021-06-07 09:42:06,6737.05,53563
2021-06-07 09:42:06,6737.05,53563
2021-06-07 09:42:08,6734.35,53766
2021-06-07 09:42:08,6734.35,53766
2021-06-07 09:42:09,6736.4,53815
2021-06-07 09:42:10,6737.3,53869
2021-06-07 09:42:11,6737.3,53879
2021-06-07 09:42:12,6733.35,53889
2021-06-07 09:42:14,6735.6,53952
2021-06-07 09:42:15,6735.6,53952
2021-06-07 09:42:16,6733.2,53975
2021-06-07 09:42:17,6735.95,53976
2021-06-07 09:42:17,6735.95,53976
2021-06-07 09:42:18,6735.95,53976
2021-06-07 09:42:19,6734.15,53986
2021-06-07 09:42:21,6734.6,54017
2021-06-07 09:42:22,6735.0,54067
2021-06-07 09:42:23,6734.1,54069
2021-06-07 09:42:24,6735.0,54076
2021-06-07 09:42:24,6734.6,54073
2021-06-07 09:42:25,6735.0,54076
2021-06-07 09:42:27,6735.0,54093
2021-06-07 09:42:28,6734.4,54100
2021-06-07 09:42:29,6734.4,54100
2021-06-07 09:42:30,6734.4,54100
2021-06-07 09:42:31,6735.0,54105
2021-06-07 09:42:32,6738.25,54305
2021-06-07 09:42:33,6738.25,54305
2021-06-07 09:42:33,6736.4,54310
2021-06-07 09:42:34,6736.9,54362
2021-06-07 09:42:36,6740.5,54401
2021-06-07 09:42:37,6736.0,54607
2021-06-07 09:42:38,6740.0,54657
2021-06-07 09:42:39,6736.8,54663
2021-06-07 09:42:40,6740.0,54768
2021-06-07 09:42:40,6740.0,54768
2021-06-07 09:42:41,6742.2,54795
2021-06-07 09:42:42,6740.0,54822
2021-06-07 09:42:43,6742.0,54958
2021-06-07 09:42:44,6742.0,54958
2021-06-07 09:42:45,6741.3,55008
2021-06-07 09:42:47,6741.55,55009
2021-06-07 09:42:48,6737.5,55019
2021-06-07 09:42:49,6741.0,55036
2021-06-07 09:42:50,6736.9,55386
2021-06-07 09:42:51,6736.9,55386
2021-06-07 09:42:51,6736.9,55386
2021-06-07 09:42:52,6735.2,55387
2021-06-07 09:42:54,6735.35,55411
2021-06-07 09:42:55,6737.05,55426
2021-06-07 09:42:56,6737.05,55426
2021-06-07 09:42:57,6737.1,55430
2021-06-07 09:42:58,6737.05,55440
2021-06-07 09:42:59,6737.05,55613
2021-06-07 09:43:00,6737.05,55613
2021-06-07 09:43:01,6737.05,55638
2021-06-07 09:43:02,6740.0,55675
2021-06-07 09:43:03,6735.4,55893
2021-06-07 09:43:04,6735.0,56001
2021-06-07 09:43:05,6735.0,56277
2021-06-07 09:43:06,6736.4,56297
2021-06-07 09:43:07,6737.0,56303
2021-06-07 09:43:08,6737.0,56303
2021-06-07 09:43:09,6732.6,56313
2021-06-07 09:43:10,6732.65,56314
2021-06-07 09:43:11,6736.25,56326
2021-06-07 09:43:12,6736.5,56450
2021-06-07 09:43:13,6738.6,56950
2021-06-07 09:43:14,6738.6,56950
2021-06-07 09:43:15,6738.6,56950
2021-06-07 09:43:16,6738.6,56950
2021-06-07 09:43:17,6738.6,56950
2021-06-07 09:43:18,6740.0,57300
2021-06-07 09:43:19,6740.0,57300
2021-06-07 09:43:20,6737.0,57308
2021-06-07 09:43:21,6737.0,57308
2021-06-07 09:43:22,6735.55,57328
2021-06-07 09:43:23,6739.0,57428
2021-06-07 09:43:24,6735.3,57450
2021-06-07 09:43:25,6735.3,57450
2021-06-07 09:43:26,6733.8,57455
2021-06-07 09:43:27,6742.2,58256
2021-06-07 09:43:28,6738.75,58356
2021-06-07 09:43:29,6739.4,58361
2021-06-07 09:43:30,6739.15,58521
2021-06-07 09:43:31,6743.45,58550
2021-06-07 09:43:32,6738.65,58692
2021-06-07 09:43:33,6739.05,58703
2021-06-07 09:43:34,6739.3,58713
2021-06-07 09:43:35,6739.3,58713
2021-06-07 09:43:36,6739.3,58713
2021-06-07 09:43:37,6743.4,58823
2021-06-07 09:43:38,6743.4,58823
2021-06-07 09:43:39,6743.4,58823
2021-06-07 09:43:41,6742.8,58849
2021-06-07 09:43:40,6742.8,58849
2021-06-07 09:43:42,6742.8,58849
2021-06-07 09:43:43,6745.0,59849
2021-06-07 09:43:44,6743.6,59850
2021-06-07 09:43:45,6743.6,59850
2021-06-07 09:43:46,6743.6,59850
2021-06-07 09:43:47,6743.6,59850
2021-06-07 09:43:48,6747.0,59973
2021-06-07 09:43:49,6747.0,59973
2021-06-07 09:43:50,6748.0,60175
2021-06-07 09:43:51,6744.5,60218
2021-06-07 09:43:52,6744.5,60218
2021-06-07 09:43:53,6744.35,60342
2021-06-07 09:43:54,6744.35,60342
2021-06-07 09:43:55,6744.35,60342
2021-06-07 09:43:56,6747.9,60344
2021-06-07 09:43:57,6748.0,60354
2021-06-07 09:43:58,6745.05,60471
2021-06-07 09:43:59,6748.0,60594
2021-06-07 09:44:00,6748.05,60771
2021-06-07 09:44:01,6745.1,60777
2021-06-07 09:44:02,6745.0,60849
2021-06-07 09:44:04,6745.2,60866
2021-06-07 09:44:03,6745.0,60865
2021-06-07 09:44:05,6746.4,60880
2021-06-07 09:44:06,6745.0,60940
2021-06-07 09:44:07,6745.0,61316
2021-06-07 09:44:08,6745.2,61321
2021-06-07 09:44:09,6743.0,61331
2021-06-07 09:44:10,6743.0,61331
2021-06-07 09:44:11,6743.0,61331
2021-06-07 09:44:13,6743.0,61331
2021-06-07 09:44:12,6743.0,61331
2021-06-07 09:44:14,6743.0,61335
2021-06-07 09:44:15,6742.1,61443
2021-06-07 09:44:16,6742.1,61653
2021-06-07 09:44:17,6742.6,61961
2021-06-07 09:44:18,6742.8,61974
2021-06-07 09:44:19,6742.8,61976
2021-06-07 09:44:20,6742.8,61982
2021-06-07 09:44:21,6742.75,61992
2021-06-07 09:44:22,6742.75,62048
2021-06-07 09:44:23,6742.0,62110
2021-06-07 09:44:24,6742.3,62118
2021-06-07 09:44:25,6742.3,62118
2021-06-07 09:44:26,6744.95,62126
2021-06-07 09:44:27,6744.95,62134
2021-06-07 09:44:28,6744.95,62157
2021-06-07 09:44:29,6744.95,62167
2021-06-07 09:44:30,6743.0,62173
2021-06-07 09:44:32,6745.0,62443
2021-06-07 09:44:33,6745.0,62454
2021-06-07 09:44:34,6747.0,62463
2021-06-07 09:44:35,6747.0,62463
2021-06-07 09:44:36,6747.0,62470
2021-06-07 09:44:37,6745.0,62490
2021-06-07 09:44:38,6745.0,62516
2021-06-07 09:44:39,6745.0,62516
2021-06-07 09:44:40,6745.0,62516
2021-06-07 09:44:41,6745.0,62516
2021-06-07 09:44:42,6745.0,62516
2021-06-07 09:44:43,6745.0,62619
2021-06-07 09:44:44,6745.0,62750
2021-06-07 09:44:45,6746.65,65456
2021-06-07 09:44:46,6750.0,65458
2021-06-07 09:44:47,6750.0,65458
2021-06-07 09:44:48,6747.4,65486
2021-06-07 09:44:49,6746.7,65719
2021-06-07 09:44:50,6750.0,65796
2021-06-07 09:44:51,6748.8,67775
2021-06-07 09:44:52,6748.35,67791
2021-06-07 09:44:53,6747.45,67796
2021-06-07 09:44:54,6749.95,67802
2021-06-07 09:44:55,6754.5,70078
2021-06-07 09:44:56,6754.3,70129
2021-06-07 09:44:57,6754.3,70129
2021-06-07 09:44:58,6754.5,70530
2021-06-07 09:44:59,6749.1,71030
2021-06-07 09:45:00,6750.0,71210
2021-06-07 09:45:01,6750.0,71210
2021-06-07 09:45:02,6749.9,71217
2021-06-07 09:45:03,6749.9,71223
2021-06-07 09:45:04,6749.1,71732
2021-06-07 09:45:05,6749.1,71732
2021-06-07 09:45:07,6754.1,71779
2021-06-07 09:45:07,6754.1,71779
2021-06-07 09:45:08,6755.0,71977
2021-06-07 09:45:09,6754.8,71996
2021-06-07 09:45:10,6752.0,72016
2021-06-07 09:45:12,6750.7,72120
2021-06-07 09:45:13,6751.2,72152
2021-06-07 09:45:14,6754.1,72161
2021-06-07 09:45:16,6754.1,72161
2021-06-07 09:45:17,6751.5,72201
2021-06-07 09:45:18,6754.05,72221
2021-06-07 09:45:19,6753.4,72316
2021-06-07 09:45:20,6753.4,72316
2021-06-07 09:45:20,6753.4,72316
2021-06-07 09:45:21,6753.3,72412
2021-06-07 09:45:22,6750.35,72421
2021-06-07 09:45:23,6750.35,72466
2021-06-07 09:45:24,6750.35,72467
2021-06-07 09:45:25,6753.35,72580
2021-06-07 09:45:26,6750.5,72583
2021-06-07 09:45:28,6753.85,72608
2021-06-07 09:45:28,6753.4,72597
2021-06-07 09:45:29,6753.85,72620
2021-06-07 09:45:30,6750.45,72648
2021-06-07 09:45:31,6750.45,72673
2021-06-07 09:45:32,6752.8,73174
2021-06-07 09:45:33,6753.95,73444
2021-06-07 09:45:35,6754.0,73644
2021-06-07 09:45:36,6753.75,73767
2021-06-07 09:45:36,6753.75,73767
2021-06-07 09:45:37,6750.3,74201
2021-06-07 09:45:38,6750.3,74470
2021-06-07 09:45:39,6749.7,74598
2021-06-07 09:45:40,6749.7,74598
2021-06-07 09:45:41,6749.7,74598
2021-06-07 09:45:42,6748.8,74657
2021-06-07 09:45:44,6749.5,74681
2021-06-07 09:45:44,6745.9,74741
2021-06-07 09:45:45,6749.45,74745
2021-06-07 09:45:46,6749.45,74745
2021-06-07 09:45:47,6749.45,74765
2021-06-07 09:45:48,6750.0,74975
2021-06-07 09:45:49,6750.0,75190
2021-06-07 09:45:50,6753.95,76012
2021-06-07 09:45:51,6748.55,76212
2021-06-07 09:45:52,6749.65,76219
2021-06-07 09:45:54,6751.85,76276
2021-06-07 09:45:54,6751.85,76276
2021-06-07 09:45:55,6754.0,76340
2021-06-07 09:45:56,6750.0,76608
2021-06-07 09:45:57,6753.2,76805
2021-06-07 09:45:58,6752.05,76819
2021-06-07 09:45:59,6751.45,76846
2021-06-07 09:46:01,6751.45,76846
2021-06-07 09:46:01,6751.65,76946
2021-06-07 09:46:02,6751.65,76946
2021-06-07 09:46:04,6753.0,76997
2021-06-07 09:46:05,6753.0,76997
2021-06-07 09:46:07,6754.95,77111
2021-06-07 09:46:07,6754.95,77111
2021-06-07 09:46:08,6754.95,77111
2021-06-07 09:46:09,6750.0,77313
2021-06-07 09:46:10,6753.55,77363
2021-06-07 09:46:11,6753.55,77363
2021-06-07 09:46:12,6753.55,77370
2021-06-07 09:46:13,6750.1,77448
2021-06-07 09:46:14,6751.2,77463
2021-06-07 09:46:16,6750.85,77473
2021-06-07 09:46:17,6750.85,77473
2021-06-07 09:46:17,6750.85,77473
2021-06-07 09:46:18,6751.2,77474
2021-06-07 09:46:19,6751.35,77719
2021-06-07 09:46:20,6754.0,77859
2021-06-07 09:46:21,6757.0,78379
2021-06-07 09:46:23,6757.0,78455
2021-06-07 09:46:24,6760.0,80047
2021-06-07 09:46:24,6759.4,80157
2021-06-07 09:46:25,6761.6,80795
2021-06-07 09:46:26,6761.6,80796
2021-06-07 09:46:29,6760.0,81156
2021-06-07 09:46:30,6760.0,81156
2021-06-07 09:46:31,6760.0,81156
2021-06-07 09:46:31,6760.0,81156
2021-06-07 09:46:32,6761.6,81165
2021-06-07 09:46:33,6762.0,81265
2021-06-07 09:46:34,6759.4,81412
2021-06-07 09:46:38,6762.6,81662
2021-06-07 09:46:38,6762.6,81662
2021-06-07 09:46:39,6763.05,81693
2021-06-07 09:46:40,6760.0,81729
2021-06-07 09:46:41,6761.15,81887
2021-06-07 09:46:42,6761.0,81889
2021-06-07 09:46:43,6760.0,81909
2021-06-07 09:46:45,6760.0,81909
2021-06-07 09:46:45,6760.0,81909
2021-06-07 09:46:46,6761.0,82029
2021-06-07 09:46:47,6761.1,82129
2021-06-07 09:46:48,6760.2,82139
2021-06-07 09:46:50,6757.25,82442
2021-06-07 09:46:50,6757.25,82442
2021-06-07 09:46:51,6760.7,82497
2021-06-07 09:46:52,6760.7,82497
2021-06-07 09:46:53,6758.45,82598
2021-06-07 09:46:54,6756.05,82603
2021-06-07 09:46:55,6762.2,83124
2021-06-07 09:46:57,6760.0,83225
2021-06-07 09:46:57,6760.0,83125
2021-06-07 09:46:58,6757.8,83226
2021-06-07 09:46:59,6760.0,83230
2021-06-07 09:47:00,6760.0,83240
2021-06-07 09:47:01,6762.0,83265
2021-06-07 09:47:02,6758.65,83292
2021-06-07 09:47:03,6761.0,83342
2021-06-07 09:47:04,6762.75,83372
2021-06-07 09:47:05,6756.6,83472
2021-06-07 09:47:07,6760.15,83474
2021-06-07 09:47:07,6760.15,83474
2021-06-07 09:47:08,6756.75,83547
2021-06-07 09:47:09,6760.65,83568
2021-06-07 09:47:10,6756.15,83618
2021-06-07 09:47:11,6759.95,83635
2021-06-07 09:47:13,6759.95,83635
2021-06-07 09:47:13,6760.0,83655
2021-06-07 09:47:14,6760.0,83687
2021-06-07 09:47:15,6759.95,83713
2021-06-07 09:47:17,6760.65,83757
2021-06-07 09:47:18,6763.95,83785
2021-06-07 09:47:18,6763.95,83785
2021-06-07 09:47:19,6760.7,83866
2021-06-07 09:47:20,6759.95,83966
2021-06-07 09:47:22,6758.05,84038
2021-06-07 09:47:23,6760.7,84203
2021-06-07 09:47:23,6760.7,84203
2021-06-07 09:47:24,6761.0,84407
2021-06-07 09:47:25,6758.05,84439
2021-06-07 09:47:26,6760.0,84490
2021-06-07 09:47:28,6758.05,84494
2021-06-07 09:47:30,6760.0,84519
2021-06-07 09:47:31,6758.05,84524
2021-06-07 09:47:31,6758.05,84524
2021-06-07 09:47:32,6758.05,84524
2021-06-07 09:47:33,6758.0,84629
2021-06-07 09:47:34,6756.75,84631
2021-06-07 09:47:36,6756.75,84647
2021-06-07 09:47:37,6759.95,84747
2021-06-07 09:47:38,6759.95,84747
2021-06-07 09:47:39,6759.0,84757
2021-06-07 09:47:40,6758.0,84765
2021-06-07 09:47:42,6758.0,84766
2021-06-07 09:47:43,6759.75,85202
2021-06-07 09:47:44,6759.75,85202
2021-06-07 09:47:44,6759.75,85202
2021-06-07 09:47:45,6756.0,85208
2021-06-07 09:47:47,6759.0,85218
2021-06-07 09:47:48,6759.0,85218
2021-06-07 09:47:48,6759.0,85218
2021-06-07 09:47:49,6758.05,85232
2021-06-07 09:47:50,6758.05,85247
2021-06-07 09:47:51,6759.0,85249
2021-06-07 09:47:53,6759.0,85290
2021-06-07 09:47:54,6755.0,85709
2021-06-07 09:47:55,6756.35,85710
2021-06-07 09:47:56,6756.35,85710
2021-06-07 09:47:57,6753.0,85927
2021-06-07 09:47:57,6753.0,85927
2021-06-07 09:47:58,6754.35,86081
2021-06-07 09:47:59,6754.35,86081
2021-06-07 09:48:01,6754.35,86081
2021-06-07 09:48:02,6754.35,86081
2021-06-07 09:48:03,6750.7,86131
2021-06-07 09:48:03,6750.7,86135
2021-06-07 09:48:04,6750.7,86197
2021-06-07 09:48:05,6750.0,86208
2021-06-07 09:48:06,6750.0,86329
2021-06-07 09:48:07,6750.0,86329
2021-06-07 09:48:08,6750.0,86334
2021-06-07 09:48:10,6750.0,86337
2021-06-07 09:48:11,6750.0,86337
2021-06-07 09:48:12,6750.7,86339
2021-06-07 09:48:12,6750.7,86339
2021-06-07 09:48:13,6750.55,86563
2021-06-07 09:48:14,6750.55,86563
2021-06-07 09:48:16,6744.3,86934
2021-06-07 09:48:18,6750.0,87061
2021-06-07 09:48:19,6750.0,87165
2021-06-07 09:48:19,6750.0,87165
2021-06-07 09:48:20,6746.7,87170
2021-06-07 09:48:21,6746.7,87237
2021-06-07 09:48:23,6746.8,87239
2021-06-07 09:48:24,6744.3,87442
2021-06-07 09:48:25,6746.8,87452
2021-06-07 09:48:26,6748.7,87462
2021-06-07 09:48:26,6748.7,87462
2021-06-07 09:48:27,6749.25,87568
2021-06-07 09:48:28,6746.8,87573
2021-06-07 09:48:29,6746.8,87583
2021-06-07 09:48:30,6746.8,87583
2021-06-07 09:48:32,6746.8,87583
2021-06-07 09:48:33,6746.8,87621
2021-06-07 09:48:33,6746.8,87620
2021-06-07 09:48:34,6746.8,87621
2021-06-07 09:48:35,6743.3,87742
2021-06-07 09:48:37,6743.3,87757
2021-06-07 09:48:38,6743.3,87757
2021-06-07 09:48:39,6746.0,87809
2021-06-07 09:48:39,6746.0,87809
2021-06-07 09:48:40,6743.4,87810
2021-06-07 09:48:41,6743.4,87811
2021-06-07 09:48:42,6743.4,87811
2021-06-07 09:48:44,6743.4,87811
2021-06-07 09:48:45,6743.4,87811
2021-06-07 09:48:45,6747.0,87911
2021-06-07 09:48:46,6747.0,87911
2021-06-07 09:48:47,6744.6,87916
2021-06-07 09:48:49,6744.6,87916
2021-06-07 09:48:50,6744.6,87916
2021-06-07 09:48:51,6745.95,88016
2021-06-07 09:48:52,6745.95,88016
2021-06-07 09:48:53,6745.95,88018
2021-06-07 09:48:53,6745.95,88018
2021-06-07 09:48:54,6747.0,88028
2021-06-07 09:48:55,6745.95,88030
2021-06-07 09:48:57,6748.95,88127
2021-06-07 09:48:58,6748.95,88130
2021-06-07 09:48:59,6748.8,88133
2021-06-07 09:48:59,6748.8,88133
2021-06-07 09:49:00,6748.9,88143
2021-06-07 09:49:01,6750.0,88243
2021-06-07 09:49:03,6750.0,88243
2021-06-07 09:49:04,6747.0,88263
2021-06-07 09:49:04,6747.0,88263
2021-06-07 09:49:05,6749.95,88323
2021-06-07 09:49:06,6749.4,88324
2021-06-07 09:49:07,6749.4,88325
2021-06-07 09:49:09,6749.4,88325
2021-06-07 09:49:10,6749.9,88345
2021-06-07 09:49:11,6749.9,88345
2021-06-07 09:49:11,6749.9,88345
2021-06-07 09:49:13,6749.9,88345
2021-06-07 09:49:12,6749.9,88345
2021-06-07 09:49:14,6749.9,88345
2021-06-07 09:49:16,6749.9,88345
2021-06-07 09:49:17,6749.95,88347
2021-06-07 09:49:17,6749.95,88347
2021-06-07 09:49:18,6750.0,88405
2021-06-07 09:49:19,6746.0,88495
2021-06-07 09:49:20,6746.4,88546
2021-06-07 09:49:23,6749.95,88568
2021-06-07 09:49:24,6746.4,88578
2021-06-07 09:49:24,6746.4,88578
2021-06-07 09:49:25,6749.0,88639
2021-06-07 09:49:26,6749.0,88639
2021-06-07 09:49:28,6745.35,88689
2021-06-07 09:49:29,6745.05,88694
2021-06-07 09:49:31,6745.05,88744
2021-06-07 09:49:31,6745.05,88744
2021-06-07 09:49:32,6745.05,88744
2021-06-07 09:49:33,6745.05,88744
2021-06-07 09:49:35,6745.05,88744
2021-06-07 09:49:36,6745.95,88769
2021-06-07 09:49:37,6745.95,88769
2021-06-07 09:49:38,6745.95,88792
2021-06-07 09:49:39,6745.95,88792
2021-06-07 09:49:40,6745.95,88792
2021-06-07 09:49:42,6746.4,88795
2021-06-07 09:49:43,6746.4,88795
2021-06-07 09:49:44,6745.95,88802
2021-06-07 09:49:45,6745.95,88869
2021-06-07 09:49:46,6745.8,88872
2021-06-07 09:49:46,6745.8,88872
2021-06-07 09:49:47,6745.8,88872
2021-06-07 09:49:48,6745.95,88873
2021-06-07 09:49:50,6745.95,88873
2021-06-07 09:49:51,6745.95,88873
2021-06-07 09:49:52,6745.8,88877
2021-06-07 09:49:53,6745.7,88900
2021-06-07 09:49:54,6745.75,88905
2021-06-07 09:49:54,6745.05,88915
2021-06-07 09:49:55,6745.05,88920
2021-06-07 09:49:57,6737.9,89394
2021-06-07 09:49:58,6743.2,89395
2021-06-07 09:49:59,6743.2,89395
2021-06-07 09:50:00,6740.6,89495
2021-06-07 09:50:01,6740.6,89495
2021-06-07 09:50:02,6740.6,89495
2021-06-07 09:50:04,6740.6,89495
2021-06-07 09:50:05,6741.35,89522
2021-06-07 09:50:06,6741.25,89584
2021-06-07 09:50:07,6741.25,89584
2021-06-07 09:50:07,6741.25,89584
2021-06-07 09:50:08,6744.6,89595
2021-06-07 09:50:10,6741.25,89597
2021-06-07 09:50:11,6741.25,89599
2021-06-07 09:50:12,6741.25,89619
2021-06-07 09:50:13,6741.25,89619
2021-06-07 09:50:14,6741.25,89904
2021-06-07 09:50:14,6741.25,89904
2021-06-07 09:50:15,6741.25,89904
2021-06-07 09:50:16,6741.25,89904
2021-06-07 09:50:17,6741.25,89926
2021-06-07 09:50:19,6741.25,89929
2021-06-07 09:50:20,6744.0,89966
2021-06-07 09:50:21,6744.9,89967
2021-06-07 09:50:22,6743.45,90030
2021-06-07 09:50:22,6743.45,90085
2021-06-07 09:50:23,6743.45,90085
2021-06-07 09:50:24,6743.45,90107
2021-06-07 09:50:26,6740.6,90127
2021-06-07 09:50:27,6740.6,90127
2021-06-07 09:50:28,6740.6,90128
2021-06-07 09:50:29,6741.25,90352
2021-06-07 09:50:29,6741.25,90352
2021-06-07 09:50:30,6741.0,90543
2021-06-07 09:50:31,6740.0,90557
2021-06-07 09:50:33,6738.2,90567
2021-06-07 09:50:34,6738.2,90573
2021-06-07 09:50:35,6739.75,90575
2021-06-07 09:50:36,6739.95,90576
2021-06-07 09:50:37,6736.35,90593
2021-06-07 09:50:37,6736.35,90593
2021-06-07 09:50:38,6736.35,90593
2021-06-07 09:50:39,6740.0,90594
2021-06-07 09:50:41,6736.45,90598
2021-06-07 09:50:42,6736.45,90603
2021-06-07 09:50:43,6739.95,90652
2021-06-07 09:50:44,6739.95,90652
2021-06-07 09:50:45,6739.95,90652
2021-06-07 09:50:45,6739.95,90652
2021-06-07 09:50:46,6739.95,90652
2021-06-07 09:50:49,6738.95,90727
2021-06-07 09:50:49,6738.95,90727
2021-06-07 09:50:51,6737.0,90728
2021-06-07 09:50:52,6737.0,90728
2021-06-07 09:50:53,6737.0,90728
2021-06-07 09:50:54,6737.0,90728
2021-06-07 09:50:55,6737.0,90828
2021-06-07 09:50:56,6737.0,90828
2021-06-07 09:50:56,6737.0,90828
2021-06-07 09:50:57,6737.0,90839
2021-06-07 09:50:59,6737.0,90839
2021-06-07 09:51:00,6737.0,90844
2021-06-07 09:51:01,6739.0,90870
2021-06-07 09:51:02,6739.0,90871
2021-06-07 09:51:03,6739.0,90871
2021-06-07 09:51:04,6737.0,90928
2021-06-07 09:51:04,6737.0,90928
2021-06-07 09:51:05,6737.0,90933
2021-06-07 09:51:06,6737.0,90933
2021-06-07 09:51:08,6738.85,91009
2021-06-07 09:51:09,6737.0,91015
2021-06-07 09:51:10,6737.0,91015
2021-06-07 09:51:11,6737.0,91015
2021-06-07 09:51:12,6738.8,91033
2021-06-07 09:51:12,6737.0,91034
2021-06-07 09:51:14,6737.0,91034
2021-06-07 09:51:15,6738.8,91086
2021-06-07 09:51:16,6737.0,91088
2021-06-07 09:51:17,6737.0,91088
2021-06-07 09:51:18,6736.1,91534
2021-06-07 09:51:19,6736.1,91534
2021-06-07 09:51:19,6736.1,91534
2021-06-07 09:51:20,6736.1,91534
2021-06-07 09:51:22,6736.1,91534
2021-06-07 09:51:23,6736.1,91554
2021-06-07 09:51:25,6736.1,91554
2021-06-07 09:51:26,6736.15,91569
2021-06-07 09:51:26,6736.15,91569
2021-06-07 09:51:27,6736.15,91569
2021-06-07 09:51:28,6736.15,91569
2021-06-07 09:51:30,6739.9,91605
2021-06-07 09:51:31,6740.2,91879
2021-06-07 09:51:32,6743.85,91894
2021-06-07 09:51:35,6743.95,91921
2021-06-07 09:51:36,6742.05,91938
2021-06-07 09:51:37,6742.8,91952
2021-06-07 09:51:37,6742.8,91952
2021-06-07 09:51:38,6742.8,91953
2021-06-07 09:51:39,6741.75,92123
2021-06-07 09:51:41,6741.75,92123
2021-06-07 09:51:42,6741.3,92133
2021-06-07 09:51:43,6744.85,92214
2021-06-07 09:51:44,6740.0,92419
2021-06-07 09:51:45,6740.35,92452
2021-06-07 09:51:46,6740.0,92504
2021-06-07 09:51:47,6739.55,92605
2021-06-07 09:51:48,6743.4,92618
2021-06-07 09:51:49,6742.8,92649
2021-06-07 09:51:49,6743.4,92618
2021-06-07 09:51:51,6742.8,92771
2021-06-07 09:51:52,6743.0,92839
2021-06-07 09:51:53,6739.85,92912
2021-06-07 09:51:54,6739.85,92912
2021-06-07 09:51:55,6739.85,92949
2021-06-07 09:51:55,6739.85,92947
2021-06-07 09:51:56,6739.85,92960
2021-06-07 09:51:58,6738.6,93059
2021-06-07 09:51:59,6736.1,93387
2021-06-07 09:52:00,6733.75,93480
2021-06-07 09:52:01,6732.05,93939
2021-06-07 09:52:02,6732.05,94156
2021-06-07 09:52:03,6732.05,94187
2021-06-07 09:52:03,6734.0,94267
2021-06-07 09:52:05,6730.1,94282
2021-06-07 09:52:05,6733.5,94285
2021-06-07 09:52:06,6731.2,94332
2021-06-07 09:52:08,6727.7,94342
2021-06-07 09:52:09,6730.0,94343
2021-06-07 09:52:10,6730.0,94343
2021-06-07 09:52:12,6727.65,94429
2021-06-07 09:52:13,6730.0,94458
2021-06-07 09:52:14,6728.4,94539
2021-06-07 09:52:15,6726.75,94587
2021-06-07 09:52:16,6726.0,94683
2021-06-07 09:52:17,6730.0,94783
2021-06-07 09:52:18,6729.55,94788
2021-06-07 09:52:19,6726.0,94868
2021-06-07 09:52:20,6726.6,94976
2021-06-07 09:52:20,6726.6,94976
2021-06-07 09:52:21,6730.0,95166
2021-06-07 09:52:22,6729.95,95168
2021-06-07 09:52:23,6728.05,95181
2021-06-07 09:52:24,6730.0,95230
2021-06-07 09:52:25,6730.0,95241
2021-06-07 09:52:27,6730.0,95312
2021-06-07 09:52:28,6730.0,95347
2021-06-07 09:52:29,6730.0,95349
2021-06-07 09:52:30,6731.4,95362
2021-06-07 09:52:30,6731.4,95362
2021-06-07 09:52:33,6731.4,95369
2021-06-07 09:52:34,6730.0,95400
2021-06-07 09:52:35,6732.0,95408
2021-06-07 09:52:35,6732.0,95408
2021-06-07 09:52:37,6732.0,95409
2021-06-07 09:52:38,6733.0,95415
2021-06-07 09:52:39,6733.0,95417
2021-06-07 09:52:40,6733.0,95453
2021-06-07 09:52:40,6734.0,95461
2021-06-07 09:52:41,6737.0,95571
2021-06-07 09:52:43,6737.0,95571
2021-06-07 09:52:44,6733.0,95572
2021-06-07 09:52:45,6733.95,95582
2021-06-07 09:52:46,6733.85,95590
2021-06-07 09:52:47,6736.0,95627
2021-06-07 09:52:47,6735.85,95625
2021-06-07 09:52:48,6736.0,95628
2021-06-07 09:52:50,6734.0,95660
2021-06-07 09:52:51,6734.0,95660
2021-06-07 09:52:52,6736.65,95711
2021-06-07 09:52:53,6739.9,95742
2021-06-07 09:52:54,6739.9,95742
2021-06-07 09:52:55,6738.6,95744
2021-06-07 09:52:56,6739.15,95874
2021-06-07 09:52:57,6737.05,95876
2021-06-07 09:52:58,6740.25,96016
2021-06-07 09:52:58,6740.25,96016
2021-06-07 09:52:59,6740.3,96024
2021-06-07 09:53:01,6740.3,96031
2021-06-07 09:53:02,6740.3,96031
2021-06-07 09:53:03,6742.0,96062
2021-06-07 09:53:04,6742.0,96062
2021-06-07 09:53:05,6740.3,96066
2021-06-07 09:53:06,6742.0,96069
2021-06-07 09:53:07,6741.0,96086
2021-06-07 09:53:09,6744.0,96331
2021-06-07 09:53:10,6744.0,96336
2021-06-07 09:53:11,6744.0,96336
2021-06-07 09:53:12,6744.0,96363
2021-06-07 09:53:13,6743.4,96415
2021-06-07 09:53:14,6743.4,96415
2021-06-07 09:53:15,6745.0,96424
2021-06-07 09:53:16,6743.0,96498
2021-06-07 09:53:16,6745.0,96500
2021-06-07 09:53:18,6745.0,96505
2021-06-07 09:53:19,6742.15,96605
2021-06-07 09:53:20,6741.45,96706
2021-06-07 09:53:21,6740.4,96825
2021-06-07 09:53:22,6740.35,96875
2021-06-07 09:53:23,6744.95,96887
2021-06-07 09:53:24,6745.0,96892
2021-06-07 09:53:26,6745.0,96892
2021-06-07 09:53:27,6738.3,97143
2021-06-07 09:53:27,6738.3,97143
2021-06-07 09:53:28,6743.75,97144
2021-06-07 09:53:29,6743.95,97161
2021-06-07 09:53:30,6739.2,97241
2021-06-07 09:53:32,6744.3,97341
2021-06-07 09:53:32,6739.6,97491
2021-06-07 09:53:33,6739.6,97491
2021-06-07 09:53:35,6739.6,97491
2021-06-07 09:53:38,6744.5,97539
2021-06-07 09:53:39,6744.5,97539
2021-06-07 09:53:41,6744.5,97547
2021-06-07 09:53:42,6745.95,97908
2021-06-07 09:53:43,6745.0,97914
2021-06-07 09:53:44,6745.0,97914
2021-06-07 09:53:45,6747.7,97921
2021-06-07 09:53:46,6747.7,97921
2021-06-07 09:53:47,6747.55,97924
2021-06-07 09:53:48,6747.55,97924
2021-06-07 09:53:49,6744.95,97939
2021-06-07 09:53:50,6744.95,97939
2021-06-07 09:53:52,6748.0,98108
2021-06-07 09:53:53,6748.0,98108
2021-06-07 09:53:54,6747.0,98113
2021-06-07 09:53:55,6747.0,98152
2021-06-07 09:53:56,6747.6,98252
2021-06-07 09:53:57,6747.6,98252
2021-06-07 09:53:58,6745.0,98264
2021-06-07 09:53:59,6747.6,98266
2021-06-07 09:54:00,6747.55,98297
2021-06-07 09:54:01,6747.55,98301
2021-06-07 09:54:02,6747.6,98407
2021-06-07 09:54:03,6747.55,98409
2021-06-07 09:54:04,6747.55,98409
2021-06-07 09:54:05,6747.55,98409
2021-06-07 09:54:06,6747.6,98419
2021-06-07 09:54:07,6745.0,98424
2021-06-07 09:54:08,6747.0,98464
2021-06-07 09:54:09,6747.0,98464
2021-06-07 09:54:10,6747.0,98464
2021-06-07 09:54:12,6747.95,98631
2021-06-07 09:54:13,6747.6,98659
2021-06-07 09:54:14,6747.0,98809
2021-06-07 09:54:15,6745.0,99063
2021-06-07 09:54:16,6745.0,99073
2021-06-07 09:54:17,6745.0,99094
2021-06-07 09:54:18,6745.0,99094
2021-06-07 09:54:19,6745.0,99094
2021-06-07 09:54:20,6745.0,99095
2021-06-07 09:54:21,6745.0,99095
2021-06-07 09:54:22,6745.0,99096
2021-06-07 09:54:23,6745.0,99096
2021-06-07 09:54:24,6745.0,99125
2021-06-07 09:54:25,6745.0,99129
2021-06-07 09:54:26,6745.0,99129
2021-06-07 09:54:27,6748.8,99666
2021-06-07 09:54:28,6750.0,99990
2021-06-07 09:54:29,6748.8,100068
2021-06-07 09:54:30,6753.9,100204
2021-06-07 09:54:31,6751.35,100285
2021-06-07 09:54:33,6751.25,100335
2021-06-07 09:54:32,6751.25,100335
2021-06-07 09:54:34,6749.5,100522
2021-06-07 09:54:35,6749.5,100522
2021-06-07 09:54:36,6749.5,100522
2021-06-07 09:54:37,6749.5,100522
2021-06-07 09:54:38,6749.2,100529
2021-06-07 09:54:39,6749.2,100605
2021-06-07 09:54:40,6749.45,100649
2021-06-07 09:54:41,6747.7,100699
2021-06-07 09:54:42,6747.7,100725
2021-06-07 09:54:43,6747.7,100729
2021-06-07 09:54:44,6747.7,100729
2021-06-07 09:54:45,6746.25,100830
2021-06-07 09:54:46,6749.4,100917
2021-06-07 09:54:47,6750.0,100955
2021-06-07 09:54:48,6749.4,101006
2021-06-07 09:54:49,6749.4,101070
2021-06-07 09:54:50,6746.75,101120
2021-06-07 09:54:52,6749.35,101162
2021-06-07 09:54:51,6749.2,101130
2021-06-07 09:54:53,6749.4,101239
2021-06-07 09:54:54,6749.4,101239
2021-06-07 09:54:55,6749.4,101239
2021-06-07 09:54:56,6746.05,101321
2021-06-07 09:54:57,6746.05,101321
2021-06-07 09:54:58,6745.3,101372
2021-06-07 09:54:59,6745.3,101372
2021-06-07 09:55:00,6749.25,101373
2021-06-07 09:55:01,6749.65,101374
2021-06-07 09:55:02,6746.1,101400
2021-06-07 09:55:03,6745.7,101426
2021-06-07 09:55:04,6745.75,101436
2021-06-07 09:55:06,6745.65,101496
2021-06-07 09:55:07,6745.65,101496
2021-06-07 09:55:08,6750.05,101817
2021-06-07 09:55:09,6747.7,101927
2021-06-07 09:55:10,6747.7,101949
2021-06-07 09:55:11,6750.6,102000
2021-06-07 09:55:12,6747.7,102025
2021-06-07 09:55:13,6746.65,102046
2021-06-07 09:55:14,6746.45,102066
2021-06-07 09:55:15,6747.65,102075
2021-06-07 09:55:16,6746.45,102077
2021-06-07 09:55:17,6746.45,102077
2021-06-07 09:55:18,6750.0,102157
2021-06-07 09:55:19,6750.0,102157
2021-06-07 09:55:20,6750.0,102157
2021-06-07 09:55:21,6745.9,102167
2021-06-07 09:55:22,6745.9,102167
2021-06-07 09:55:23,6745.7,102187
2021-06-07 09:55:24,6745.65,102197
2021-06-07 09:55:25,6747.55,102198
2021-06-07 09:55:26,6745.3,102208
2021-06-07 09:55:27,6745.5,102218
2021-06-07 09:55:28,6745.5,102218
2021-06-07 09:55:30,6745.0,102241
2021-06-07 09:55:31,6745.0,102241
2021-06-07 09:55:32,6747.55,102242
2021-06-07 09:55:33,6745.75,102343
2021-06-07 09:55:34,6750.0,102532
2021-06-07 09:55:35,6747.0,102542
2021-06-07 09:55:36,6747.0,102542
2021-06-07 09:55:37,6746.05,102573
2021-06-07 09:55:38,6746.05,102573
2021-06-07 09:55:39,6746.05,102583
2021-06-07 09:55:40,6749.35,102591
2021-06-07 09:55:41,6746.4,102592
2021-06-07 09:55:42,6746.2,102602
2021-06-07 09:55:43,6746.2,102602
2021-06-07 09:55:44,6746.2,102602
2021-06-07 09:55:45,6746.2,102602
2021-06-07 09:55:46,6749.35,102607
2021-06-07 09:55:47,6747.15,102608
2021-06-07 09:55:48,6747.15,102617
2021-06-07 09:55:49,6746.8,102639
2021-06-07 09:55:50,6750.0,103039
2021-06-07 09:55:51,6750.0,103039
2021-06-07 09:55:53,6750.0,103102
2021-06-07 09:55:53,6750.0,103102
2021-06-07 09:55:55,6750.7,103482
2021-06-07 09:55:55,6753.45,103472
2021-06-07 09:55:56,6753.95,103495
2021-06-07 09:55:57,6753.95,103505
2021-06-07 09:55:58,6754.0,103599
2021-06-07 09:55:59,6754.0,103599
2021-06-07 09:56:00,6754.0,103599
2021-06-07 09:56:01,6754.0,103599
2021-06-07 09:56:02,6750.0,103727
2021-06-07 09:56:03,6750.0,103730
2021-06-07 09:56:04,6752.75,103740
2021-06-07 09:56:05,6754.0,103840
2021-06-07 09:56:06,6750.05,103855
2021-06-07 09:56:07,6750.05,103855
2021-06-07 09:56:08,6754.0,103859
2021-06-07 09:56:09,6754.0,103859
2021-06-07 09:56:10,6754.0,103889
2021-06-07 09:56:11,6754.0,103890
2021-06-07 09:56:12,6754.0,103890
2021-06-07 09:56:14,6751.0,103900
2021-06-07 09:56:15,6751.0,103900
2021-06-07 09:56:16,6751.0,103900
2021-06-07 09:56:17,6751.0,103900
2021-06-07 09:56:18,6751.0,103900
2021-06-07 09:56:19,6751.0,103900
2021-06-07 09:56:20,6750.55,103939
2021-06-07 09:56:21,6750.55,103949
2021-06-07 09:56:22,6750.55,103949
2021-06-07 09:56:23,6750.55,103949
2021-06-07 09:56:24,6753.7,103969
2021-06-07 09:56:26,6751.2,103999
2021-06-07 09:56:26,6753.7,103969
2021-06-07 09:56:27,6751.2,103999
2021-06-07 09:56:28,6751.2,103999
2021-06-07 09:56:29,6753.9,104034
2021-06-07 09:56:30,6753.9,104206
2021-06-07 09:56:31,6753.9,104206
2021-06-07 09:56:32,6751.2,104208
2021-06-07 09:56:34,6750.0,104347
2021-06-07 09:56:35,6748.0,104350
2021-06-07 09:56:36,6748.0,104350
2021-06-07 09:56:37,6748.0,104350
2021-06-07 09:56:38,6748.0,104350
2021-06-07 09:56:39,6748.0,104350
2021-06-07 09:56:40,6748.0,104350
2021-06-07 09:56:41,6748.0,104350
2021-06-07 09:56:42,6748.0,104350
2021-06-07 09:56:43,6750.0,104379
2021-06-07 09:56:44,6750.0,104379
2021-06-07 09:56:45,6750.45,104399
2021-06-07 09:56:46,6748.0,104409
2021-06-07 09:56:47,6748.0,104409
2021-06-07 09:56:48,6754.0,104489
2021-06-07 09:56:49,6754.0,104490
2021-06-07 09:56:50,6754.0,104490
2021-06-07 09:56:51,6754.0,104490
2021-06-07 09:56:52,6754.0,104490
2021-06-07 09:56:54,6754.0,104490
2021-06-07 09:56:54,6754.0,104490
2021-06-07 09:56:56,6754.0,104490
2021-06-07 09:56:56,6754.0,104490
2021-06-07 09:56:57,6751.0,104500
2021-06-07 09:56:58,6753.95,104503
2021-06-07 09:56:59,6753.95,104503
2021-06-07 09:57:00,6751.0,104506
2021-06-07 09:57:01,6751.0,104506
2021-06-07 09:57:02,6751.0,104506
2021-06-07 09:57:03,6751.0,104506
2021-06-07 09:57:04,6751.0,104506
2021-06-07 09:57:05,6752.25,104509
2021-06-07 09:57:06,6752.25,104509
2021-06-07 09:57:07,6752.25,104529
2021-06-07 09:57:08,6752.25,104533
2021-06-07 09:57:09,6753.75,104539
2021-06-07 09:57:10,6754.0,104663
2021-06-07 09:57:11,6753.95,104756
2021-06-07 09:57:12,6753.95,104807
2021-06-07 09:57:13,6752.95,104810
2021-06-07 09:57:14,6753.95,104815
2021-06-07 09:57:15,6753.95,104815
2021-06-07 09:57:16,6753.25,104820
2021-06-07 09:57:17,6753.25,104820
2021-06-07 09:57:18,6757.95,105815
2021-06-07 09:57:19,6757.95,105815
2021-06-07 09:57:21,6755.4,105828
2021-06-07 09:57:21,6758.15,105927
2021-06-07 09:57:22,6758.15,105937
2021-06-07 09:57:23,6758.15,105937
2021-06-07 09:57:24,6759.0,106207
2021-06-07 09:57:25,6759.0,106207
2021-06-07 09:57:26,6759.0,106208
2021-06-07 09:57:27,6759.0,106208
2021-06-07 09:57:28,6759.0,106396
2021-06-07 09:57:30,6758.75,106472
2021-06-07 09:57:31,6759.85,106672
2021-06-07 09:57:33,6759.9,106747
2021-06-07 09:57:33,6758.6,106771
2021-06-07 09:57:35,6758.85,106791
2021-06-07 09:57:35,6760.0,106890
2021-06-07 09:57:36,6760.0,106890
2021-06-07 09:57:37,6760.0,106890
2021-06-07 09:57:38,6761.75,108207
2021-06-07 09:57:39,6763.9,108333
2021-06-07 09:57:40,6764.0,108434
2021-06-07 09:57:41,6761.75,108443
2021-06-07 09:57:42,6760.15,108503
2021-06-07 09:57:43,6760.15,108503
2021-06-07 09:57:44,6764.0,108683
2021-06-07 09:57:45,6764.0,108683
2021-06-07 09:57:46,6764.0,108683
2021-06-07 09:57:47,6760.65,108724
2021-06-07 09:57:48,6759.6,108790
2021-06-07 09:57:49,6761.7,108795
2021-06-07 09:57:51,6759.0,108820
2021-06-07 09:57:50,6761.7,108795
2021-06-07 09:57:52,6762.5,108891
2021-06-07 09:57:53,6762.55,108892
2021-06-07 09:57:54,6762.55,108964
2021-06-07 09:57:55,6758.45,108974
2021-06-07 09:57:56,6758.45,108974
2021-06-07 09:57:57,6762.5,109049
2021-06-07 09:57:58,6762.5,109049
2021-06-07 09:57:59,6762.5,109049
2021-06-07 09:58:00,6762.5,109049
2021-06-07 09:58:01,6760.3,109069
2021-06-07 09:58:02,6760.3,109069
2021-06-07 09:58:03,6759.6,109118
2021-06-07 09:58:04,6759.6,109118
2021-06-07 09:58:05,6762.5,109229
2021-06-07 09:58:06,6762.5,109230
2021-06-07 09:58:07,6759.4,109255
2021-06-07 09:58:08,6762.35,109257
2021-06-07 09:58:09,6760.55,109278
2021-06-07 09:58:10,6762.0,109279
2021-06-07 09:58:11,6762.0,109279
2021-06-07 09:58:12,6762.0,109280
2021-06-07 09:58:13,6760.7,109281
2021-06-07 09:58:14,6760.7,109283
2021-06-07 09:58:15,6761.05,109284
2021-06-07 09:58:16,6761.05,109314
2021-06-07 09:58:17,6761.05,109314
2021-06-07 09:58:18,6762.0,109389
2021-06-07 09:58:19,6762.0,109389
2021-06-07 09:58:20,6761.0,109409
2021-06-07 09:58:21,6761.0,109409
2021-06-07 09:58:22,6762.0,109434
2021-06-07 09:58:23,6762.0,109435
2021-06-07 09:58:25,6761.0,109510
2021-06-07 09:58:24,6761.0,109510
2021-06-07 09:58:26,6761.0,109510
2021-06-07 09:58:27,6761.0,109519
2021-06-07 09:58:28,6760.15,109521
2021-06-07 09:58:31,6760.35,109523
2021-06-07 09:58:32,6762.0,109603
2021-06-07 09:58:32,6762.0,109603
2021-06-07 09:58:33,6760.25,109604
2021-06-07 09:58:34,6762.0,109609
2021-06-07 09:58:35,6762.0,109639
2021-06-07 09:58:36,6762.55,109717
2021-06-07 09:58:37,6762.55,109717
2021-06-07 09:58:38,6762.0,109817
2021-06-07 09:58:39,6761.1,109827
2021-06-07 09:58:40,6763.0,109897
2021-06-07 09:58:41,6764.45,110269
2021-06-07 09:58:42,6764.65,110402
2021-06-07 09:58:44,6764.85,110507
2021-06-07 09:58:44,6764.85,110507
2021-06-07 09:58:45,6764.65,110627
2021-06-07 09:58:46,6764.95,110677
2021-06-07 09:58:47,6768.2,112173
2021-06-07 09:58:49,6766.7,112332
2021-06-07 09:58:50,6769.05,112493
2021-06-07 09:58:51,6769.65,112584
2021-06-07 09:58:52,6769.7,112735
2021-06-07 09:58:53,6768.35,113212
2021-06-07 09:58:53,6769.35,113207
2021-06-07 09:58:55,6770.0,113444
2021-06-07 09:58:55,6770.0,113444
2021-06-07 09:58:56,6770.0,113457
2021-06-07 09:58:57,6768.45,113562
2021-06-07 09:58:58,6769.65,113776
2021-06-07 09:58:59,6769.65,113786
2021-06-07 09:59:00,6770.0,113899
2021-06-07 09:59:01,6770.0,113914
2021-06-07 09:59:02,6768.45,114561
2021-06-07 09:59:04,6769.45,114702
2021-06-07 09:59:05,6770.0,114753
2021-06-07 09:59:06,6765.9,114763
2021-06-07 09:59:07,6769.55,114765
2021-06-07 09:59:08,6769.55,114765
2021-06-07 09:59:08,6769.55,114765
2021-06-07 09:59:09,6767.3,114767
2021-06-07 09:59:10,6768.0,114772
2021-06-07 09:59:11,6765.05,114818
2021-06-07 09:59:12,6767.4,114928
2021-06-07 09:59:13,6767.4,114943
2021-06-07 09:59:14,6767.4,114943
2021-06-07 09:59:15,6763.55,114987
2021-06-07 09:59:16,6762.0,115148
2021-06-07 09:59:18,6762.0,115148
2021-06-07 09:59:19,6762.0,115150
2021-06-07 09:59:20,6761.25,115151
2021-06-07 09:59:20,6761.25,115151
2021-06-07 09:59:21,6761.25,115151
2021-06-07 09:59:22,6761.25,115151
2021-06-07 09:59:23,6762.0,115160
2021-06-07 09:59:24,6765.0,115170
2021-06-07 09:59:25,6761.95,115190
2021-06-07 09:59:26,6761.95,115190
2021-06-07 09:59:27,6761.45,115265
2021-06-07 09:59:28,6762.0,115291
2021-06-07 09:59:29,6761.0,115431
2021-06-07 09:59:30,6761.0,115431
2021-06-07 09:59:31,6761.0,115431
2021-06-07 09:59:33,6764.75,115434
2021-06-07 09:59:34,6764.75,115434
2021-06-07 09:59:35,6764.75,115434
2021-06-07 09:59:36,6764.75,115434
2021-06-07 09:59:37,6761.0,115539
2021-06-07 09:59:38,6764.0,115655
2021-06-07 09:59:39,6764.0,115655
2021-06-07 09:59:40,6760.45,115678
2021-06-07 09:59:41,6760.45,115678
2021-06-07 09:59:42,6761.0,115690
2021-06-07 09:59:43,6761.0,115690
2021-06-07 09:59:44,6761.0,115692
2021-06-07 09:59:45,6761.0,115692
2021-06-07 09:59:46,6760.0,115892
2021-06-07 09:59:47,6760.0,115892
2021-06-07 09:59:48,6760.0,115892
2021-06-07 09:59:50,6760.0,115903
2021-06-07 09:59:50,6760.1,116179
2021-06-07 09:59:51,6755.25,116180
2021-06-07 09:59:52,6755.25,116180
2021-06-07 09:59:54,6755.2,116181
2021-06-07 09:59:55,6755.2,116181
2021-06-07 09:59:56,6755.0,116223
2021-06-07 09:59:57,6753.7,116277
2021-06-07 09:59:57,6753.7,116277
2021-06-07 09:59:58,6753.7,116277
2021-06-07 09:59:59,6753.7,116277
2021-06-07 10:00:00,6758.5,116312
2021-06-07 10:00:01,6760.75,116313
2021-06-07 10:00:02,6760.75,116313
2021-06-07 10:00:03,6760.75,116314
2021-06-07 10:00:04,6760.85,116321
2021-06-07 10:00:05,6760.85,116321
2021-06-07 10:00:06,6760.85,116321
2021-06-07 10:00:08,6758.5,116340
2021-06-07 10:00:09,6760.9,116347
2021-06-07 10:00:10,6761.0,116349
2021-06-07 10:00:11,6761.0,116351
2021-06-07 10:00:12,6761.0,116351
2021-06-07 10:00:13,6757.15,116372
2021-06-07 10:00:14,6755.9,116422
2021-06-07 10:00:14,6760.8,116423
2021-06-07 10:00:15,6756.65,116424
2021-06-07 10:00:17,6756.65,116424
2021-06-07 10:00:16,6756.65,116424
2021-06-07 10:00:18,6759.25,116496
2021-06-07 10:00:19,6755.3,116553
2021-06-07 10:00:20,6757.8,116556
2021-06-07 10:00:21,6757.8,116556
2021-06-07 10:00:22,6756.0,116557
2021-06-07 10:00:24,6755.0,116608
2021-06-07 10:00:23,6757.8,116558
2021-06-07 10:00:26,6757.8,116611
2021-06-07 10:00:27,6755.05,116625
2021-06-07 10:00:28,6755.05,116625
2021-06-07 10:00:28,6755.05,116628
2021-06-07 10:00:30,6755.85,116672
2021-06-07 10:00:31,6755.85,116672
2021-06-07 10:00:32,6754.0,116774
2021-06-07 10:00:32,6754.0,116774
2021-06-07 10:00:33,6755.8,116785
2021-06-07 10:00:34,6752.0,116859
2021-06-07 10:00:36,6752.0,116859
2021-06-07 10:00:37,6752.0,116859
2021-06-07 10:00:38,6751.05,116866
2021-06-07 10:00:38,6751.05,116866
2021-06-07 10:00:40,6754.2,116867
2021-06-07 10:00:40,6754.2,116867
2021-06-07 10:00:41,6752.5,116870
2021-06-07 10:00:42,6752.5,116870
2021-06-07 10:00:43,6752.5,116870
2021-06-07 10:00:44,6752.5,116870
2021-06-07 10:00:45,6752.5,116871
2021-06-07 10:00:46,6752.5,116871
2021-06-07 10:00:47,6752.5,116915
2021-06-07 10:00:48,6753.8,116917
2021-06-07 10:00:49,6752.5,116937
2021-06-07 10:00:51,6751.05,116961
2021-06-07 10:00:52,6750.8,117061
2021-06-07 10:00:53,6750.0,117067
2021-06-07 10:00:53,6750.0,117067
2021-06-07 10:00:54,6750.0,117153
2021-06-07 10:00:55,6750.0,117153
2021-06-07 10:00:56,6750.0,117153
2021-06-07 10:00:57,6750.0,117207
2021-06-07 10:00:58,6750.0,117208
2021-06-07 10:00:59,6748.45,117258
2021-06-07 10:01:00,6748.45,117258
2021-06-07 10:01:01,6748.45,117258
2021-06-07 10:01:02,6748.45,117258
2021-06-07 10:01:03,6748.45,117258
2021-06-07 10:01:04,6748.45,117258
2021-06-07 10:01:05,6748.45,117258
2021-06-07 10:01:06,6750.0,117279
2021-06-07 10:01:07,6750.0,117279
2021-06-07 10:01:08,6748.7,117305
2021-06-07 10:01:09,6748.7,117305
2021-06-07 10:01:10,6748.7,117305
2021-06-07 10:01:11,6748.7,117305
2021-06-07 10:01:12,6750.0,117310
2021-06-07 10:01:13,6750.0,117374
2021-06-07 10:01:14,6750.0,117380
2021-06-07 10:01:15,6748.7,117385
2021-06-07 10:01:16,6748.7,117385
2021-06-07 10:01:18,6748.7,117385
2021-06-07 10:01:18,6748.7,117385
2021-06-07 10:01:19,6750.0,117389
2021-06-07 10:01:20,6748.7,117390
2021-06-07 10:01:21,6750.0,117410
2021-06-07 10:01:22,6750.0,117410
2021-06-07 10:01:24,6750.0,117415
2021-06-07 10:01:25,6748.7,117435
2021-06-07 10:01:26,6750.0,117485
2021-06-07 10:01:28,6746.9,117551
2021-06-07 10:01:28,6750.0,117509
2021-06-07 10:01:29,6746.9,117551
2021-06-07 10:01:30,6746.9,117653
2021-06-07 10:01:31,6749.0,117701
2021-06-07 10:01:32,6746.0,117751
2021-06-07 10:01:33,6748.7,117758
2021-06-07 10:01:35,6748.7,117758
2021-06-07 10:01:36,6748.0,117765
2021-06-07 10:01:38,6749.95,117788
2021-06-07 10:01:38,6749.95,117788
2021-06-07 10:01:39,6746.55,117793
2021-06-07 10:01:40,6746.55,117793
2021-06-07 10:01:41,6749.85,117803
2021-06-07 10:01:42,6749.85,117804
2021-06-07 10:01:43,6749.85,117804
2021-06-07 10:01:44,6746.05,117854
2021-06-07 10:01:45,6746.05,117854
2021-06-07 10:01:46,6746.05,117854
2021-06-07 10:01:47,6749.8,117865
2021-06-07 10:01:48,6749.8,117865
2021-06-07 10:01:49,6749.8,117865
2021-06-07 10:01:50,6749.8,117865
2021-06-07 10:01:51,6749.8,117865
2021-06-07 10:01:52,6749.8,117865
2021-06-07 10:01:53,6749.4,117867
2021-06-07 10:01:55,6749.4,117867
2021-06-07 10:01:56,6749.4,117867
2021-06-07 10:01:57,6749.4,117871
2021-06-07 10:01:58,6749.4,117892
2021-06-07 10:01:59,6749.3,118177
2021-06-07 10:02:00,6749.3,118177
2021-06-07 10:02:01,6746.55,118189
2021-06-07 10:02:01,6746.55,118189
2021-06-07 10:02:02,6749.6,118194
2021-06-07 10:02:03,6749.6,118194
2021-06-07 10:02:04,6749.6,118194
2021-06-07 10:02:05,6746.55,118199
2021-06-07 10:02:06,6746.55,118204
2021-06-07 10:02:07,6746.55,118225
2021-06-07 10:02:08,6746.55,118225
2021-06-07 10:02:10,6746.55,118225
2021-06-07 10:02:11,6746.55,118225
2021-06-07 10:02:12,6746.9,118253
2021-06-07 10:02:12,6746.9,118253
2021-06-07 10:02:13,6746.9,118253
2021-06-07 10:02:14,6746.05,118303
2021-06-07 10:02:15,6746.05,118303
2021-06-07 10:02:17,6746.55,118304
2021-06-07 10:02:18,6746.55,118304
2021-06-07 10:02:19,6746.55,118304
2021-06-07 10:02:20,6746.55,118304
2021-06-07 10:02:21,6746.9,118334
2021-06-07 10:02:22,6746.9,118336
2021-06-07 10:02:23,6746.9,118339
2021-06-07 10:02:24,6746.55,118340
2021-06-07 10:02:25,6746.9,118418
2021-06-07 10:02:26,6749.0,118419
2021-06-07 10:02:27,6749.0,118423
2021-06-07 10:02:28,6750.0,118524
2021-06-07 10:02:29,6750.0,118524
2021-06-07 10:02:30,6749.0,118554
2021-06-07 10:02:30,6749.0,118554
2021-06-07 10:02:32,6746.2,118581
2021-06-07 10:02:32,6746.2,118581
2021-06-07 10:02:33,6746.2,118581
2021-06-07 10:02:34,6746.2,118581
2021-06-07 10:02:35,6746.2,118581
2021-06-07 10:02:37,6746.0,118592
2021-06-07 10:02:38,6746.0,118592
2021-06-07 10:02:39,6746.0,118592
2021-06-07 10:02:40,6746.0,118592
2021-06-07 10:02:40,6746.0,118593
2021-06-07 10:02:42,6749.0,118618
2021-06-07 10:02:43,6746.0,118636
2021-06-07 10:02:44,6746.0,118637
2021-06-07 10:02:45,6746.0,118637
2021-06-07 10:02:46,6746.0,118637
2021-06-07 10:02:46,6746.0,118637
2021-06-07 10:02:47,6746.0,118637
2021-06-07 10:02:48,6746.05,118638
2021-06-07 10:02:49,6746.05,118638
2021-06-07 10:02:50,6746.05,118638
2021-06-07 10:02:52,6746.05,118638
2021-06-07 10:02:53,6746.05,118638
2021-06-07 10:02:54,6746.05,118638
2021-06-07 10:02:55,6746.05,118638
2021-06-07 10:02:56,6746.05,118639
2021-06-07 10:02:57,6746.05,118639
2021-06-07 10:02:58,6746.05,118639
2021-06-07 10:02:59,6746.05,118639
2021-06-07 10:03:00,6746.05,118639
2021-06-07 10:03:01,6746.05,118640
2021-06-07 10:03:02,6746.05,118640
2021-06-07 10:03:03,6746.05,118640
2021-06-07 10:03:04,6749.0,118655
2021-06-07 10:03:05,6749.0,118655
2021-06-07 10:03:06,6749.0,118655
2021-06-07 10:03:07,6749.0,118655
2021-06-07 10:03:08,6749.0,118671
2021-06-07 10:03:09,6749.0,118671
2021-06-07 10:03:10,6746.05,118721
2021-06-07 10:03:12,6749.0,118771
2021-06-07 10:03:13,6749.0,118771
2021-06-07 10:03:14,6749.0,118771
2021-06-07 10:03:15,6749.0,118771
2021-06-07 10:03:16,6748.0,118806
2021-06-07 10:03:16,6748.0,118806
2021-06-07 10:03:17,6748.0,118806
2021-06-07 10:03:19,6747.55,118810
2021-06-07 10:03:21,6749.9,118825
2021-06-07 10:03:23,6749.9,118825
2021-06-07 10:03:24,6749.9,118825
2021-06-07 10:03:25,6749.9,118825
2021-06-07 10:03:26,6749.9,118825
2021-06-07 10:03:27,6749.9,118825
2021-06-07 10:03:28,6747.55,118828
2021-06-07 10:03:29,6750.0,118878
2021-06-07 10:03:30,6750.0,118878
2021-06-07 10:03:30,6750.0,118878
2021-06-07 10:03:32,6750.0,118878
2021-06-07 10:03:33,6750.0,118878
2021-06-07 10:03:34,6750.0,118880
2021-06-07 10:03:35,6750.0,118880
2021-06-07 10:03:36,6750.0,118880
2021-06-07 10:03:37,6750.0,118880
2021-06-07 10:03:38,6749.0,118886
2021-06-07 10:03:39,6749.0,118886
2021-06-07 10:03:40,6750.0,118936
2021-06-07 10:03:41,6750.0,118936
2021-06-07 10:03:42,6750.0,118936
2021-06-07 10:03:43,6750.0,118937
2021-06-07 10:03:44,6750.0,118937
2021-06-07 10:03:45,6750.0,118937
2021-06-07 10:03:46,6750.0,118948
2021-06-07 10:03:47,6750.0,118949
2021-06-07 10:03:48,6749.5,118950
2021-06-07 10:03:49,6749.5,118950
2021-06-07 10:03:50,6749.5,118950
2021-06-07 10:03:51,6749.5,118950
2021-06-07 10:03:52,6749.5,118950
2021-06-07 10:03:53,6749.5,118981
2021-06-07 10:03:54,6749.5,118981
2021-06-07 10:03:54,6749.5,118981
2021-06-07 10:03:55,6749.5,118981
2021-06-07 10:03:56,6750.0,119081
2021-06-07 10:03:57,6750.0,119081
2021-06-07 10:03:59,6749.5,119083
2021-06-07 10:04:00,6749.5,119083
2021-06-07 10:04:00,6749.5,119083
2021-06-07 10:04:01,6749.5,119083
2021-06-07 10:04:03,6749.5,119083
2021-06-07 10:04:04,6749.0,119319
2021-06-07 10:04:05,6749.0,119319
2021-06-07 10:04:06,6749.0,119319
2021-06-07 10:04:07,6746.1,119321
2021-06-07 10:04:07,6746.1,119321
2021-06-07 10:04:08,6746.0,119371
2021-06-07 10:04:09,6746.0,119371
2021-06-07 10:04:10,6746.0,119371
2021-06-07 10:04:11,6746.0,119371
2021-06-07 10:04:12,6746.0,119404
2021-06-07 10:04:13,6746.0,119414
2021-06-07 10:04:14,6746.0,119414
2021-06-07 10:04:15,6746.0,119414
2021-06-07 10:04:16,6749.0,119444
2021-06-07 10:04:17,6749.0,119444
2021-06-07 10:04:18,6749.0,119444
2021-06-07 10:04:20,6749.0,119444
2021-06-07 10:04:20,6749.0,119445
2021-06-07 10:04:23,6749.0,119485
2021-06-07 10:04:24,6749.0,119492
2021-06-07 10:04:25,6748.95,119519
2021-06-07 10:04:26,6748.95,119525
2021-06-07 10:04:27,6748.95,119527
2021-06-07 10:04:28,6748.95,119527
2021-06-07 10:04:29,6746.1,119532
2021-06-07 10:04:30,6746.1,119532
2021-06-07 10:04:31,6750.0,119593
2021-06-07 10:04:32,6750.0,119593
2021-06-07 10:04:33,6748.95,119594
2021-06-07 10:04:34,6748.95,119594
2021-06-07 10:04:35,6748.95,119596
2021-06-07 10:04:36,6748.95,119596
2021-06-07 10:04:37,6748.95,119596
2021-06-07 10:04:38,6748.95,119627
2021-06-07 10:04:39,6748.95,119629
2021-06-07 10:04:40,6748.95,119629
2021-06-07 10:04:41,6748.95,119629
2021-06-07 10:04:42,6748.95,119629
2021-06-07 10:04:43,6748.95,119630
2021-06-07 10:04:44,6748.95,119630
2021-06-07 10:04:45,6748.95,119630
2021-06-07 10:04:46,6748.95,119650
2021-06-07 10:04:47,6748.95,119650
2021-06-07 10:04:48,6748.95,119706
2021-06-07 10:04:49,6748.95,119706
2021-06-07 10:04:50,6748.95,119706
2021-06-07 10:04:51,6748.95,119706
2021-06-07 10:04:52,6748.95,119716
2021-06-07 10:04:53,6748.95,119746
2021-06-07 10:04:54,6748.95,119776
2021-06-07 10:04:55,6748.0,119779
2021-06-07 10:04:56,6746.0,119966
2021-06-07 10:04:57,6742.15,120083
2021-06-07 10:04:58,6742.15,120083
2021-06-07 10:04:59,6742.15,120083
2021-06-07 10:05:00,6742.15,120083
2021-06-07 10:05:01,6745.2,120085
2021-06-07 10:05:02,6745.2,120085
2021-06-07 10:05:03,6742.15,120105
2021-06-07 10:05:05,6742.15,120109
2021-06-07 10:05:06,6741.0,120359
2021-06-07 10:05:07,6741.0,120422
2021-06-07 10:05:08,6741.0,120422
2021-06-07 10:05:09,6741.0,120422
2021-06-07 10:05:10,6742.15,120423
2021-06-07 10:05:11,6742.15,120433
2021-06-07 10:05:13,6742.15,120438
2021-06-07 10:05:14,6742.15,120438
2021-06-07 10:05:15,6742.15,120438
2021-06-07 10:05:16,6742.15,120438
2021-06-07 10:05:17,6742.15,120438
2021-06-07 10:05:18,6742.15,120438
2021-06-07 10:05:19,6742.15,120449
2021-06-07 10:05:20,6742.15,120449
2021-06-07 10:05:21,6743.7,120464
2021-06-07 10:05:22,6743.7,120464
2021-06-07 10:05:23,6743.7,120464
2021-06-07 10:05:24,6743.7,120464
2021-06-07 10:05:25,6743.7,120464
2021-06-07 10:05:26,6743.7,120464
2021-06-07 10:05:27,6743.7,120464
2021-06-07 10:05:28,6742.15,120468
2021-06-07 10:05:29,6742.15,120468
2021-06-07 10:05:30,6743.35,120470
2021-06-07 10:05:31,6743.35,120471
2021-06-07 10:05:32,6744.0,120571
2021-06-07 10:05:33,6744.0,120571
2021-06-07 10:05:34,6742.15,120572
2021-06-07 10:05:35,6742.15,120572
2021-06-07 10:05:36,6742.15,120572
2021-06-07 10:05:37,6745.0,120650
2021-06-07 10:05:38,6745.0,120650
2021-06-07 10:05:39,6745.0,120650
2021-06-07 10:05:40,6741.05,121655
2021-06-07 10:05:41,6741.05,121655
2021-06-07 10:05:42,6743.65,121671
2021-06-07 10:05:43,6743.65,121671
2021-06-07 10:05:44,6743.7,121931
2021-06-07 10:05:45,6744.05,121933
2021-06-07 10:05:46,6744.05,121933
2021-06-07 10:05:47,6744.05,121933
2021-06-07 10:05:48,6744.05,121933
2021-06-07 10:05:49,6741.0,121938
2021-06-07 10:05:50,6741.0,121938
2021-06-07 10:05:51,6744.0,122042
2021-06-07 10:05:52,6744.0,122042
2021-06-07 10:05:53,6744.0,122042
2021-06-07 10:05:54,6744.0,122042
2021-06-07 10:05:55,6741.0,122052
2021-06-07 10:05:56,6741.0,122056
2021-06-07 10:05:57,6741.0,122056
2021-06-07 10:05:58,6741.0,122056
2021-06-07 10:05:59,6741.0,122056
2021-06-07 10:06:00,6741.0,122061
2021-06-07 10:06:01,6741.0,122061
2021-06-07 10:06:02,6741.0,122061
2021-06-07 10:06:03,6741.0,122061
2021-06-07 10:06:04,6741.0,122061
2021-06-07 10:06:05,6741.0,122061
2021-06-07 10:06:06,6741.0,122061
2021-06-07 10:06:07,6741.0,122061
2021-06-07 10:06:08,6741.0,122061
2021-06-07 10:06:09,6741.0,122061
2021-06-07 10:06:10,6740.65,122071
2021-06-07 10:06:11,6742.55,122093
2021-06-07 10:06:12,6742.55,122093
2021-06-07 10:06:13,6742.55,122093
2021-06-07 10:06:14,6742.55,122093
2021-06-07 10:06:15,6742.0,122172
2021-06-07 10:06:16,6742.0,122173
2021-06-07 10:06:17,6742.0,122181
2021-06-07 10:06:18,6740.45,122182
2021-06-07 10:06:19,6740.45,122182
2021-06-07 10:06:20,6740.45,122182
2021-06-07 10:06:21,6740.45,122182
2021-06-07 10:06:22,6740.45,122183
2021-06-07 10:06:23,6740.45,122183
2021-06-07 10:06:24,6740.45,122183
2021-06-07 10:06:25,6740.45,122183
2021-06-07 10:06:26,6740.4,122184
2021-06-07 10:06:27,6740.4,122185
2021-06-07 10:06:28,6740.15,122210
2021-06-07 10:06:29,6740.15,122215
2021-06-07 10:06:30,6740.0,122295
2021-06-07 10:06:31,6740.0,122295
2021-06-07 10:06:32,6740.0,122295
2021-06-07 10:06:33,6740.0,122345
2021-06-07 10:06:34,6740.0,122346
2021-06-07 10:06:35,6740.0,122346
2021-06-07 10:06:37,6740.0,122349
2021-06-07 10:06:39,6740.0,122349
2021-06-07 10:06:40,6740.0,122349
2021-06-07 10:06:40,6740.0,122349
2021-06-07 10:06:41,6740.0,122349
2021-06-07 10:06:42,6740.05,122354
2021-06-07 10:06:43,6740.05,122354
2021-06-07 10:06:44,6740.05,122379
2021-06-07 10:06:45,6740.05,122379
2021-06-07 10:06:46,6740.05,122379
2021-06-07 10:06:48,6740.5,122381
2021-06-07 10:06:48,6740.5,122381
2021-06-07 10:06:49,6742.0,122382
2021-06-07 10:06:50,6742.0,122382
2021-06-07 10:06:51,6742.0,122382
2021-06-07 10:06:52,6742.0,122382
2021-06-07 10:06:53,6740.05,122411
2021-06-07 10:06:54,6740.05,122412
2021-06-07 10:06:55,6740.05,122412
2021-06-07 10:06:56,6740.05,122412
2021-06-07 10:06:57,6740.05,122412
2021-06-07 10:06:59,6740.05,122412
2021-06-07 10:06:59,6740.05,122412
2021-06-07 10:07:00,6740.05,122412
2021-06-07 10:07:01,6740.05,122412
2021-06-07 10:07:03,6740.05,122419
2021-06-07 10:07:03,6740.05,122419
2021-06-07 10:07:04,6740.4,122420
2021-06-07 10:07:05,6740.4,122420
2021-06-07 10:07:06,6740.4,122420
2021-06-07 10:07:07,6740.4,122420
2021-06-07 10:07:08,6740.1,122421
2021-06-07 10:07:09,6740.1,122421
2021-06-07 10:07:10,6741.0,122432
2021-06-07 10:07:11,6741.0,122432
2021-06-07 10:07:13,6741.0,122432
2021-06-07 10:07:13,6741.0,122432
2021-06-07 10:07:14,6741.0,122432
2021-06-07 10:07:15,6741.0,122432
2021-06-07 10:07:16,6741.0,122432
2021-06-07 10:07:17,6741.0,122432
2021-06-07 10:07:18,6741.0,122432
2021-06-07 10:07:19,6741.0,122432
2021-06-07 10:07:20,6741.0,122550
2021-06-07 10:07:22,6741.05,122575
2021-06-07 10:07:22,6741.05,122575
2021-06-07 10:07:23,6741.05,122575
2021-06-07 10:07:24,6741.05,122575
2021-06-07 10:07:25,6744.95,122595
2021-06-07 10:07:26,6744.95,122595
2021-06-07 10:07:27,6743.0,122600
2021-06-07 10:07:28,6743.0,122600
2021-06-07 10:07:29,6742.9,122603
2021-06-07 10:07:30,6742.9,122603
2021-06-07 10:07:31,6742.9,122603
2021-06-07 10:07:32,6742.9,122603
2021-06-07 10:07:34,6742.9,122603
2021-06-07 10:07:34,6742.9,122603
2021-06-07 10:07:36,6742.9,122603
2021-06-07 10:07:37,6742.9,122603
2021-06-07 10:07:38,6742.9,122603
2021-06-07 10:07:38,6742.9,122603
2021-06-07 10:07:39,6741.05,122605
2021-06-07 10:07:41,6743.0,122608
2021-06-07 10:07:41,6743.0,122608
2021-06-07 10:07:43,6743.0,122623
2021-06-07 10:07:44,6743.0,122623
2021-06-07 10:07:45,6743.0,122623
2021-06-07 10:07:46,6743.0,122623
2021-06-07 10:07:47,6742.95,122649
2021-06-07 10:07:47,6742.95,122649
2021-06-07 10:07:48,6743.0,122661
2021-06-07 10:07:49,6743.0,122661
2021-06-07 10:07:50,6741.1,122691
2021-06-07 10:07:51,6741.1,122691
2021-06-07 10:07:52,6741.1,122691
2021-06-07 10:07:53,6741.1,122691
2021-06-07 10:07:54,6741.1,122691
2021-06-07 10:07:55,6741.1,122691
2021-06-07 10:07:57,6742.25,122694
2021-06-07 10:07:59,6742.25,122695
2021-06-07 10:08:00,6741.05,122700
2021-06-07 10:08:00,6741.05,122700
2021-06-07 10:08:01,6741.05,122700
2021-06-07 10:08:02,6741.2,122710
2021-06-07 10:08:03,6742.25,122716
2021-06-07 10:08:04,6742.25,122716
2021-06-07 10:08:05,6742.25,122716
2021-06-07 10:08:06,6742.25,122717
2021-06-07 10:08:07,6742.25,122717
2021-06-07 10:08:08,6742.25,122717
2021-06-07 10:08:09,6742.25,122717
2021-06-07 10:08:11,6742.25,122717
2021-06-07 10:08:12,6742.25,122717
2021-06-07 10:08:13,6742.25,122717
2021-06-07 10:08:14,6742.25,122722
2021-06-07 10:08:15,6742.25,122723
2021-06-07 10:08:17,6742.25,122725
2021-06-07 10:08:18,6744.2,122735
2021-06-07 10:08:18,6744.2,122735
2021-06-07 10:08:19,6744.2,122735
2021-06-07 10:08:20,6741.2,122736
2021-06-07 10:08:21,6743.0,122737
2021-06-07 10:08:22,6743.0,122737
2021-06-07 10:08:23,6741.2,122742
2021-06-07 10:08:24,6741.2,122744
2021-06-07 10:08:25,6741.05,122764
2021-06-07 10:08:26,6741.05,122764
2021-06-07 10:08:28,6741.05,122774
2021-06-07 10:08:29,6741.05,122774
2021-06-07 10:08:29,6741.05,122774
2021-06-07 10:08:30,6741.05,122774
2021-06-07 10:08:31,6741.05,122781
2021-06-07 10:08:32,6741.05,122781
2021-06-07 10:08:33,6741.05,122781
2021-06-07 10:08:34,6741.05,122781
2021-06-07 10:08:35,6741.05,122781
2021-06-07 10:08:36,6741.05,122781
2021-06-07 10:08:38,6741.05,122781
2021-06-07 10:08:38,6741.05,122781
2021-06-07 10:08:39,6741.05,122786
2021-06-07 10:08:40,6741.05,122786
2021-06-07 10:08:41,6741.05,122786
2021-06-07 10:08:42,6741.05,122786
2021-06-07 10:08:43,6741.05,122804
2021-06-07 10:08:44,6745.0,122904
2021-06-07 10:08:45,6744.05,122908
2021-06-07 10:08:46,6744.05,122908
2021-06-07 10:08:47,6744.05,122910
2021-06-07 10:08:49,6744.05,122910
2021-06-07 10:08:50,6744.05,122924
2021-06-07 10:08:50,6741.05,122927
2021-06-07 10:08:51,6741.05,122927
2021-06-07 10:08:53,6741.05,122927
2021-06-07 10:08:53,6741.05,122927
2021-06-07 10:08:54,6741.05,122927
2021-06-07 10:08:56,6741.05,122927
2021-06-07 10:08:57,6741.05,122927
2021-06-07 10:08:58,6744.95,122977
2021-06-07 10:08:58,6744.95,122977
2021-06-07 10:08:59,6744.95,122977
2021-06-07 10:09:01,6744.95,122977
2021-06-07 10:09:01,6744.95,122977
2021-06-07 10:09:03,6744.95,122977
2021-06-07 10:09:03,6744.95,122977
2021-06-07 10:09:04,6744.95,122977
2021-06-07 10:09:05,6744.9,122989
2021-06-07 10:09:06,6744.95,122993
2021-06-07 10:09:07,6744.95,122993
2021-06-07 10:09:08,6744.9,123008
2021-06-07 10:09:09,6744.95,123019
2021-06-07 10:09:11,6744.95,123021
2021-06-07 10:09:12,6744.95,123021
2021-06-07 10:09:12,6744.95,123021
2021-06-07 10:09:15,6744.95,123036
2021-06-07 10:09:15,6744.95,123037
2021-06-07 10:09:17,6744.95,123062
2021-06-07 10:09:17,6744.95,123054
2021-06-07 10:09:18,6744.95,123062
2021-06-07 10:09:19,6744.95,123063
2021-06-07 10:09:20,6744.95,123064
2021-06-07 10:09:21,6744.95,123066
2021-06-07 10:09:22,6744.95,123066
2021-06-07 10:09:23,6745.0,123116
2021-06-07 10:09:24,6742.05,123136
2021-06-07 10:09:25,6742.05,123136
2021-06-07 10:09:26,6745.0,123141
2021-06-07 10:09:27,6745.0,123141
2021-06-07 10:09:28,6742.45,123146
2021-06-07 10:09:29,6742.45,123146
2021-06-07 10:09:31,6745.0,123147
2021-06-07 10:09:32,6745.0,123152
2021-06-07 10:09:32,6745.0,123152
2021-06-07 10:09:33,6745.0,123152
2021-06-07 10:09:35,6745.0,123152
2021-06-07 10:09:37,6745.0,123152
2021-06-07 10:09:39,6745.55,123157
2021-06-07 10:09:40,6745.3,123158
2021-06-07 10:09:40,6745.3,123158
2021-06-07 10:09:41,6742.45,123183
2021-06-07 10:09:43,6742.45,123183
2021-06-07 10:09:43,6745.55,123184
2021-06-07 10:09:44,6745.55,123184
2021-06-07 10:09:46,6745.55,123184
2021-06-07 10:09:48,6742.0,123224
2021-06-07 10:09:49,6742.1,123234
2021-06-07 10:09:50,6742.05,123249
2021-06-07 10:09:51,6745.55,123259
2021-06-07 10:09:53,6741.3,123313
2021-06-07 10:09:53,6741.3,123313
2021-06-07 10:09:54,6743.3,123314
2021-06-07 10:09:55,6743.25,123316
2021-06-07 10:09:56,6743.25,123317
2021-06-07 10:09:57,6743.25,123318
2021-06-07 10:09:59,6743.25,123318
2021-06-07 10:09:59,6743.25,123320
2021-06-07 10:10:00,6743.25,123322
2021-06-07 10:10:01,6743.25,123322
2021-06-07 10:10:02,6743.25,123322
2021-06-07 10:10:04,6743.25,123322
2021-06-07 10:10:05,6743.95,123323
2021-06-07 10:10:06,6743.25,123324
2021-06-07 10:10:07,6743.25,123324
2021-06-07 10:10:07,6743.25,123324
2021-06-07 10:10:08,6741.1,123349
2021-06-07 10:10:09,6741.1,123349
2021-06-07 10:10:10,6741.1,123349
2021-06-07 10:10:11,6741.1,123349
2021-06-07 10:10:12,6741.1,123349
2021-06-07 10:10:14,6741.05,123549
2021-06-07 10:10:15,6741.05,123549
2021-06-07 10:10:16,6744.0,123550
2021-06-07 10:10:17,6744.0,123550
2021-06-07 10:10:18,6744.0,123550
2021-06-07 10:10:19,6744.0,123550
2021-06-07 10:10:20,6744.0,123550
2021-06-07 10:10:21,6744.0,123550
2021-06-07 10:10:22,6744.0,123550
2021-06-07 10:10:23,6744.0,123550
2021-06-07 10:10:24,6743.25,123551
2021-06-07 10:10:25,6741.05,123558
2021-06-07 10:10:27,6741.05,123558
2021-06-07 10:10:28,6741.05,123558
2021-06-07 10:10:28,6743.15,123559
2021-06-07 10:10:29,6741.1,123665
2021-06-07 10:10:30,6741.1,123665
2021-06-07 10:10:31,6741.1,123665
2021-06-07 10:10:32,6741.1,123665
2021-06-07 10:10:33,6741.1,123675
2021-06-07 10:10:35,6741.1,123675
2021-06-07 10:10:36,6743.1,123680
2021-06-07 10:10:37,6743.1,123716
2021-06-07 10:10:38,6743.1,123719
2021-06-07 10:10:38,6743.1,123719
2021-06-07 10:10:39,6743.1,123719
2021-06-07 10:10:40,6743.1,123719
2021-06-07 10:10:41,6743.1,123719
2021-06-07 10:10:43,6741.0,123733
2021-06-07 10:10:44,6741.0,123733
2021-06-07 10:10:45,6741.0,123733
2021-06-07 10:10:45,6741.0,123733
2021-06-07 10:10:46,6741.0,123733
2021-06-07 10:10:47,6741.0,123733
2021-06-07 10:10:49,6741.0,123736
2021-06-07 10:10:49,6741.0,123736
2021-06-07 10:10:50,6741.0,123736
2021-06-07 10:10:52,6741.0,123736
2021-06-07 10:10:53,6741.0,123736
2021-06-07 10:10:54,6741.0,123736
2021-06-07 10:10:55,6741.0,123736
2021-06-07 10:10:56,6741.0,123736
2021-06-07 10:10:58,6741.0,123736
2021-06-07 10:10:59,6741.0,123736
2021-06-07 10:11:00,6741.0,123736
2021-06-07 10:11:01,6741.15,123768
2021-06-07 10:11:02,6741.15,123768
2021-06-07 10:11:03,6741.15,123768
2021-06-07 10:11:04,6741.15,123768
2021-06-07 10:11:05,6741.15,123768
2021-06-07 10:11:05,6741.15,123768
2021-06-07 10:11:06,6741.15,123768
2021-06-07 10:11:07,6741.15,123778
2021-06-07 10:11:08,6741.15,123778
2021-06-07 10:11:09,6741.15,123780
2021-06-07 10:11:11,6741.15,123789
2021-06-07 10:11:11,6742.9,123791
2021-06-07 10:11:12,6742.9,123796
2021-06-07 10:11:14,6742.9,123798
2021-06-07 10:11:15,6742.9,123798
2021-06-07 10:11:16,6742.9,123798
2021-06-07 10:11:17,6742.9,123798
2021-06-07 10:11:18,6742.9,123798
2021-06-07 10:11:19,6741.15,123808
2021-06-07 10:11:20,6741.15,123808
2021-06-07 10:11:21,6741.15,123808
2021-06-07 10:11:21,6741.15,123808
2021-06-07 10:11:22,6741.15,123808
2021-06-07 10:11:24,6743.25,123822
2021-06-07 10:11:25,6743.25,123822
2021-06-07 10:11:26,6743.25,123822
2021-06-07 10:11:27,6743.25,123822
2021-06-07 10:11:28,6743.25,123822
2021-06-07 10:11:29,6743.25,123822
2021-06-07 10:11:30,6743.25,123822
2021-06-07 10:11:31,6740.5,124752
2021-06-07 10:11:32,6740.2,124758
2021-06-07 10:11:33,6740.2,124758
2021-06-07 10:11:34,6740.2,124758
2021-06-07 10:11:35,6740.2,124758
2021-06-07 10:11:36,6740.2,124758
2021-06-07 10:11:37,6743.0,124759
2021-06-07 10:11:38,6740.2,124769
2021-06-07 10:11:38,6740.2,124769
2021-06-07 10:11:39,6740.2,124769
2021-06-07 10:11:41,6740.2,124769
2021-06-07 10:11:42,6742.8,124773
2021-06-07 10:11:43,6742.8,124773
2021-06-07 10:11:44,6742.8,124773
2021-06-07 10:11:44,6742.8,124773
2021-06-07 10:11:45,6740.05,124803
2021-06-07 10:11:46,6740.05,124803
2021-06-07 10:11:47,6740.1,124813
2021-06-07 10:11:48,6740.5,124814
2021-06-07 10:11:49,6740.5,124814
2021-06-07 10:11:50,6740.5,124814
2021-06-07 10:11:51,6740.5,124814
2021-06-07 10:11:52,6740.5,124814
2021-06-07 10:11:54,6740.5,124814
2021-06-07 10:11:55,6740.5,124869
2021-06-07 10:11:56,6740.5,124869
2021-06-07 10:11:57,6740.5,124919
2021-06-07 10:11:58,6740.5,124919
2021-06-07 10:11:59,6740.5,124919
2021-06-07 10:12:00,6740.5,124919
2021-06-07 10:12:01,6740.5,124924
2021-06-07 10:12:02,6740.5,124924
2021-06-07 10:12:03,6740.5,124924
2021-06-07 10:12:05,6740.5,124930
2021-06-07 10:12:06,6740.5,124935
2021-06-07 10:12:07,6740.5,124935
2021-06-07 10:12:08,6740.5,124940
2021-06-07 10:12:09,6740.5,124940
2021-06-07 10:12:10,6740.5,124945
2021-06-07 10:12:11,6740.5,125032
2021-06-07 10:12:13,6741.5,125387
2021-06-07 10:12:14,6741.5,125387
2021-06-07 10:12:15,6740.5,125394
2021-06-07 10:12:16,6740.5,125434
2021-06-07 10:12:16,6740.5,125434
2021-06-07 10:12:19,6739.0,125437
2021-06-07 10:12:20,6739.0,125437
2021-06-07 10:12:21,6739.0,125437
2021-06-07 10:12:23,6739.0,125437
2021-06-07 10:12:24,6739.0,125437
2021-06-07 10:12:25,6739.0,125437
2021-06-07 10:12:26,6739.0,125443
2021-06-07 10:12:27,6739.0,125443
2021-06-07 10:12:28,6739.0,125443
2021-06-07 10:12:29,6739.0,125443
2021-06-07 10:12:30,6739.0,125490
2021-06-07 10:12:31,6739.0,125491
2021-06-07 10:12:32,6739.0,125491
2021-06-07 10:12:33,6739.0,125501
2021-06-07 10:12:35,6739.0,125501
2021-06-07 10:12:36,6739.0,125501
2021-06-07 10:12:37,6739.0,125501
2021-06-07 10:12:38,6740.0,125502
2021-06-07 10:12:39,6738.0,125550
2021-06-07 10:12:40,6738.0,125550
2021-06-07 10:12:41,6738.0,125550
2021-06-07 10:12:42,6738.0,125550
2021-06-07 10:12:43,6738.0,125550
2021-06-07 10:12:43,6738.0,125550
2021-06-07 10:12:45,6739.0,125553
2021-06-07 10:12:45,6739.0,125554
2021-06-07 10:12:46,6738.0,125567
2021-06-07 10:12:47,6738.0,125567
2021-06-07 10:12:48,6738.0,125572
2021-06-07 10:12:49,6739.0,125573
2021-06-07 10:12:50,6739.0,125573
2021-06-07 10:12:52,6739.0,125574
2021-06-07 10:12:53,6739.0,125574
2021-06-07 10:12:54,6739.0,125574
2021-06-07 10:12:55,6739.0,125574
2021-06-07 10:12:56,6738.0,125575
2021-06-07 10:12:57,6738.0,125575
2021-06-07 10:12:58,6738.0,125575
2021-06-07 10:12:59,6738.0,125575
2021-06-07 10:13:00,6738.0,125575
2021-06-07 10:13:01,6738.0,125575
2021-06-07 10:13:02,6738.0,125582
2021-06-07 10:13:02,6738.0,125582
2021-06-07 10:13:04,6738.0,125606
2021-06-07 10:13:05,6738.0,125608
2021-06-07 10:13:06,6738.0,125608
2021-06-07 10:13:07,6738.0,125617
2021-06-07 10:13:08,6740.95,125742
2021-06-07 10:13:09,6740.9,125745
2021-06-07 10:13:10,6740.9,125745
2021-06-07 10:13:11,6740.9,125745
2021-06-07 10:13:12,6740.9,125745
2021-06-07 10:13:13,6740.9,125745
2021-06-07 10:13:16,6740.95,125746
2021-06-07 10:13:17,6740.9,125748
2021-06-07 10:13:18,6744.4,126248
2021-06-07 10:13:19,6744.4,126248
2021-06-07 10:13:20,6744.4,126248
2021-06-07 10:13:20,6744.4,126248
2021-06-07 10:13:21,6744.4,126248
2021-06-07 10:13:23,6740.9,126254
2021-06-07 10:13:23,6742.25,126279
2021-06-07 10:13:25,6742.25,126279
2021-06-07 10:13:26,6742.25,126279
2021-06-07 10:13:27,6742.25,126279
2021-06-07 10:13:28,6742.25,126279
2021-06-07 10:13:29,6740.9,126284
2021-06-07 10:13:30,6740.9,126284
2021-06-07 10:13:31,6740.9,126284
2021-06-07 10:13:32,6740.9,126284
2021-06-07 10:13:33,6740.9,126284
2021-06-07 10:13:33,6740.9,126284
2021-06-07 10:13:34,6740.9,126314
2021-06-07 10:13:35,6740.9,126314
2021-06-07 10:13:36,6740.9,126314
2021-06-07 10:13:37,6740.9,126317
2021-06-07 10:13:38,6740.9,126320
2021-06-07 10:13:39,6740.9,126320
2021-06-07 10:13:41,6740.9,126323
2021-06-07 10:13:42,6740.9,126323
2021-06-07 10:13:43,6740.9,126323
2021-06-07 10:13:44,6740.9,126323
2021-06-07 10:13:45,6740.9,126323
2021-06-07 10:13:47,6740.9,126323
2021-06-07 10:13:48,6742.2,126325
2021-06-07 10:13:48,6742.2,126325
2021-06-07 10:13:49,6743.85,126371
2021-06-07 10:13:51,6743.85,126371
2021-06-07 10:13:52,6743.85,126371
2021-06-07 10:13:53,6743.85,126371
2021-06-07 10:13:54,6743.85,126371
2021-06-07 10:13:55,6743.85,126371
2021-06-07 10:13:56,6743.85,126371
2021-06-07 10:13:57,6743.85,126371
2021-06-07 10:13:58,6740.9,126381
2021-06-07 10:13:59,6740.9,126381
2021-06-07 10:14:00,6740.9,126381
2021-06-07 10:14:01,6740.9,126381
2021-06-07 10:14:02,6740.9,126381
2021-06-07 10:14:02,6740.9,126381
2021-06-07 10:14:03,6740.9,126381
2021-06-07 10:14:04,6740.9,126381
2021-06-07 10:14:05,6740.9,126381
2021-06-07 10:14:08,6740.9,126381
2021-06-07 10:14:07,6740.9,126381
2021-06-07 10:14:09,6743.55,126386
2021-06-07 10:14:10,6743.55,126386
2021-06-07 10:14:11,6743.55,126386
2021-06-07 10:14:12,6742.2,126390
2021-06-07 10:14:13,6742.2,126390
2021-06-07 10:14:14,6742.2,126390
2021-06-07 10:14:15,6742.2,126390
2021-06-07 10:14:16,6742.2,126390
2021-06-07 10:14:17,6742.2,126390
2021-06-07 10:14:18,6742.2,126390
2021-06-07 10:14:19,6743.95,126394
2021-06-07 10:14:20,6743.95,126394
2021-06-07 10:14:21,6743.95,126394
2021-06-07 10:14:22,6743.95,126394
2021-06-07 10:14:23,6742.15,126403
2021-06-07 10:14:24,6742.15,126403
2021-06-07 10:14:26,6742.15,126403
2021-06-07 10:14:27,6742.1,126412
2021-06-07 10:14:28,6742.1,126412
2021-06-07 10:14:30,6742.15,126414
2021-06-07 10:14:29,6742.1,126412
2021-06-07 10:14:31,6742.1,126418
2021-06-07 10:14:32,6742.1,126418
2021-06-07 10:14:33,6742.1,126418
2021-06-07 10:14:34,6742.1,126419
2021-06-07 10:14:36,6742.1,126419
2021-06-07 10:14:36,6742.1,126419
2021-06-07 10:14:37,6744.0,126449
2021-06-07 10:14:38,6744.0,126449
2021-06-07 10:14:40,6742.05,126474
2021-06-07 10:14:41,6742.05,126474
2021-06-07 10:14:42,6744.0,126477
2021-06-07 10:14:43,6744.0,126477
2021-06-07 10:14:44,6742.05,126478
2021-06-07 10:14:45,6744.0,126479
2021-06-07 10:14:46,6744.0,126479
2021-06-07 10:14:48,6744.0,126479
2021-06-07 10:14:48,6744.0,126479
2021-06-07 10:14:49,6744.0,126479
2021-06-07 10:14:51,6744.0,126479
2021-06-07 10:14:52,6744.0,126479
2021-06-07 10:14:52,6744.0,126479
2021-06-07 10:14:54,6742.0,126487
2021-06-07 10:14:55,6742.0,126487
2021-06-07 10:14:56,6742.0,126487
2021-06-07 10:14:57,6743.95,126497
2021-06-07 10:14:58,6743.95,126497
2021-06-07 10:14:59,6743.95,126497
2021-06-07 10:15:00,6743.95,126497
2021-06-07 10:15:01,6743.95,126497
2021-06-07 10:15:02,6743.95,126497
2021-06-07 10:15:03,6742.0,126502
2021-06-07 10:15:04,6742.0,126502
2021-06-07 10:15:04,6742.0,126502
2021-06-07 10:15:05,6742.0,126502
2021-06-07 10:15:06,6742.0,126512
2021-06-07 10:15:07,6742.0,126512
2021-06-07 10:15:08,6742.95,126514
2021-06-07 10:15:09,6742.0,126534
2021-06-07 10:15:10,6742.0,126534
2021-06-07 10:15:11,6742.0,126534
2021-06-07 10:15:13,6742.0,126534
2021-06-07 10:15:14,6742.0,126536
2021-06-07 10:15:15,6742.0,126539
2021-06-07 10:15:16,6741.75,126540
2021-06-07 10:15:17,6741.75,126540
2021-06-07 10:15:18,6741.75,126540
2021-06-07 10:15:19,6741.75,126540
2021-06-07 10:15:20,6742.0,126543
2021-06-07 10:15:21,6742.0,126543
2021-06-07 10:15:22,6741.75,126550
2021-06-07 10:15:23,6742.95,126555
2021-06-07 10:15:24,6742.95,126555
2021-06-07 10:15:25,6742.95,126555
2021-06-07 10:15:26,6742.95,126555
2021-06-07 10:15:27,6742.95,126562
2021-06-07 10:15:28,6741.55,126616
2021-06-07 10:15:29,6741.55,126616
2021-06-07 10:15:31,6742.95,126618
2021-06-07 10:15:32,6742.95,126618
2021-06-07 10:15:33,6740.0,126638
2021-06-07 10:15:34,6740.0,126638
2021-06-07 10:15:35,6740.0,126638
2021-06-07 10:15:36,6740.0,126638
2021-06-07 10:15:37,6740.0,126638
2021-06-07 10:15:38,6740.0,126638
2021-06-07 10:15:39,6740.0,126638
2021-06-07 10:15:40,6744.0,126681
2021-06-07 10:15:41,6744.0,126681
2021-06-07 10:15:42,6744.0,126681
2021-06-07 10:15:43,6744.0,126681
2021-06-07 10:15:44,6744.0,126681
2021-06-07 10:15:45,6744.0,126681
2021-06-07 10:15:46,6741.0,126691
2021-06-07 10:15:47,6741.0,126691
2021-06-07 10:15:48,6741.0,126691
2021-06-07 10:15:49,6741.0,126691
2021-06-07 10:15:50,6741.0,126691
2021-06-07 10:15:51,6741.0,126691
2021-06-07 10:15:52,6741.0,126692
2021-06-07 10:15:53,6741.0,126692
2021-06-07 10:15:54,6742.95,126695
2021-06-07 10:15:55,6742.95,126695
2021-06-07 10:15:57,6742.95,126696
2021-06-07 10:15:58,6742.95,126696
2021-06-07 10:15:59,6742.95,126696
2021-06-07 10:16:00,6740.1,126725
2021-06-07 10:16:01,6741.0,126726
2021-06-07 10:16:02,6741.0,126726
2021-06-07 10:16:03,6741.0,126727
2021-06-07 10:16:04,6741.0,126752
2021-06-07 10:16:05,6741.0,126752
2021-06-07 10:16:06,6741.0,126752
2021-06-07 10:16:07,6741.0,126752
2021-06-07 10:16:08,6741.0,126752
2021-06-07 10:16:09,6741.0,126752
2021-06-07 10:16:10,6742.85,126759
2021-06-07 10:16:11,6742.85,126759
2021-06-07 10:16:12,6742.85,126759
2021-06-07 10:16:13,6742.85,126759
2021-06-07 10:16:14,6740.0,126959
2021-06-07 10:16:15,6740.05,126961
2021-06-07 10:16:16,6740.05,126961
2021-06-07 10:16:17,6740.05,126961
2021-06-07 10:16:18,6740.05,126961
2021-06-07 10:16:20,6740.05,126961
2021-06-07 10:16:21,6740.05,126961
2021-06-07 10:16:22,6740.0,127061
2021-06-07 10:16:23,6740.0,127061
2021-06-07 10:16:24,6740.0,127061
2021-06-07 10:16:25,6740.05,127070
2021-06-07 10:16:26,6740.05,127070
2021-06-07 10:16:27,6740.05,127070
2021-06-07 10:16:28,6740.05,127070
2021-06-07 10:16:29,6740.05,127070
2021-06-07 10:16:30,6740.0,127130
2021-06-07 10:16:31,6740.0,127130
2021-06-07 10:16:32,6741.0,127136
2021-06-07 10:16:33,6741.0,127136
2021-06-07 10:16:34,6741.0,127136
2021-06-07 10:16:35,6741.0,127137
2021-06-07 10:16:36,6741.0,127137
2021-06-07 10:16:37,6742.5,127401
2021-06-07 10:16:38,6742.5,127401
2021-06-07 10:16:40,6742.5,127401
2021-06-07 10:16:41,6742.5,127401
2021-06-07 10:16:42,6742.5,127401
2021-06-07 10:16:43,6742.5,127401
2021-06-07 10:16:44,6741.0,127406
2021-06-07 10:16:45,6739.0,127506
2021-06-07 10:16:46,6741.0,127523
2021-06-07 10:16:47,6741.0,127523
2021-06-07 10:16:49,6741.05,127536
2021-06-07 10:16:50,6741.05,127536
2021-06-07 10:16:51,6741.05,127536
2021-06-07 10:16:52,6741.05,127540
2021-06-07 10:16:53,6741.05,127540
2021-06-07 10:16:54,6741.05,127540
2021-06-07 10:16:56,6741.05,127540
2021-06-07 10:16:57,6741.05,127540
2021-06-07 10:16:58,6741.05,127540
2021-06-07 10:17:01,6742.0,127640
2021-06-07 10:17:02,6742.0,127640
2021-06-07 10:17:03,6742.0,127640
2021-06-07 10:17:04,6742.0,127640
2021-06-07 10:17:05,6742.0,127640
2021-06-07 10:17:06,6740.95,127647
2021-06-07 10:17:08,6738.0,127747
2021-06-07 10:17:09,6738.0,127747
2021-06-07 10:17:10,6738.0,127747
2021-06-07 10:17:11,6738.0,127747
2021-06-07 10:17:12,6738.0,127747
2021-06-07 10:17:13,6738.0,127747
2021-06-07 10:17:14,6738.0,127747
2021-06-07 10:17:15,6740.2,127750
2021-06-07 10:17:16,6740.2,127771
2021-06-07 10:17:17,6741.0,128274
2021-06-07 10:17:18,6741.0,128274
2021-06-07 10:17:19,6742.0,128431
2021-06-07 10:17:20,6742.95,128485
2021-06-07 10:17:21,6742.95,128485
2021-06-07 10:17:22,6742.95,128485
2021-06-07 10:17:23,6742.95,128485
2021-06-07 10:17:24,6742.95,128485
2021-06-07 10:17:25,6742.95,128485
2021-06-07 10:17:27,6744.0,128495
2021-06-07 10:17:28,6744.0,128495
2021-06-07 10:17:29,6741.1,128695
2021-06-07 10:17:30,6744.0,128743
2021-06-07 10:17:33,6744.0,128760
2021-06-07 10:17:34,6742.2,128762
2021-06-07 10:17:35,6742.2,128762
2021-06-07 10:17:36,6741.1,128901
2021-06-07 10:17:37,6741.1,128901
2021-06-07 10:17:39,6741.0,128906
2021-06-07 10:17:39,6741.0,128906
2021-06-07 10:17:40,6741.0,128906
2021-06-07 10:17:41,6741.0,128906
2021-06-07 10:17:42,6741.0,128906
2021-06-07 10:17:43,6741.0,128906
2021-06-07 10:17:44,6741.0,128946
2021-06-07 10:17:45,6740.1,128996
2021-06-07 10:17:46,6740.1,128996
2021-06-07 10:17:47,6740.1,128996
2021-06-07 10:17:48,6741.0,128998
2021-06-07 10:17:49,6741.0,128998
2021-06-07 10:17:50,6741.0,128998
2021-06-07 10:17:51,6741.0,128998
2021-06-07 10:17:52,6740.5,129001
2021-06-07 10:17:53,6741.0,129002
2021-06-07 10:17:54,6741.0,129002
2021-06-07 10:17:56,6741.0,129002
2021-06-07 10:17:57,6741.0,129002
2021-06-07 10:17:59,6741.0,129002
2021-06-07 10:18:00,6739.0,129004
2021-06-07 10:18:01,6741.0,129028
2021-06-07 10:18:01,6741.0,129028
2021-06-07 10:18:02,6741.0,129028
2021-06-07 10:18:04,6743.9,129038
2021-06-07 10:18:06,6741.0,129113
2021-06-07 10:18:06,6741.0,129113
2021-06-07 10:18:07,6741.0,129113
2021-06-07 10:18:08,6741.0,129113
2021-06-07 10:18:09,6741.0,129113
2021-06-07 10:18:10,6741.0,129113
2021-06-07 10:18:11,6741.0,129113
2021-06-07 10:18:12,6742.3,129120
2021-06-07 10:18:13,6742.3,129120
2021-06-07 10:18:14,6742.3,129120
2021-06-07 10:18:15,6742.3,129120
2021-06-07 10:18:16,6742.3,129120
2021-06-07 10:18:18,6742.3,129120
2021-06-07 10:18:18,6742.3,129120
2021-06-07 10:18:19,6738.5,129145
2021-06-07 10:18:20,6738.5,129145
2021-06-07 10:18:21,6738.5,129145
2021-06-07 10:18:23,6738.5,129145
2021-06-07 10:18:23,6738.5,129145
2021-06-07 10:18:24,6741.55,129146
2021-06-07 10:18:25,6741.55,129146
2021-06-07 10:18:26,6741.55,129146
2021-06-07 10:18:27,6741.6,129147
2021-06-07 10:18:30,6741.6,129147
2021-06-07 10:18:28,6741.6,129147
2021-06-07 10:18:31,6741.55,129148
2021-06-07 10:18:32,6741.55,129148
2021-06-07 10:18:33,6741.55,129148
2021-06-07 10:18:34,6741.55,129148
2021-06-07 10:18:36,6741.55,129148
2021-06-07 10:18:37,6741.55,129150
2021-06-07 10:18:38,6741.55,129151
2021-06-07 10:18:38,6741.55,129151
2021-06-07 10:18:39,6741.55,129151
2021-06-07 10:18:40,6741.55,129151
2021-06-07 10:18:41,6741.55,129151
2021-06-07 10:18:42,6741.55,129151
2021-06-07 10:18:43,6741.55,129151
2021-06-07 10:18:44,6741.55,129151
2021-06-07 10:18:45,6741.55,129151
2021-06-07 10:18:46,6741.55,129151
2021-06-07 10:18:47,6741.55,129151
2021-06-07 10:18:48,6738.35,129252
2021-06-07 10:18:49,6738.35,129252
2021-06-07 10:18:50,6738.35,129252
2021-06-07 10:18:51,6738.6,129254
2021-06-07 10:18:52,6738.6,129254
2021-06-07 10:18:53,6738.6,129257
2021-06-07 10:18:55,6738.6,129257
2021-06-07 10:18:55,6738.6,129257
2021-06-07 10:18:56,6738.6,129257
2021-06-07 10:18:57,6738.6,129258
2021-06-07 10:18:59,6738.6,129258
2021-06-07 10:19:00,6738.6,129258
2021-06-07 10:19:01,6738.6,129259
2021-06-07 10:19:02,6738.6,129259
2021-06-07 10:19:03,6738.6,129259
2021-06-07 10:19:04,6738.6,129259
2021-06-07 10:19:05,6738.6,129259
2021-06-07 10:19:07,6738.6,129261
2021-06-07 10:19:08,6738.6,129261
2021-06-07 10:19:11,6738.6,129261
2021-06-07 10:19:11,6738.6,129261
2021-06-07 10:19:12,6738.6,129261
2021-06-07 10:19:13,6740.95,129361
2021-06-07 10:19:14,6740.95,129361
2021-06-07 10:19:15,6740.95,129364
2021-06-07 10:19:16,6740.95,129364
2021-06-07 10:19:17,6740.95,129365
2021-06-07 10:19:18,6740.95,129365
2021-06-07 10:19:19,6740.95,129366
2021-06-07 10:19:20,6740.95,129366
2021-06-07 10:19:21,6738.45,129368
2021-06-07 10:19:23,6738.45,129369
2021-06-07 10:19:23,6738.45,129369
2021-06-07 10:19:24,6738.45,129369
2021-06-07 10:19:25,6738.45,129369
2021-06-07 10:19:27,6738.45,129369
2021-06-07 10:19:27,6738.45,129369
2021-06-07 10:19:29,6740.9,129374
2021-06-07 10:19:29,6740.9,129374
2021-06-07 10:19:30,6740.9,129375
2021-06-07 10:19:32,6740.9,129376
2021-06-07 10:19:33,6740.9,129376
2021-06-07 10:19:34,6739.2,129377
2021-06-07 10:19:35,6739.2,129378
2021-06-07 10:19:36,6739.2,129378
2021-06-07 10:19:37,6738.65,129388
2021-06-07 10:19:37,6738.65,129388
2021-06-07 10:19:38,6738.65,129388
2021-06-07 10:19:40,6738.65,129388
2021-06-07 10:19:40,6738.65,129388
2021-06-07 10:19:42,6738.65,129388
2021-06-07 10:19:42,6738.65,129388
2021-06-07 10:19:44,6738.65,129388
2021-06-07 10:19:45,6738.65,129388
2021-06-07 10:19:46,6738.65,129388
2021-06-07 10:19:47,6740.95,129418
2021-06-07 10:19:47,6740.95,129418
2021-06-07 10:19:48,6740.95,129418
2021-06-07 10:19:49,6740.95,129422
2021-06-07 10:19:50,6740.95,129422
2021-06-07 10:19:51,6740.0,129472
2021-06-07 10:19:52,6740.95,129473
2021-06-07 10:19:53,6738.25,129553
2021-06-07 10:19:54,6738.25,129553
2021-06-07 10:19:55,6738.25,129558
2021-06-07 10:19:56,6738.25,129558
2021-06-07 10:19:57,6738.25,129558
2021-06-07 10:19:58,6738.25,129558
2021-06-07 10:20:00,6738.25,129558
2021-06-07 10:20:00,6738.25,129558
2021-06-07 10:20:02,6738.25,129558
2021-06-07 10:20:03,6738.25,129558
2021-06-07 10:20:03,6738.25,129558
2021-06-07 10:20:04,6739.0,129563
2021-06-07 10:20:05,6739.0,129563
2021-06-07 10:20:07,6739.0,129564
2021-06-07 10:20:08,6739.0,129571
2021-06-07 10:20:09,6739.0,129571
2021-06-07 10:20:09,6739.0,129571
2021-06-07 10:20:11,6740.0,129573
2021-06-07 10:20:12,6740.95,129659
2021-06-07 10:20:13,6740.95,129659
2021-06-07 10:20:14,6740.95,129659
2021-06-07 10:20:15,6740.95,129659
2021-06-07 10:20:16,6741.6,129660
2021-06-07 10:20:17,6741.6,129660
2021-06-07 10:20:18,6741.6,129660
2021-06-07 10:20:19,6741.6,129660
2021-06-07 10:20:19,6741.6,129660
2021-06-07 10:20:23,6739.8,129662
2021-06-07 10:20:24,6739.55,129687
2021-06-07 10:20:24,6739.8,129662
2021-06-07 10:20:25,6739.55,129688
2021-06-07 10:20:26,6739.55,129688
2021-06-07 10:20:27,6741.6,129690
2021-06-07 10:20:29,6741.6,129690
2021-06-07 10:20:29,6741.6,129690
2021-06-07 10:20:30,6741.6,129690
2021-06-07 10:20:32,6741.6,129690
2021-06-07 10:20:33,6741.6,129690
2021-06-07 10:20:34,6741.6,129690
2021-06-07 10:20:35,6741.6,129690
2021-06-07 10:20:36,6741.6,129690
2021-06-07 10:20:37,6741.6,129690
2021-06-07 10:20:37,6741.6,129690
2021-06-07 10:20:38,6741.6,129690
2021-06-07 10:20:39,6741.6,129690
2021-06-07 10:20:40,6740.0,129694
2021-06-07 10:20:41,6740.0,129694
2021-06-07 10:20:42,6740.0,129694
2021-06-07 10:20:43,6740.0,129694
2021-06-07 10:20:44,6740.0,129694
2021-06-07 10:20:45,6740.0,129704
2021-06-07 10:20:47,6740.0,129704
2021-06-07 10:20:49,6740.0,129704
2021-06-07 10:20:51,6739.0,129717
2021-06-07 10:20:52,6739.0,129717
2021-06-07 10:20:53,6739.0,129717
2021-06-07 10:20:54,6739.0,129717
2021-06-07 10:20:55,6739.0,129717
2021-06-07 10:20:56,6739.0,129717
2021-06-07 10:20:58,6739.0,129717
2021-06-07 10:20:58,6739.0,129717
2021-06-07 10:20:59,6739.0,129717
2021-06-07 10:21:00,6739.0,129717
2021-06-07 10:21:01,6739.0,129717
2021-06-07 10:21:03,6740.0,129720
2021-06-07 10:21:05,6740.0,129729
2021-06-07 10:21:06,6739.0,129734
2021-06-07 10:21:07,6740.0,129736
2021-06-07 10:21:08,6736.75,129871
2021-06-07 10:21:08,6736.75,129871
2021-06-07 10:21:09,6740.9,129872
2021-06-07 10:21:10,6740.9,129872
2021-06-07 10:21:11,6739.0,129873
2021-06-07 10:21:12,6739.0,129873
2021-06-07 10:21:13,6739.0,129875
2021-06-07 10:21:14,6739.0,129875
2021-06-07 10:21:15,6740.85,129895
2021-06-07 10:21:16,6740.85,129895
2021-06-07 10:21:18,6737.55,129896
2021-06-07 10:21:19,6737.55,129896
2021-06-07 10:21:20,6740.85,129898
2021-06-07 10:21:21,6740.85,129898
2021-06-07 10:21:22,6740.85,129901
2021-06-07 10:21:23,6738.05,129924
2021-06-07 10:21:24,6738.05,129924
2021-06-07 10:21:25,6738.05,129924
2021-06-07 10:21:26,6738.05,129924
2021-06-07 10:21:27,6740.85,129938
2021-06-07 10:21:28,6740.3,129940
2021-06-07 10:21:28,6740.3,129940
2021-06-07 10:21:29,6740.3,129940
2021-06-07 10:21:31,6740.3,129940
2021-06-07 10:21:32,6740.3,129940
2021-06-07 10:21:33,6737.55,129950
2021-06-07 10:21:34,6737.55,129950
2021-06-07 10:21:36,6737.55,129950
2021-06-07 10:21:37,6737.55,129950
2021-06-07 10:21:38,6737.55,129950
2021-06-07 10:21:38,6737.55,129950
2021-06-07 10:21:39,6737.55,129950
2021-06-07 10:21:40,6737.55,129950
2021-06-07 10:21:42,6737.55,129950
2021-06-07 10:21:43,6737.55,129950
2021-06-07 10:21:44,6737.55,129950
2021-06-07 10:21:45,6737.55,129950
2021-06-07 10:21:46,6740.25,129952
2021-06-07 10:21:47,6740.25,129952
2021-06-07 10:21:47,6740.25,129952
2021-06-07 10:21:48,6740.25,129952
2021-06-07 10:21:49,6740.25,129952
2021-06-07 10:21:50,6740.25,129952
2021-06-07 10:21:51,6740.25,129954
2021-06-07 10:21:52,6740.25,129954
2021-06-07 10:21:53,6737.55,129974
2021-06-07 10:21:54,6737.5,129981
2021-06-07 10:21:55,6740.3,130031
2021-06-07 10:21:56,6739.95,130038
