timestamp,ltp,volume
2021-05-20 09:15:25,10259.25,0
2021-05-20 09:15:27,10259.55,0
2021-05-20 09:15:28,10261.5,0
2021-05-20 09:15:29,10261.85,0
2021-05-20 09:15:32,10264.75,0
2021-05-20 09:15:33,10263.9,0
2021-05-20 09:15:34,10263.9,0
2021-05-20 09:15:40,10269.25,0
2021-05-20 09:15:41,10269.75,0
2021-05-20 09:15:44,10273.6,0
2021-05-20 09:15:45,10273.15,0
2021-05-20 09:15:48,10273.4,0
2021-05-20 09:15:49,10272.75,0
2021-05-20 09:15:53,10272.8,0
2021-05-20 09:15:54,10271.85,0
2021-05-20 09:15:57,10269.45,0
2021-05-20 09:15:59,10271.75,0
2021-05-20 09:16:02,10274.65,0
2021-05-20 09:16:03,10277.35,0
2021-05-20 09:16:04,10278.75,0
2021-05-20 09:16:07,10277.05,0
2021-05-20 09:16:09,10279.4,0
2021-05-20 09:16:10,10277.45,0
2021-05-20 09:16:12,10277.4,0
2021-05-20 09:16:14,10279.9,0
2021-05-20 09:16:15,10280.5,0
2021-05-20 09:16:21,10278.9,0
2021-05-20 09:16:24,10280.55,0
2021-05-20 09:16:25,10280.75,0
2021-05-20 09:16:26,10283.45,0
2021-05-20 09:16:28,10287.1,0
2021-05-20 09:16:29,10284.75,0
2021-05-20 09:16:30,10285.7,0
2021-05-20 09:16:31,10287.25,0
2021-05-20 09:16:32,10284.95,0
2021-05-20 09:16:33,10290.45,0
2021-05-20 09:16:35,10289.95,0
2021-05-20 09:16:37,10289.8,0
2021-05-20 09:16:38,10288.95,0
2021-05-20 09:16:39,10287.2,0
2021-05-20 09:16:42,10286.5,0
2021-05-20 09:16:43,10286.05,0
2021-05-20 09:16:45,10288.5,0
2021-05-20 09:16:46,10286.2,0
2021-05-20 09:16:47,10286.8,0
2021-05-20 09:16:49,10290.0,0
2021-05-20 09:16:50,10290.2,0
2021-05-20 09:16:51,10290.1,0
2021-05-20 09:16:52,10289.1,0
2021-05-20 09:16:53,10291.45,0
2021-05-20 09:16:54,10290.6,0
2021-05-20 09:16:55,10291.35,0
2021-05-20 09:16:57,10290.7,0
2021-05-20 09:16:59,10292.6,0
2021-05-20 09:17:02,10289.9,0
2021-05-20 09:17:06,10293.05,0
2021-05-20 09:17:07,10292.6,0
2021-05-20 09:17:09,10292.05,0
2021-05-20 09:17:15,10292.3,0
2021-05-20 09:17:16,10295.25,0
2021-05-20 09:17:20,10290.15,0
2021-05-20 09:17:21,10287.25,0
2021-05-20 09:17:29,10287.75,0
2021-05-20 09:17:31,10285.7,0
2021-05-20 09:17:33,10283.95,0
2021-05-20 09:17:36,10284.55,0
2021-05-20 09:17:39,10282.9,0
2021-05-20 09:17:40,10283.2,0
2021-05-20 09:17:41,10283.7,0
2021-05-20 09:17:42,10282.2,0
2021-05-20 09:17:43,10281.3,0
2021-05-20 09:17:46,10283.0,0
2021-05-20 09:17:47,10283.7,0
2021-05-20 09:17:51,10281.85,0
2021-05-20 09:17:57,10282.45,0
2021-05-20 09:17:59,10284.2,0
2021-05-20 09:18:00,10284.3,0
2021-05-20 09:18:01,10281.6,0
2021-05-20 09:18:07,10282.5,0
2021-05-20 09:18:08,10282.75,0
2021-05-20 09:18:09,10283.25,0
2021-05-20 09:18:10,10283.3,0
2021-05-20 09:18:11,10284.2,0
2021-05-20 09:18:12,10283.7,0
2021-05-20 09:18:13,10284.5,0
2021-05-20 09:18:14,10284.2,0
2021-05-20 09:18:15,10284.8,0
2021-05-20 09:18:18,10284.1,0
2021-05-20 09:18:22,10282.85,0
2021-05-20 09:18:23,10283.85,0
2021-05-20 09:18:24,10284.15,0
2021-05-20 09:18:25,10284.2,0
2021-05-20 09:18:26,10283.6,0
2021-05-20 09:18:28,10284.25,0
2021-05-20 09:18:30,10285.05,0
2021-05-20 09:18:32,10283.05,0
2021-05-20 09:18:34,10282.7,0
2021-05-20 09:18:36,10281.85,0
2021-05-20 09:18:38,10280.85,0
2021-05-20 09:18:39,10281.65,0
2021-05-20 09:18:40,10281.0,0
2021-05-20 09:18:42,10281.95,0
2021-05-20 09:18:46,10280.1,0
2021-05-20 09:18:47,10279.45,0
2021-05-20 09:18:49,10279.05,0
2021-05-20 09:18:53,10277.45,0
2021-05-20 09:18:54,10278.8,0
2021-05-20 09:18:55,10278.45,0
2021-05-20 09:18:56,10278.0,0
2021-05-20 09:18:57,10279.75,0
2021-05-20 09:19:00,10277.35,0
2021-05-20 09:19:01,10277.35,0
2021-05-20 09:19:02,10276.75,0
2021-05-20 09:19:03,10277.35,0
2021-05-20 09:19:06,10275.65,0
2021-05-20 09:19:10,10273.55,0
2021-05-20 09:19:12,10274.85,0
2021-05-20 09:19:13,10274.75,0
2021-05-20 09:19:15,10273.75,0
2021-05-20 09:19:17,10273.35,0
2021-05-20 09:19:20,10273.1,0
2021-05-20 09:19:24,10274.7,0
2021-05-20 09:19:25,10275.25,0
2021-05-20 09:19:27,10274.85,0
2021-05-20 09:19:28,10274.95,0
2021-05-20 09:19:30,10274.2,0
2021-05-20 09:19:31,10274.5,0
2021-05-20 09:19:35,10274.75,0
2021-05-20 09:19:40,10274.0,0
2021-05-20 09:19:41,10273.95,0
2021-05-20 09:19:42,10273.85,0
2021-05-20 09:19:43,10273.05,0
2021-05-20 09:19:44,10273.0,0
2021-05-20 09:19:45,10274.25,0
2021-05-20 09:19:47,10274.55,0
2021-05-20 09:19:53,10273.85,0
2021-05-20 09:19:55,10274.5,0
2021-05-20 09:19:56,10274.3,0
2021-05-20 09:20:00,10274.2,0
2021-05-20 09:20:01,10275.45,0
2021-05-20 09:20:02,10275.45,0
2021-05-20 09:20:04,10274.35,0
2021-05-20 09:20:05,10274.85,0
2021-05-20 09:20:08,10274.0,0
2021-05-20 09:20:11,10274.5,0
2021-05-20 09:20:13,10273.6,0
2021-05-20 09:20:15,10274.25,0
2021-05-20 09:20:17,10274.9,0
2021-05-20 09:20:18,10274.8,0
2021-05-20 09:20:19,10274.85,0
2021-05-20 09:20:20,10275.45,0
2021-05-20 09:20:21,10274.45,0
2021-05-20 09:20:23,10273.15,0
2021-05-20 09:20:25,10274.55,0
2021-05-20 09:20:27,10272.35,0
2021-05-20 09:20:28,10272.35,0
2021-05-20 09:20:29,10273.7,0
2021-05-20 09:20:31,10273.85,0
2021-05-20 09:20:32,10272.95,0
2021-05-20 09:20:33,10273.35,0
2021-05-20 09:20:34,10273.6,0
2021-05-20 09:20:35,10273.9,0
2021-05-20 09:20:36,10272.95,0
2021-05-20 09:20:37,10273.55,0
2021-05-20 09:20:38,10274.15,0
2021-05-20 09:20:39,10277.05,0
2021-05-20 09:20:40,10274.75,0
2021-05-20 09:20:42,10276.05,0
2021-05-20 09:20:44,10277.1,0
2021-05-20 09:20:46,10277.75,0
2021-05-20 09:20:47,10276.95,0
2021-05-20 09:20:48,10278.45,0
2021-05-20 09:20:55,10276.65,0
2021-05-20 09:20:56,10277.55,0
2021-05-20 09:20:57,10277.25,0
2021-05-20 09:20:58,10277.95,0
2021-05-20 09:20:59,10279.75,0
2021-05-20 09:21:04,10278.0,0
2021-05-20 09:21:06,10276.65,0
2021-05-20 09:21:10,10279.8,0
2021-05-20 09:21:18,10287.9,0
2021-05-20 09:21:23,10291.6,0
2021-05-20 09:21:24,10292.8,0
2021-05-20 09:21:27,10293.8,0
2021-05-20 09:21:28,10292.35,0
2021-05-20 09:21:29,10293.65,0
2021-05-20 09:21:32,10291.05,0
2021-05-20 09:21:33,10290.95,0
2021-05-20 09:21:35,10288.0,0
2021-05-20 09:21:36,10286.6,0
2021-05-20 09:21:38,10284.1,0
2021-05-20 09:21:39,10282.8,0
2021-05-20 09:21:43,10286.75,0
2021-05-20 09:21:45,10289.5,0
2021-05-20 09:21:46,10289.25,0
2021-05-20 09:21:47,10289.0,0
2021-05-20 09:21:49,10289.7,0
2021-05-20 09:21:50,10289.45,0
2021-05-20 09:21:54,10291.05,0
2021-05-20 09:21:58,10289.15,0
2021-05-20 09:21:59,10289.0,0
2021-05-20 09:22:02,10289.75,0
2021-05-20 09:22:06,10281.9,0
2021-05-20 09:22:08,10278.75,0
2021-05-20 09:22:13,10277.85,0
2021-05-20 09:22:15,10279.85,0
2021-05-20 09:22:16,10280.0,0
2021-05-20 09:22:17,10279.95,0
2021-05-20 09:22:19,10279.95,0
2021-05-20 09:22:21,10278.7,0
2021-05-20 09:22:23,10277.05,0
2021-05-20 09:22:26,10276.15,0
2021-05-20 09:22:27,10273.95,0
2021-05-20 09:22:31,10274.75,0
2021-05-20 09:22:34,10277.05,0
2021-05-20 09:22:36,10276.8,0
2021-05-20 09:22:38,10277.35,0
2021-05-20 09:22:39,10277.1,0
2021-05-20 09:22:44,10277.4,0
2021-05-20 09:22:48,10278.45,0
2021-05-20 09:22:52,10277.45,0
2021-05-20 09:22:54,10279.85,0
2021-05-20 09:22:56,10278.45,0
2021-05-20 09:22:58,10278.1,0
2021-05-20 09:23:02,10277.2,0
2021-05-20 09:23:03,10276.6,0
2021-05-20 09:23:05,10276.5,0
2021-05-20 09:23:06,10277.2,0
2021-05-20 09:23:07,10276.6,0
2021-05-20 09:23:08,10277.65,0
2021-05-20 09:23:09,10277.25,0
2021-05-20 09:23:11,10278.4,0
2021-05-20 09:23:14,10276.3,0
2021-05-20 09:23:15,10276.05,0
2021-05-20 09:23:17,10276.35,0
2021-05-20 09:23:18,10276.75,0
2021-05-20 09:23:19,10276.1,0
2021-05-20 09:23:20,10276.0,0
2021-05-20 09:23:21,10274.65,0
2021-05-20 09:23:22,10274.95,0
2021-05-20 09:23:23,10275.75,0
2021-05-20 09:23:24,10277.65,0
2021-05-20 09:23:25,10277.25,0
2021-05-20 09:23:26,10277.45,0
2021-05-20 09:23:27,10278.0,0
2021-05-20 09:23:30,10277.1,0
2021-05-20 09:23:31,10276.9,0
2021-05-20 09:23:32,10278.05,0
2021-05-20 09:23:34,10278.75,0
2021-05-20 09:23:36,10280.75,0
2021-05-20 09:23:37,10280.1,0
2021-05-20 09:23:39,10279.45,0
2021-05-20 09:23:42,10279.85,0
2021-05-20 09:23:43,10279.3,0
2021-05-20 09:23:44,10281.5,0
2021-05-20 09:23:45,10280.65,0
2021-05-20 09:23:46,10279.6,0
2021-05-20 09:23:47,10279.7,0
2021-05-20 09:23:48,10279.55,0
2021-05-20 09:23:50,10277.75,0
2021-05-20 09:23:52,10279.3,0
2021-05-20 09:23:54,10279.05,0
2021-05-20 09:23:55,10278.45,0
2021-05-20 09:23:56,10278.85,0
2021-05-20 09:23:58,10276.95,0
2021-05-20 09:23:59,10277.3,0
2021-05-20 09:24:00,10278.25,0
2021-05-20 09:24:03,10279.2,0
2021-05-20 09:24:04,10280.1,0
2021-05-20 09:24:05,10279.55,0
2021-05-20 09:24:08,10280.2,0
2021-05-20 09:24:12,10281.6,0
2021-05-20 09:24:15,10282.9,0
2021-05-20 09:24:16,10284.4,0
2021-05-20 09:24:17,10285.25,0
2021-05-20 09:24:18,10284.65,0
2021-05-20 09:24:19,10283.4,0
2021-05-20 09:24:20,10284.7,0
2021-05-20 09:24:21,10284.45,0
2021-05-20 09:24:22,10284.5,0
2021-05-20 09:24:23,10282.95,0
2021-05-20 09:24:24,10283.9,0
2021-05-20 09:24:25,10285.8,0
2021-05-20 09:24:26,10285.5,0
2021-05-20 09:24:27,10285.1,0
2021-05-20 09:24:28,10282.7,0
2021-05-20 09:24:29,10282.85,0
2021-05-20 09:24:30,10283.3,0
2021-05-20 09:24:33,10284.0,0
2021-05-20 09:24:34,10282.45,0
2021-05-20 09:24:36,10282.05,0
2021-05-20 09:24:37,10282.55,0
2021-05-20 09:24:38,10282.65,0
2021-05-20 09:24:39,10281.25,0
2021-05-20 09:24:40,10280.85,0
2021-05-20 09:24:41,10280.6,0
2021-05-20 09:24:42,10281.9,0
2021-05-20 09:24:43,10280.45,0
2021-05-20 09:24:44,10281.7,0
2021-05-20 09:24:45,10281.1,0
2021-05-20 09:24:46,10282.9,0
2021-05-20 09:24:48,10280.85,0
2021-05-20 09:24:49,10281.3,0
2021-05-20 09:24:50,10280.0,0
2021-05-20 09:24:51,10280.75,0
2021-05-20 09:24:52,10281.25,0
2021-05-20 09:24:53,10280.25,0
2021-05-20 09:24:54,10281.3,0
2021-05-20 09:24:55,10280.2,0
2021-05-20 09:24:57,10279.7,0
2021-05-20 09:24:59,10280.25,0
2021-05-20 09:25:00,10280.0,0
2021-05-20 09:25:01,10281.25,0
2021-05-20 09:25:03,10281.8,0
2021-05-20 09:25:04,10281.8,0
2021-05-20 09:25:05,10282.15,0
2021-05-20 09:25:06,10280.1,0
2021-05-20 09:25:07,10280.5,0
2021-05-20 09:25:08,10281.85,0
2021-05-20 09:25:09,10280.8,0
2021-05-20 09:25:10,10280.45,0
2021-05-20 09:25:11,10279.8,0
2021-05-20 09:25:17,10281.95,0
2021-05-20 09:25:19,10281.9,0
2021-05-20 09:25:20,10280.9,0
2021-05-20 09:25:22,10283.25,0
2021-05-20 09:25:23,10283.35,0
2021-05-20 09:25:25,10284.0,0
2021-05-20 09:25:26,10283.3,0
2021-05-20 09:25:27,10282.55,0
2021-05-20 09:25:28,10283.55,0
2021-05-20 09:25:29,10283.1,0
2021-05-20 09:25:30,10283.05,0
2021-05-20 09:25:31,10282.7,0
2021-05-20 09:25:32,10282.3,0
2021-05-20 09:25:34,10279.95,0
2021-05-20 09:25:36,10279.75,0
2021-05-20 09:25:37,10280.7,0
2021-05-20 09:25:38,10279.55,0
2021-05-20 09:25:39,10279.45,0
2021-05-20 09:25:40,10275.95,0
2021-05-20 09:25:41,10275.6,0
2021-05-20 09:25:42,10276.8,0
2021-05-20 09:25:43,10276.2,0
2021-05-20 09:25:44,10277.25,0
2021-05-20 09:25:45,10277.1,0
2021-05-20 09:25:46,10275.65,0
2021-05-20 09:25:47,10273.6,0
2021-05-20 09:25:48,10274.45,0
2021-05-20 09:25:49,10274.2,0
2021-05-20 09:25:50,10275.25,0
2021-05-20 09:25:51,10273.95,0
2021-05-20 09:25:52,10274.25,0
2021-05-20 09:25:53,10274.3,0
2021-05-20 09:25:55,10272.0,0
2021-05-20 09:25:57,10272.6,0
2021-05-20 09:26:01,10272.0,0
2021-05-20 09:26:02,10273.2,0
2021-05-20 09:26:03,10271.6,0
2021-05-20 09:26:05,10265.95,0
2021-05-20 09:26:08,10267.85,0
2021-05-20 09:26:09,10267.3,0
2021-05-20 09:26:10,10266.65,0
2021-05-20 09:26:12,10266.4,0
2021-05-20 09:26:13,10265.7,0
2021-05-20 09:26:14,10263.65,0
2021-05-20 09:26:15,10264.45,0
2021-05-20 09:26:20,10262.65,0
2021-05-20 09:26:21,10263.45,0
2021-05-20 09:26:23,10263.95,0
2021-05-20 09:26:25,10263.95,0
2021-05-20 09:26:26,10260.6,0
2021-05-20 09:26:27,10260.65,0
2021-05-20 09:26:29,10261.45,0
2021-05-20 09:26:30,10260.25,0
2021-05-20 09:26:31,10260.7,0
2021-05-20 09:26:36,10260.3,0
2021-05-20 09:26:37,10261.9,0
2021-05-20 09:26:39,10260.0,0
2021-05-20 09:26:40,10260.3,0
2021-05-20 09:26:41,10260.75,0
2021-05-20 09:26:42,10260.2,0
2021-05-20 09:26:45,10258.2,0
2021-05-20 09:26:46,10257.85,0
2021-05-20 09:26:47,10258.0,0
2021-05-20 09:26:48,10257.6,0
2021-05-20 09:26:49,10257.85,0
2021-05-20 09:26:50,10259.15,0
2021-05-20 09:26:51,10257.85,0
2021-05-20 09:26:52,10258.5,0
2021-05-20 09:26:54,10258.5,0
2021-05-20 09:26:55,10258.15,0
2021-05-20 09:26:56,10259.2,0
2021-05-20 09:27:02,10259.3,0
2021-05-20 09:27:05,10257.6,0
2021-05-20 09:27:06,10256.2,0
2021-05-20 09:27:12,10251.45,0
2021-05-20 09:27:14,10250.55,0
2021-05-20 09:27:25,10248.8,0
2021-05-20 09:27:26,10247.8,0
2021-05-20 09:27:30,10247.0,0
2021-05-20 09:27:34,10245.2,0
2021-05-20 09:27:36,10243.3,0
2021-05-20 09:27:37,10242.05,0
2021-05-20 09:27:39,10239.4,0
2021-05-20 09:27:44,10237.85,0
2021-05-20 09:27:45,10237.8,0
2021-05-20 09:27:46,10238.15,0
2021-05-20 09:27:47,10238.4,0
2021-05-20 09:27:48,10239.3,0
2021-05-20 09:27:50,10237.05,0
2021-05-20 09:27:52,10237.25,0
2021-05-20 09:27:57,10237.2,0
2021-05-20 09:28:01,10240.45,0
2021-05-20 09:28:04,10234.8,0
2021-05-20 09:28:05,10234.9,0
2021-05-20 09:28:06,10236.85,0
2021-05-20 09:28:07,10236.1,0
2021-05-20 09:28:08,10235.4,0
2021-05-20 09:28:15,10232.5,0
2021-05-20 09:28:18,10230.0,0
2021-05-20 09:28:20,10229.3,0
2021-05-20 09:28:27,10229.65,0
2021-05-20 09:28:30,10229.1,0
2021-05-20 09:28:31,10228.05,0
2021-05-20 09:28:32,10227.7,0
2021-05-20 09:28:34,10227.1,0
2021-05-20 09:28:35,10227.35,0
2021-05-20 09:28:41,10226.75,0
2021-05-20 09:28:47,10226.55,0
2021-05-20 09:28:48,10226.8,0
2021-05-20 09:28:49,10226.55,0
2021-05-20 09:28:51,10225.5,0
2021-05-20 09:28:52,10226.45,0
2021-05-20 09:28:54,10225.2,0
2021-05-20 09:28:59,10222.65,0
2021-05-20 09:29:04,10219.4,0
2021-05-20 09:29:05,10221.25,0
2021-05-20 09:29:06,10220.45,0
2021-05-20 09:29:07,10220.1,0
2021-05-20 09:29:09,10219.1,0
2021-05-20 09:29:10,10218.0,0
2021-05-20 09:29:12,10218.4,0
2021-05-20 09:29:17,10218.9,0
2021-05-20 09:29:19,10219.65,0
2021-05-20 09:29:21,10219.35,0
2021-05-20 09:29:22,10219.75,0
2021-05-20 09:29:23,10218.7,0
2021-05-20 09:29:24,10217.9,0
2021-05-20 09:29:25,10218.75,0
2021-05-20 09:29:26,10218.1,0
2021-05-20 09:29:30,10215.95,0
2021-05-20 09:29:33,10216.65,0
2021-05-20 09:29:34,10215.95,0
2021-05-20 09:29:35,10216.3,0
2021-05-20 09:29:36,10216.45,0
2021-05-20 09:29:37,10216.35,0
2021-05-20 09:29:38,10220.25,0
2021-05-20 09:29:42,10222.3,0
2021-05-20 09:29:43,10222.05,0
2021-05-20 09:29:44,10222.6,0
2021-05-20 09:29:46,10224.55,0
2021-05-20 09:29:48,10222.2,0
2021-05-20 09:29:49,10221.9,0
2021-05-20 09:29:50,10221.55,0
2021-05-20 09:29:51,10221.8,0
2021-05-20 09:29:54,10219.2,0
2021-05-20 09:29:56,10216.45,0
2021-05-20 09:29:57,10215.05,0
2021-05-20 09:29:58,10217.7,0
2021-05-20 09:29:59,10214.75,0
2021-05-20 09:30:02,10215.95,0
2021-05-20 09:30:04,10215.3,0
2021-05-20 09:30:06,10214.1,0
2021-05-20 09:30:08,10213.05,0
2021-05-20 09:30:09,10212.9,0
2021-05-20 09:30:10,10212.6,0
2021-05-20 09:30:11,10212.35,0
2021-05-20 09:30:12,10210.7,0
2021-05-20 09:30:13,10210.35,0
2021-05-20 09:30:14,10210.05,0
2021-05-20 09:30:15,10209.65,0
2021-05-20 09:30:16,10208.7,0
2021-05-20 09:30:17,10209.9,0
2021-05-20 09:30:18,10206.1,0
2021-05-20 09:30:19,10205.85,0
2021-05-20 09:30:20,10205.5,0
2021-05-20 09:30:21,10206.9,0
2021-05-20 09:30:22,10206.9,0
2021-05-20 09:30:24,10205.6,0
2021-05-20 09:30:25,10205.75,0
2021-05-20 09:30:29,10206.8,0
2021-05-20 09:30:30,10208.55,0
2021-05-20 09:30:34,10209.25,0
2021-05-20 09:30:36,10209.8,0
2021-05-20 09:30:37,10208.6,0
2021-05-20 09:30:41,10207.65,0
2021-05-20 09:30:43,10207.8,0
2021-05-20 09:30:44,10207.1,0
2021-05-20 09:30:47,10207.8,0
2021-05-20 09:30:48,10206.3,0
2021-05-20 09:30:49,10206.05,0
2021-05-20 09:30:53,10206.6,0
2021-05-20 09:30:55,10206.2,0
2021-05-20 09:30:57,10205.5,0
2021-05-20 09:30:59,10206.9,0
2021-05-20 09:31:00,10206.85,0
2021-05-20 09:31:04,10209.7,0
2021-05-20 09:31:05,10209.2,0
2021-05-20 09:31:07,10209.65,0
2021-05-20 09:31:10,10212.25,0
2021-05-20 09:31:11,10210.25,0
2021-05-20 09:31:13,10210.85,0
2021-05-20 09:31:14,10210.85,0
2021-05-20 09:31:15,10211.15,0
2021-05-20 09:31:16,10210.05,0
2021-05-20 09:31:17,10210.45,0
2021-05-20 09:31:20,10210.4,0
2021-05-20 09:31:21,10209.55,0
2021-05-20 09:31:23,10211.3,0
2021-05-20 09:31:24,10211.2,0
2021-05-20 09:31:26,10214.0,0
2021-05-20 09:31:27,10212.8,0
2021-05-20 09:31:28,10209.35,0
2021-05-20 09:31:29,10211.0,0
2021-05-20 09:31:32,10210.2,0
2021-05-20 09:31:35,10208.95,0
2021-05-20 09:31:36,10208.85,0
2021-05-20 09:31:41,10206.05,0
2021-05-20 09:31:42,10205.6,0
2021-05-20 09:31:43,10205.35,0
2021-05-20 09:31:45,10204.75,0
2021-05-20 09:31:48,10204.2,0
2021-05-20 09:31:49,10203.6,0
2021-05-20 09:31:51,10203.8,0
2021-05-20 09:31:55,10207.25,0
2021-05-20 09:31:56,10207.25,0
2021-05-20 09:31:57,10206.75,0
2021-05-20 09:31:58,10207.8,0
2021-05-20 09:32:01,10207.55,0
2021-05-20 09:32:02,10207.8,0
2021-05-20 09:32:03,10206.45,0
2021-05-20 09:32:04,10206.95,0
2021-05-20 09:32:05,10208.0,0
2021-05-20 09:32:06,10208.4,0
2021-05-20 09:32:07,10208.75,0
2021-05-20 09:32:08,10208.45,0
2021-05-20 09:32:09,10208.35,0
2021-05-20 09:32:11,10208.2,0
2021-05-20 09:32:13,10206.1,0
2021-05-20 09:32:15,10205.0,0
2021-05-20 09:32:20,10204.95,0
2021-05-20 09:32:21,10203.9,0
2021-05-20 09:32:22,10202.9,0
2021-05-20 09:32:24,10203.85,0
2021-05-20 09:32:25,10203.35,0
2021-05-20 09:32:26,10204.7,0
2021-05-20 09:32:27,10205.4,0
2021-05-20 09:32:28,10204.25,0
2021-05-20 09:32:30,10203.55,0
2021-05-20 09:32:31,10207.05,0
2021-05-20 09:32:33,10205.4,0
2021-05-20 09:32:36,10205.25,0
2021-05-20 09:32:38,10204.25,0
2021-05-20 09:32:39,10203.15,0
2021-05-20 09:32:40,10202.45,0
2021-05-20 09:32:42,10204.05,0
2021-05-20 09:32:43,10201.85,0
2021-05-20 09:32:44,10200.45,0
2021-05-20 09:32:45,10200.1,0
2021-05-20 09:32:46,10199.2,0
2021-05-20 09:32:47,10198.3,0
2021-05-20 09:32:48,10197.3,0
2021-05-20 09:32:49,10197.8,0
2021-05-20 09:32:52,10198.85,0
2021-05-20 09:32:53,10196.5,0
2021-05-20 09:32:57,10195.85,0
2021-05-20 09:32:58,10195.5,0
2021-05-20 09:33:00,10191.8,0
2021-05-20 09:33:01,10193.5,0
2021-05-20 09:33:02,10194.85,0
2021-05-20 09:33:04,10195.15,0
2021-05-20 09:33:05,10195.35,0
2021-05-20 09:33:06,10192.3,0
2021-05-20 09:33:08,10193.2,0
2021-05-20 09:33:10,10190.8,0
2021-05-20 09:33:11,10192.15,0
2021-05-20 09:33:14,10189.75,0
2021-05-20 09:33:16,10190.15,0
2021-05-20 09:33:18,10187.6,0
2021-05-20 09:33:20,10184.35,0
2021-05-20 09:33:22,10182.25,0
2021-05-20 09:33:23,10183.4,0
2021-05-20 09:33:24,10181.95,0
2021-05-20 09:33:25,10183.2,0
2021-05-20 09:33:26,10183.3,0
2021-05-20 09:33:29,10181.2,0
2021-05-20 09:33:30,10183.35,0
2021-05-20 09:33:31,10183.25,0
2021-05-20 09:33:33,10184.9,0
2021-05-20 09:33:35,10185.3,0
2021-05-20 09:33:36,10184.35,0
2021-05-20 09:33:37,10183.85,0
2021-05-20 09:33:40,10183.5,0
2021-05-20 09:33:42,10178.4,0
2021-05-20 09:33:43,10177.9,0
2021-05-20 09:33:44,10179.45,0
2021-05-20 09:33:45,10178.85,0
2021-05-20 09:33:47,10177.15,0
2021-05-20 09:33:49,10173.45,0
2021-05-20 09:33:50,10176.3,0
2021-05-20 09:33:51,10176.05,0
2021-05-20 09:33:53,10175.7,0
2021-05-20 09:33:54,10175.95,0
2021-05-20 09:33:55,10174.5,0
2021-05-20 09:33:56,10174.7,0
2021-05-20 09:33:58,10177.85,0
2021-05-20 09:33:59,10176.95,0
2021-05-20 09:34:00,10176.5,0
2021-05-20 09:34:01,10176.75,0
2021-05-20 09:34:03,10176.1,0
2021-05-20 09:34:04,10175.65,0
2021-05-20 09:34:05,10175.75,0
2021-05-20 09:34:07,10176.0,0
2021-05-20 09:34:10,10174.2,0
2021-05-20 09:34:11,10174.8,0
2021-05-20 09:34:12,10174.35,0
2021-05-20 09:34:13,10174.2,0
2021-05-20 09:34:14,10175.2,0
2021-05-20 09:34:15,10177.6,0
2021-05-20 09:34:16,10173.75,0
2021-05-20 09:34:17,10173.1,0
2021-05-20 09:34:18,10173.5,0
2021-05-20 09:34:19,10171.6,0
2021-05-20 09:34:20,10170.75,0
2021-05-20 09:34:25,10168.05,0
2021-05-20 09:34:26,10168.7,0
2021-05-20 09:34:27,10167.95,0
2021-05-20 09:34:28,10167.85,0
2021-05-20 09:34:30,10160.7,0
2021-05-20 09:34:31,10160.6,0
2021-05-20 09:34:32,10160.6,0
2021-05-20 09:34:33,10159.95,0
2021-05-20 09:34:35,10162.95,0
2021-05-20 09:34:36,10162.6,0
2021-05-20 09:34:37,10163.3,0
2021-05-20 09:34:38,10161.45,0
2021-05-20 09:34:39,10161.9,0
2021-05-20 09:34:43,10162.4,0
2021-05-20 09:34:47,10164.05,0
2021-05-20 09:34:50,10173.25,0
2021-05-20 09:34:51,10173.65,0
2021-05-20 09:34:52,10172.25,0
2021-05-20 09:34:55,10171.0,0
2021-05-20 09:34:56,10171.15,0
2021-05-20 09:34:59,10171.25,0
2021-05-20 09:35:00,10172.6,0
2021-05-20 09:35:02,10174.2,0
2021-05-20 09:35:06,10168.9,0
2021-05-20 09:35:08,10168.15,0
2021-05-20 09:35:10,10170.85,0
2021-05-20 09:35:11,10170.55,0
2021-05-20 09:35:13,10171.35,0
2021-05-20 09:35:15,10172.45,0
2021-05-20 09:35:16,10172.9,0
2021-05-20 09:35:18,10176.4,0
2021-05-20 09:35:21,10181.05,0
2021-05-20 09:35:25,10184.9,0
2021-05-20 09:35:26,10186.75,0
2021-05-20 09:35:31,10190.6,0
2021-05-20 09:35:37,10189.4,0
2021-05-20 09:35:40,10190.25,0
2021-05-20 09:35:42,10191.45,0
2021-05-20 09:35:46,10191.6,0
2021-05-20 09:35:48,10191.15,0
2021-05-20 09:35:49,10190.7,0
2021-05-20 09:35:52,10190.4,0
2021-05-20 09:35:53,10190.7,0
2021-05-20 09:35:56,10191.4,0
2021-05-20 09:35:58,10192.0,0
2021-05-20 09:35:59,10190.6,0
2021-05-20 09:36:05,10193.4,0
2021-05-20 09:36:06,10193.1,0
2021-05-20 09:36:11,10194.5,0
2021-05-20 09:36:12,10195.5,0
2021-05-20 09:36:13,10195.15,0
2021-05-20 09:36:14,10194.7,0
2021-05-20 09:36:15,10195.8,0
2021-05-20 09:36:17,10195.1,0
2021-05-20 09:36:18,10197.15,0
2021-05-20 09:36:19,10196.3,0
2021-05-20 09:36:21,10197.35,0
2021-05-20 09:36:23,10195.95,0
2021-05-20 09:36:24,10196.8,0
2021-05-20 09:36:25,10197.6,0
2021-05-20 09:36:26,10197.55,0
2021-05-20 09:36:27,10198.3,0
2021-05-20 09:36:28,10196.95,0
2021-05-20 09:36:31,10198.9,0
2021-05-20 09:36:35,10199.6,0
2021-05-20 09:36:38,10199.7,0
2021-05-20 09:36:39,10199.55,0
2021-05-20 09:36:40,10200.85,0
2021-05-20 09:36:41,10200.8,0
2021-05-20 09:36:42,10201.95,0
2021-05-20 09:36:44,10201.95,0
2021-05-20 09:36:46,10201.15,0
2021-05-20 09:36:48,10202.15,0
2021-05-20 09:36:50,10204.35,0
2021-05-20 09:36:55,10209.75,0
2021-05-20 09:36:57,10210.7,0
2021-05-20 09:36:58,10210.5,0
2021-05-20 09:36:59,10212.5,0
2021-05-20 09:37:00,10211.95,0
2021-05-20 09:37:02,10212.05,0
2021-05-20 09:37:03,10213.2,0
2021-05-20 09:37:04,10212.2,0
2021-05-20 09:37:05,10213.3,0
2021-05-20 09:37:06,10212.95,0
2021-05-20 09:37:10,10214.35,0
2021-05-20 09:37:11,10212.95,0
2021-05-20 09:37:12,10213.2,0
2021-05-20 09:37:13,10214.25,0
2021-05-20 09:37:15,10215.15,0
2021-05-20 09:37:16,10215.45,0
2021-05-20 09:37:17,10214.3,0
2021-05-20 09:37:21,10215.05,0
2021-05-20 09:37:22,10213.95,0
2021-05-20 09:37:24,10215.95,0
2021-05-20 09:37:26,10214.2,0
2021-05-20 09:37:27,10215.0,0
2021-05-20 09:37:31,10213.65,0
2021-05-20 09:37:33,10212.35,0
2021-05-20 09:37:35,10213.85,0
2021-05-20 09:37:39,10215.7,0
2021-05-20 09:37:40,10214.2,0
2021-05-20 09:37:41,10214.35,0
2021-05-20 09:37:45,10212.45,0
2021-05-20 09:37:47,10212.05,0
2021-05-20 09:37:48,10214.55,0
2021-05-20 09:37:51,10216.1,0
2021-05-20 09:37:54,10216.9,0
2021-05-20 09:37:56,10215.65,0
2021-05-20 09:37:57,10216.8,0
2021-05-20 09:38:00,10219.3,0
2021-05-20 09:38:02,10220.15,0
2021-05-20 09:38:03,10219.3,0
2021-05-20 09:38:04,10218.45,0
2021-05-20 09:38:05,10220.05,0
2021-05-20 09:38:06,10222.15,0
2021-05-20 09:38:07,10221.9,0
2021-05-20 09:38:08,10223.55,0
2021-05-20 09:38:09,10221.75,0
2021-05-20 09:38:10,10221.5,0
2021-05-20 09:38:11,10223.4,0
2021-05-20 09:38:12,10223.0,0
2021-05-20 09:38:13,10221.85,0
2021-05-20 09:38:14,10221.35,0
2021-05-20 09:38:18,10223.75,0
2021-05-20 09:38:19,10224.9,0
2021-05-20 09:38:20,10224.7,0
2021-05-20 09:38:21,10225.85,0
2021-05-20 09:38:22,10225.7,0
2021-05-20 09:38:23,10225.75,0
2021-05-20 09:38:24,10225.3,0
2021-05-20 09:38:25,10224.0,0
2021-05-20 09:38:27,10224.65,0
2021-05-20 09:38:28,10226.85,0
2021-05-20 09:38:29,10226.0,0
2021-05-20 09:38:30,10226.45,0
2021-05-20 09:38:31,10227.7,0
2021-05-20 09:38:32,10226.45,0
2021-05-20 09:38:33,10226.5,0
2021-05-20 09:38:34,10227.1,0
2021-05-20 09:38:35,10229.85,0
2021-05-20 09:38:36,10226.0,0
2021-05-20 09:38:38,10225.1,0
2021-05-20 09:38:39,10225.15,0
2021-05-20 09:38:40,10224.1,0
2021-05-20 09:38:41,10227.2,0
2021-05-20 09:38:42,10227.5,0
2021-05-20 09:38:44,10226.4,0
2021-05-20 09:38:45,10226.5,0
2021-05-20 09:38:47,10226.7,0
2021-05-20 09:38:48,10222.8,0
2021-05-20 09:38:49,10222.85,0
2021-05-20 09:38:50,10222.45,0
2021-05-20 09:38:52,10222.65,0
2021-05-20 09:38:53,10223.2,0
2021-05-20 09:38:55,10223.45,0
2021-05-20 09:38:56,10223.45,0
2021-05-20 09:38:58,10225.4,0
2021-05-20 09:39:01,10224.25,0
2021-05-20 09:39:02,10224.05,0
2021-05-20 09:39:03,10223.75,0
2021-05-20 09:39:04,10223.7,0
2021-05-20 09:39:05,10223.95,0
2021-05-20 09:39:06,10223.3,0
2021-05-20 09:39:07,10223.25,0
2021-05-20 09:39:08,10225.25,0
2021-05-20 09:39:09,10224.1,0
2021-05-20 09:39:10,10223.35,0
2021-05-20 09:39:11,10223.6,0
2021-05-20 09:39:12,10223.4,0
2021-05-20 09:39:15,10221.8,0
2021-05-20 09:39:16,10223.3,0
2021-05-20 09:39:17,10224.75,0
2021-05-20 09:39:18,10225.1,0
2021-05-20 09:39:19,10226.15,0
2021-05-20 09:39:23,10226.7,0
2021-05-20 09:39:25,10226.35,0
2021-05-20 09:39:26,10226.05,0
2021-05-20 09:39:27,10226.3,0
2021-05-20 09:39:28,10225.45,0
2021-05-20 09:39:30,10227.2,0
2021-05-20 09:39:31,10226.05,0
2021-05-20 09:39:33,10224.35,0
2021-05-20 09:39:34,10225.1,0
2021-05-20 09:39:35,10224.8,0
2021-05-20 09:39:36,10224.0,0
2021-05-20 09:39:37,10223.15,0
2021-05-20 09:39:39,10226.35,0
2021-05-20 09:39:40,10227.1,0
2021-05-20 09:39:41,10228.45,0
2021-05-20 09:39:43,10228.1,0
2021-05-20 09:39:44,10228.85,0
2021-05-20 09:39:45,10230.85,0
2021-05-20 09:39:46,10230.6,0
2021-05-20 09:39:47,10230.7,0
2021-05-20 09:39:48,10231.15,0
2021-05-20 09:39:49,10232.3,0
2021-05-20 09:39:50,10232.2,0
2021-05-20 09:39:51,10232.0,0
2021-05-20 09:39:52,10232.6,0
2021-05-20 09:39:54,10234.4,0
2021-05-20 09:39:55,10233.9,0
2021-05-20 09:39:57,10231.7,0
2021-05-20 09:39:58,10232.45,0
2021-05-20 09:39:59,10231.2,0
2021-05-20 09:40:00,10231.35,0
2021-05-20 09:40:01,10232.7,0
2021-05-20 09:40:02,10234.2,0
2021-05-20 09:40:04,10236.65,0
2021-05-20 09:40:05,10236.45,0
2021-05-20 09:40:07,10237.15,0
2021-05-20 09:40:08,10235.65,0
2021-05-20 09:40:09,10234.9,0
2021-05-20 09:40:10,10236.2,0
2021-05-20 09:40:11,10236.1,0
2021-05-20 09:40:12,10235.9,0
2021-05-20 09:40:13,10236.95,0
2021-05-20 09:40:14,10237.75,0
2021-05-20 09:40:15,10236.6,0
2021-05-20 09:40:16,10236.0,0
2021-05-20 09:40:17,10235.9,0
2021-05-20 09:40:18,10236.6,0
2021-05-20 09:40:20,10236.75,0
2021-05-20 09:40:22,10239.7,0
2021-05-20 09:40:23,10239.85,0
2021-05-20 09:40:24,10239.15,0
2021-05-20 09:40:25,10239.7,0
2021-05-20 09:40:26,10239.25,0
2021-05-20 09:40:27,10238.95,0
2021-05-20 09:40:28,10238.65,0
2021-05-20 09:40:29,10239.0,0
2021-05-20 09:40:30,10238.25,0
2021-05-20 09:40:31,10237.6,0
2021-05-20 09:40:32,10235.9,0
2021-05-20 09:40:33,10235.8,0
2021-05-20 09:40:34,10236.55,0
2021-05-20 09:40:35,10234.45,0
2021-05-20 09:40:36,10232.9,0
2021-05-20 09:40:38,10233.05,0
2021-05-20 09:40:39,10233.85,0
2021-05-20 09:40:41,10234.05,0
2021-05-20 09:40:42,10233.5,0
2021-05-20 09:40:43,10233.55,0
2021-05-20 09:40:44,10234.15,0
2021-05-20 09:40:45,10233.55,0
2021-05-20 09:40:46,10233.1,0
2021-05-20 09:40:47,10234.1,0
2021-05-20 09:40:49,10234.9,0
2021-05-20 09:40:50,10235.2,0
2021-05-20 09:40:53,10237.6,0
2021-05-20 09:40:55,10237.95,0
2021-05-20 09:40:56,10240.15,0
2021-05-20 09:40:57,10240.6,0
2021-05-20 09:40:59,10240.3,0
2021-05-20 09:41:01,10243.65,0
2021-05-20 09:41:03,10245.85,0
2021-05-20 09:41:07,10245.35,0
2021-05-20 09:41:12,10245.1,0
2021-05-20 09:41:15,10247.25,0
2021-05-20 09:41:17,10246.75,0
2021-05-20 09:41:18,10245.45,0
2021-05-20 09:41:19,10246.45,0
2021-05-20 09:41:21,10245.7,0
2021-05-20 09:41:23,10246.6,0
2021-05-20 09:41:24,10246.95,0
2021-05-20 09:41:25,10247.95,0
2021-05-20 09:41:26,10247.65,0
2021-05-20 09:41:28,10247.3,0
2021-05-20 09:41:30,10247.9,0
2021-05-20 09:41:31,10247.75,0
2021-05-20 09:41:33,10247.15,0
2021-05-20 09:41:34,10245.75,0
2021-05-20 09:41:36,10246.05,0
2021-05-20 09:41:39,10244.85,0
2021-05-20 09:41:41,10244.3,0
2021-05-20 09:41:42,10244.85,0
2021-05-20 09:41:43,10244.35,0
2021-05-20 09:41:46,10245.7,0
2021-05-20 09:41:47,10246.9,0
2021-05-20 09:41:48,10246.45,0
2021-05-20 09:41:49,10245.3,0
2021-05-20 09:41:51,10245.6,0
2021-05-20 09:41:52,10244.2,0
2021-05-20 09:41:53,10244.8,0
2021-05-20 09:41:55,10245.2,0
2021-05-20 09:41:56,10244.45,0
2021-05-20 09:41:57,10244.35,0
2021-05-20 09:41:58,10243.4,0
2021-05-20 09:41:59,10244.05,0
2021-05-20 09:42:00,10243.8,0
2021-05-20 09:42:04,10243.2,0
2021-05-20 09:42:05,10243.25,0
2021-05-20 09:42:06,10242.85,0
2021-05-20 09:42:08,10244.1,0
2021-05-20 09:42:09,10244.4,0
2021-05-20 09:42:10,10245.45,0
2021-05-20 09:42:11,10243.9,0
2021-05-20 09:42:13,10243.8,0
2021-05-20 09:42:14,10244.8,0
2021-05-20 09:42:16,10244.75,0
2021-05-20 09:42:18,10244.3,0
2021-05-20 09:42:22,10243.55,0
2021-05-20 09:42:23,10242.8,0
2021-05-20 09:42:25,10240.3,0
2021-05-20 09:42:26,10239.0,0
2021-05-20 09:42:31,10235.1,0
2021-05-20 09:42:34,10235.4,0
2021-05-20 09:42:36,10235.45,0
2021-05-20 09:42:38,10234.65,0
2021-05-20 09:42:39,10235.05,0
2021-05-20 09:42:47,10233.05,0
2021-05-20 09:42:48,10233.9,0
2021-05-20 09:42:49,10236.4,0
2021-05-20 09:42:50,10236.2,0
2021-05-20 09:42:55,10235.5,0
2021-05-20 09:42:57,10236.55,0
2021-05-20 09:42:59,10237.5,0
2021-05-20 09:43:00,10236.8,0
2021-05-20 09:43:03,10238.2,0
2021-05-20 09:43:04,10238.9,0
2021-05-20 09:43:05,10238.9,0
2021-05-20 09:43:07,10237.85,0
2021-05-20 09:43:10,10239.55,0
2021-05-20 09:43:11,10238.8,0
2021-05-20 09:43:12,10238.7,0
2021-05-20 09:43:13,10238.9,0
2021-05-20 09:43:14,10238.95,0
2021-05-20 09:43:15,10238.9,0
2021-05-20 09:43:16,10239.4,0
2021-05-20 09:43:17,10240.15,0
2021-05-20 09:43:18,10239.8,0
2021-05-20 09:43:19,10239.85,0
2021-05-20 09:43:20,10240.95,0
2021-05-20 09:43:21,10240.7,0
2021-05-20 09:43:22,10241.7,0
2021-05-20 09:43:23,10241.7,0
2021-05-20 09:43:25,10241.25,0
2021-05-20 09:43:27,10242.8,0
2021-05-20 09:43:29,10243.0,0
2021-05-20 09:43:30,10244.15,0
2021-05-20 09:43:31,10244.15,0
2021-05-20 09:43:32,10241.9,0
2021-05-20 09:43:33,10242.05,0
2021-05-20 09:43:34,10242.75,0
2021-05-20 09:43:35,10243.4,0
2021-05-20 09:43:36,10242.85,0
2021-05-20 09:43:37,10242.9,0
2021-05-20 09:43:39,10244.05,0
2021-05-20 09:43:40,10244.45,0
2021-05-20 09:43:42,10245.2,0
2021-05-20 09:43:43,10244.3,0
2021-05-20 09:43:44,10243.8,0
2021-05-20 09:43:45,10244.35,0
2021-05-20 09:43:46,10245.1,0
2021-05-20 09:43:47,10245.45,0
2021-05-20 09:43:48,10245.1,0
2021-05-20 09:43:52,10244.9,0
2021-05-20 09:43:56,10244.75,0
2021-05-20 09:43:58,10243.05,0
2021-05-20 09:44:00,10243.05,0
2021-05-20 09:44:01,10243.3,0
2021-05-20 09:44:03,10243.1,0
2021-05-20 09:44:04,10243.5,0
2021-05-20 09:44:05,10241.0,0
2021-05-20 09:44:06,10240.75,0
2021-05-20 09:44:07,10240.05,0
2021-05-20 09:44:08,10240.35,0
2021-05-20 09:44:09,10241.0,0
2021-05-20 09:44:10,10241.05,0
2021-05-20 09:44:11,10239.65,0
2021-05-20 09:44:12,10241.0,0
2021-05-20 09:44:13,10241.1,0
2021-05-20 09:44:14,10241.2,0
2021-05-20 09:44:15,10242.55,0
2021-05-20 09:44:17,10243.15,0
2021-05-20 09:44:18,10242.25,0
2021-05-20 09:44:20,10243.65,0
2021-05-20 09:44:21,10243.95,0
2021-05-20 09:44:25,10245.35,0
2021-05-20 09:44:28,10245.3,0
2021-05-20 09:44:29,10247.45,0
2021-05-20 09:44:30,10248.45,0
2021-05-20 09:44:32,10250.1,0
2021-05-20 09:44:33,10249.35,0
2021-05-20 09:44:34,10251.2,0
2021-05-20 09:44:35,10251.0,0
2021-05-20 09:44:36,10251.05,0
2021-05-20 09:44:37,10250.55,0
2021-05-20 09:44:39,10249.1,0
2021-05-20 09:44:44,10249.7,0
2021-05-20 09:44:45,10249.45,0
2021-05-20 09:44:46,10249.55,0
2021-05-20 09:44:48,10250.2,0
2021-05-20 09:44:50,10252.1,0
2021-05-20 09:44:51,10251.25,0
2021-05-20 09:44:52,10250.7,0
2021-05-20 09:44:55,10252.0,0
2021-05-20 09:44:56,10253.25,0
2021-05-20 09:44:57,10252.95,0
2021-05-20 09:44:58,10251.15,0
2021-05-20 09:45:00,10252.7,0
2021-05-20 09:45:03,10253.45,0
2021-05-20 09:45:04,10252.7,0
2021-05-20 09:45:05,10252.6,0
2021-05-20 09:45:06,10253.4,0
2021-05-20 09:45:08,10256.45,0
2021-05-20 09:45:09,10256.05,0
2021-05-20 09:45:11,10256.7,0
2021-05-20 09:45:12,10255.3,0
2021-05-20 09:45:13,10255.45,0
2021-05-20 09:45:15,10256.45,0
2021-05-20 09:45:16,10256.95,0
2021-05-20 09:45:17,10255.75,0
2021-05-20 09:45:18,10255.1,0
2021-05-20 09:45:19,10256.2,0
2021-05-20 09:45:20,10254.55,0
2021-05-20 09:45:21,10255.3,0
2021-05-20 09:45:22,10255.3,0
2021-05-20 09:45:26,10256.45,0
2021-05-20 09:45:27,10256.9,0
2021-05-20 09:45:28,10257.3,0
2021-05-20 09:45:29,10257.5,0
2021-05-20 09:45:30,10257.8,0
2021-05-20 09:45:33,10257.75,0
2021-05-20 09:45:35,10257.55,0
2021-05-20 09:45:38,10260.1,0
2021-05-20 09:45:39,10260.85,0
2021-05-20 09:45:41,10261.15,0
2021-05-20 09:45:42,10261.05,0
2021-05-20 09:45:43,10260.65,0
2021-05-20 09:45:44,10261.5,0
2021-05-20 09:45:45,10257.6,0
2021-05-20 09:45:47,10259.65,0
2021-05-20 09:45:49,10259.25,0
2021-05-20 09:45:50,10259.6,0
2021-05-20 09:45:51,10258.6,0
2021-05-20 09:45:52,10259.2,0
2021-05-20 09:45:53,10259.85,0
2021-05-20 09:45:54,10258.2,0
2021-05-20 09:45:55,10259.55,0
2021-05-20 09:45:56,10260.7,0
2021-05-20 09:45:57,10261.55,0
2021-05-20 09:45:58,10260.4,0
2021-05-20 09:45:59,10259.95,0
2021-05-20 09:46:01,10258.95,0
2021-05-20 09:46:03,10258.35,0
2021-05-20 09:46:04,10258.7,0
2021-05-20 09:46:07,10257.9,0
2021-05-20 09:46:09,10258.8,0
2021-05-20 09:46:13,10257.75,0
2021-05-20 09:46:14,10256.4,0
2021-05-20 09:46:18,10256.9,0
2021-05-20 09:46:19,10256.15,0
2021-05-20 09:46:20,10257.15,0
2021-05-20 09:46:21,10256.3,0
2021-05-20 09:46:22,10257.0,0
2021-05-20 09:46:23,10255.6,0
2021-05-20 09:46:24,10255.3,0
2021-05-20 09:46:25,10256.1,0
2021-05-20 09:46:29,10255.05,0
2021-05-20 09:46:31,10252.55,0
2021-05-20 09:46:33,10251.8,0
2021-05-20 09:46:36,10250.75,0
2021-05-20 09:46:37,10249.95,0
2021-05-20 09:46:38,10250.65,0
2021-05-20 09:46:39,10250.95,0
2021-05-20 09:46:40,10251.25,0
2021-05-20 09:46:44,10249.0,0
2021-05-20 09:46:45,10248.35,0
2021-05-20 09:46:47,10246.3,0
2021-05-20 09:46:48,10246.55,0
2021-05-20 09:46:49,10246.3,0
2021-05-20 09:46:53,10244.9,0
2021-05-20 09:46:57,10241.1,0
2021-05-20 09:47:00,10240.25,0
2021-05-20 09:47:04,10238.65,0
2021-05-20 09:47:07,10239.0,0
2021-05-20 09:47:14,10234.55,0
2021-05-20 09:47:17,10231.15,0
2021-05-20 09:47:18,10230.65,0
2021-05-20 09:47:25,10232.4,0
2021-05-20 09:47:31,10235.9,0
2021-05-20 09:47:32,10233.85,0
2021-05-20 09:47:33,10235.2,0
2021-05-20 09:47:34,10234.3,0
2021-05-20 09:47:36,10233.2,0
2021-05-20 09:47:39,10234.45,0
2021-05-20 09:47:41,10236.35,0
2021-05-20 09:47:42,10237.5,0
2021-05-20 09:47:45,10237.95,0
2021-05-20 09:47:46,10240.1,0
2021-05-20 09:47:47,10241.45,0
2021-05-20 09:47:54,10243.55,0
2021-05-20 09:47:56,10242.95,0
2021-05-20 09:47:58,10243.45,0
2021-05-20 09:48:00,10244.55,0
2021-05-20 09:48:02,10244.95,0
2021-05-20 09:48:03,10246.4,0
2021-05-20 09:48:05,10245.35,0
2021-05-20 09:48:07,10245.25,0
2021-05-20 09:48:09,10241.65,0
2021-05-20 09:48:11,10242.3,0
2021-05-20 09:48:13,10242.95,0
2021-05-20 09:48:15,10242.9,0
2021-05-20 09:48:19,10244.35,0
2021-05-20 09:48:21,10244.1,0
2021-05-20 09:48:22,10243.1,0
2021-05-20 09:48:25,10246.45,0
2021-05-20 09:48:26,10246.25,0
2021-05-20 09:48:27,10246.4,0
2021-05-20 09:48:30,10244.3,0
2021-05-20 09:48:31,10245.7,0
2021-05-20 09:48:32,10245.45,0
2021-05-20 09:48:34,10246.3,0
2021-05-20 09:48:36,10245.85,0
2021-05-20 09:48:37,10244.9,0
2021-05-20 09:48:38,10245.95,0
2021-05-20 09:48:40,10245.6,0
2021-05-20 09:48:41,10245.7,0
2021-05-20 09:48:43,10243.8,0
2021-05-20 09:48:44,10246.55,0
2021-05-20 09:48:48,10247.05,0
2021-05-20 09:48:50,10246.0,0
2021-05-20 09:48:51,10246.4,0
2021-05-20 09:48:53,10244.55,0
2021-05-20 09:48:54,10245.8,0
2021-05-20 09:48:56,10245.4,0
2021-05-20 09:48:57,10244.85,0
2021-05-20 09:48:58,10243.3,0
2021-05-20 09:49:02,10241.8,0
2021-05-20 09:49:03,10242.45,0
2021-05-20 09:49:04,10243.5,0
2021-05-20 09:49:06,10242.75,0
2021-05-20 09:49:11,10243.75,0
2021-05-20 09:49:15,10245.2,0
2021-05-20 09:49:16,10245.05,0
2021-05-20 09:49:17,10245.05,0
2021-05-20 09:49:19,10245.9,0
2021-05-20 09:49:22,10244.75,0
2021-05-20 09:49:23,10244.9,0
2021-05-20 09:49:24,10245.65,0
2021-05-20 09:49:27,10245.55,0
2021-05-20 09:49:28,10246.1,0
2021-05-20 09:49:29,10248.1,0
2021-05-20 09:49:30,10248.05,0
2021-05-20 09:49:32,10247.25,0
2021-05-20 09:49:33,10247.5,0
2021-05-20 09:49:34,10247.6,0
2021-05-20 09:49:35,10248.15,0
2021-05-20 09:49:37,10249.7,0
2021-05-20 09:49:38,10248.95,0
2021-05-20 09:49:39,10249.85,0
2021-05-20 09:49:40,10249.6,0
2021-05-20 09:49:41,10248.25,0
2021-05-20 09:49:42,10249.45,0
2021-05-20 09:49:44,10250.0,0
2021-05-20 09:49:45,10249.55,0
2021-05-20 09:49:46,10249.95,0
2021-05-20 09:49:47,10249.9,0
2021-05-20 09:49:50,10250.6,0
2021-05-20 09:49:51,10248.5,0
2021-05-20 09:49:52,10248.8,0
2021-05-20 09:49:55,10249.35,0
2021-05-20 09:49:56,10248.5,0
2021-05-20 09:49:57,10249.05,0
2021-05-20 09:49:58,10249.2,0
2021-05-20 09:50:00,10247.75,0
2021-05-20 09:50:05,10248.85,0
2021-05-20 09:50:06,10247.55,0
2021-05-20 09:50:07,10247.3,0
2021-05-20 09:50:08,10247.25,0
2021-05-20 09:50:11,10247.35,0
2021-05-20 09:50:12,10245.95,0
2021-05-20 09:50:14,10247.0,0
2021-05-20 09:50:15,10247.1,0
2021-05-20 09:50:16,10247.55,0
2021-05-20 09:50:17,10247.0,0
2021-05-20 09:50:18,10248.45,0
2021-05-20 09:50:19,10247.85,0
2021-05-20 09:50:20,10247.25,0
2021-05-20 09:50:21,10248.05,0
2021-05-20 09:50:24,10245.65,0
2021-05-20 09:50:25,10245.55,0
2021-05-20 09:50:26,10246.95,0
2021-05-20 09:50:27,10245.6,0
2021-05-20 09:50:29,10245.1,0
2021-05-20 09:50:30,10245.1,0
2021-05-20 09:50:31,10244.55,0
2021-05-20 09:50:37,10241.6,0
2021-05-20 09:50:39,10241.35,0
2021-05-20 09:50:40,10241.4,0
2021-05-20 09:50:41,10239.9,0
2021-05-20 09:50:42,10240.2,0
2021-05-20 09:50:43,10241.1,0
2021-05-20 09:50:47,10240.4,0
2021-05-20 09:50:49,10241.05,0
2021-05-20 09:50:52,10242.55,0
2021-05-20 09:50:53,10242.85,0
2021-05-20 09:50:54,10242.0,0
2021-05-20 09:50:58,10239.05,0
2021-05-20 09:51:02,10241.15,0
2021-05-20 09:51:03,10241.75,0
2021-05-20 09:51:04,10241.9,0
2021-05-20 09:51:05,10243.05,0
2021-05-20 09:51:09,10241.45,0
2021-05-20 09:51:12,10240.6,0
2021-05-20 09:51:14,10238.4,0
2021-05-20 09:51:17,10238.35,0
2021-05-20 09:51:21,10237.65,0
2021-05-20 09:51:22,10237.85,0
2021-05-20 09:51:23,10236.4,0
2021-05-20 09:51:25,10235.2,0
2021-05-20 09:51:27,10236.75,0
2021-05-20 09:51:28,10235.15,0
2021-05-20 09:51:29,10237.05,0
2021-05-20 09:51:31,10236.2,0
2021-05-20 09:51:33,10236.95,0
2021-05-20 09:51:34,10237.55,0
2021-05-20 09:51:37,10235.9,0
2021-05-20 09:51:38,10235.6,0
2021-05-20 09:51:40,10235.7,0
2021-05-20 09:51:43,10234.45,0
2021-05-20 09:51:44,10235.05,0
2021-05-20 09:51:46,10237.1,0
2021-05-20 09:51:47,10238.55,0
2021-05-20 09:51:51,10238.65,0
2021-05-20 09:51:53,10236.5,0
2021-05-20 09:51:54,10237.15,0
2021-05-20 09:51:55,10237.1,0
2021-05-20 09:51:57,10236.0,0
2021-05-20 09:51:58,10235.05,0
2021-05-20 09:51:59,10235.8,0
2021-05-20 09:52:01,10236.7,0
2021-05-20 09:52:06,10235.2,0
2021-05-20 09:52:08,10235.7,0
2021-05-20 09:52:10,10236.3,0
2021-05-20 09:52:12,10236.6,0
2021-05-20 09:52:13,10237.15,0
2021-05-20 09:52:14,10236.15,0
2021-05-20 09:52:17,10235.8,0
2021-05-20 09:52:19,10236.85,0
2021-05-20 09:52:20,10236.6,0
2021-05-20 09:52:21,10236.4,0
2021-05-20 09:52:23,10236.25,0
2021-05-20 09:52:24,10236.95,0
2021-05-20 09:52:26,10236.4,0
2021-05-20 09:52:27,10235.9,0
2021-05-20 09:52:29,10237.1,0
2021-05-20 09:52:31,10237.15,0
2021-05-20 09:52:34,10237.85,0
2021-05-20 09:52:35,10238.65,0
2021-05-20 09:52:38,10240.0,0
2021-05-20 09:52:39,10239.85,0
2021-05-20 09:52:43,10238.65,0
2021-05-20 09:52:44,10240.05,0
2021-05-20 09:52:45,10240.3,0
2021-05-20 09:52:46,10240.75,0
2021-05-20 09:52:47,10240.85,0
2021-05-20 09:52:49,10241.15,0
2021-05-20 09:52:50,10241.05,0
2021-05-20 09:52:51,10241.6,0
2021-05-20 09:52:54,10240.7,0
2021-05-20 09:52:55,10240.5,0
2021-05-20 09:52:57,10242.25,0
2021-05-20 09:52:58,10241.1,0
2021-05-20 09:52:59,10240.3,0
2021-05-20 09:53:00,10240.7,0
2021-05-20 09:53:02,10239.9,0
2021-05-20 09:53:06,10239.0,0
2021-05-20 09:53:07,10239.6,0
2021-05-20 09:53:08,10240.15,0
2021-05-20 09:53:09,10240.5,0
2021-05-20 09:53:10,10238.45,0
2021-05-20 09:53:13,10239.9,0
2021-05-20 09:53:15,10238.55,0
2021-05-20 09:53:16,10238.1,0
2021-05-20 09:53:17,10238.15,0
2021-05-20 09:53:18,10237.2,0
2021-05-20 09:53:20,10235.15,0
2021-05-20 09:53:24,10236.45,0
2021-05-20 09:53:26,10235.0,0
2021-05-20 09:53:29,10236.5,0
2021-05-20 09:53:35,10236.95,0
2021-05-20 09:53:36,10237.75,0
2021-05-20 09:53:37,10237.7,0
2021-05-20 09:53:42,10239.35,0
2021-05-20 09:53:43,10239.35,0
2021-05-20 09:53:48,10238.4,0
2021-05-20 09:53:51,10238.1,0
2021-05-20 09:53:52,10239.3,0
2021-05-20 09:53:55,10239.05,0
2021-05-20 09:53:57,10238.95,0
2021-05-20 09:54:03,10239.1,0
2021-05-20 09:54:05,10237.7,0
2021-05-20 09:54:06,10237.65,0
2021-05-20 09:54:07,10238.5,0
2021-05-20 09:54:08,10239.45,0
2021-05-20 09:54:09,10238.9,0
2021-05-20 09:54:11,10238.8,0
2021-05-20 09:54:12,10238.6,0
2021-05-20 09:54:14,10240.6,0
2021-05-20 09:54:16,10241.35,0
2021-05-20 09:54:20,10241.25,0
2021-05-20 09:54:21,10238.8,0
2021-05-20 09:54:23,10240.8,0
2021-05-20 09:54:24,10241.35,0
2021-05-20 09:54:25,10241.75,0
2021-05-20 09:54:27,10240.25,0
2021-05-20 09:54:30,10241.1,0
2021-05-20 09:54:33,10241.1,0
2021-05-20 09:54:34,10240.9,0
2021-05-20 09:54:35,10241.6,0
2021-05-20 09:54:36,10241.35,0
2021-05-20 09:54:39,10240.95,0
2021-05-20 09:54:40,10240.45,0
2021-05-20 09:54:41,10240.5,0
2021-05-20 09:54:45,10241.2,0
2021-05-20 09:54:48,10240.85,0
2021-05-20 09:54:50,10240.0,0
2021-05-20 09:54:51,10239.95,0
2021-05-20 09:54:52,10241.25,0
2021-05-20 09:54:53,10240.5,0
2021-05-20 09:54:54,10241.4,0
2021-05-20 09:54:55,10240.6,0
2021-05-20 09:55:04,10240.8,0
2021-05-20 09:55:05,10240.1,0
2021-05-20 09:55:07,10240.65,0
2021-05-20 09:55:08,10239.6,0
2021-05-20 09:55:09,10241.1,0
2021-05-20 09:55:11,10240.1,0
2021-05-20 09:55:12,10239.9,0
2021-05-20 09:55:14,10240.75,0
2021-05-20 09:55:16,10241.3,0
2021-05-20 09:55:17,10241.45,0
2021-05-20 09:55:18,10240.75,0
2021-05-20 09:55:19,10240.85,0
2021-05-20 09:55:20,10240.1,0
2021-05-20 09:55:21,10238.55,0
2021-05-20 09:55:22,10238.65,0
2021-05-20 09:55:23,10238.7,0
2021-05-20 09:55:25,10238.4,0
2021-05-20 09:55:27,10237.8,0
2021-05-20 09:55:28,10237.15,0
2021-05-20 09:55:29,10237.85,0
2021-05-20 09:55:30,10237.05,0
2021-05-20 09:55:31,10236.35,0
2021-05-20 09:55:32,10236.2,0
2021-05-20 09:55:33,10235.5,0
2021-05-20 09:55:34,10236.6,0
2021-05-20 09:55:36,10236.9,0
2021-05-20 09:55:38,10237.1,0
2021-05-20 09:55:39,10237.05,0
2021-05-20 09:55:42,10237.35,0
2021-05-20 09:55:45,10238.25,0
2021-05-20 09:55:46,10239.35,0
2021-05-20 09:55:47,10238.4,0
2021-05-20 09:55:48,10238.4,0
2021-05-20 09:55:49,10238.0,0
2021-05-20 09:55:50,10240.2,0
2021-05-20 09:55:51,10239.45,0
2021-05-20 09:55:53,10239.25,0
2021-05-20 09:55:54,10238.7,0
2021-05-20 09:55:56,10238.65,0
2021-05-20 09:55:57,10238.4,0
2021-05-20 09:55:58,10240.15,0
2021-05-20 09:56:00,10239.3,0
2021-05-20 09:56:01,10240.9,0
2021-05-20 09:56:02,10240.15,0
2021-05-20 09:56:03,10240.15,0
2021-05-20 09:56:04,10239.65,0
2021-05-20 09:56:05,10239.65,0
2021-05-20 09:56:08,10238.95,0
2021-05-20 09:56:09,10239.05,0
2021-05-20 09:56:10,10239.35,0
2021-05-20 09:56:11,10239.35,0
2021-05-20 09:56:12,10239.95,0
2021-05-20 09:56:14,10239.9,0
2021-05-20 09:56:15,10239.15,0
2021-05-20 09:56:16,10241.1,0
2021-05-20 09:56:17,10241.25,0
2021-05-20 09:56:18,10241.85,0
2021-05-20 09:56:19,10242.1,0
2021-05-20 09:56:20,10241.85,0
2021-05-20 09:56:22,10241.15,0
2021-05-20 09:56:25,10241.95,0
2021-05-20 09:56:28,10242.2,0
2021-05-20 09:56:30,10242.5,0
2021-05-20 09:56:31,10242.65,0
2021-05-20 09:56:32,10242.65,0
2021-05-20 09:56:33,10241.55,0
2021-05-20 09:56:34,10242.6,0
2021-05-20 09:56:35,10242.4,0
2021-05-20 09:56:36,10242.05,0
2021-05-20 09:56:37,10241.3,0
2021-05-20 09:56:38,10240.8,0
2021-05-20 09:56:39,10240.45,0
2021-05-20 09:56:40,10240.5,0
2021-05-20 09:56:42,10242.05,0
2021-05-20 09:56:44,10241.55,0
2021-05-20 09:56:45,10242.0,0
2021-05-20 09:56:47,10240.2,0
2021-05-20 09:56:49,10241.05,0
2021-05-20 09:56:52,10240.0,0
2021-05-20 09:56:53,10240.1,0
2021-05-20 09:56:55,10239.9,0
2021-05-20 09:56:56,10240.75,0
2021-05-20 09:56:58,10239.0,0
2021-05-20 09:56:59,10240.25,0
2021-05-20 09:57:00,10240.5,0
2021-05-20 09:57:01,10239.75,0
2021-05-20 09:57:03,10239.95,0
2021-05-20 09:57:05,10238.75,0
2021-05-20 09:57:06,10237.4,0
2021-05-20 09:57:07,10238.7,0
2021-05-20 09:57:10,10238.05,0
2021-05-20 09:57:11,10238.75,0
2021-05-20 09:57:12,10239.25,0
2021-05-20 09:57:13,10238.3,0
2021-05-20 09:57:14,10238.0,0
2021-05-20 09:57:16,10237.9,0
2021-05-20 09:57:18,10238.35,0
2021-05-20 09:57:19,10238.05,0
2021-05-20 09:57:20,10238.15,0
2021-05-20 09:57:21,10238.65,0
2021-05-20 09:57:24,10238.45,0
2021-05-20 09:57:28,10237.2,0
2021-05-20 09:57:29,10237.85,0
2021-05-20 09:57:30,10237.15,0
2021-05-20 09:57:31,10237.05,0
2021-05-20 09:57:32,10234.45,0
2021-05-20 09:57:33,10234.25,0
2021-05-20 09:57:34,10234.3,0
2021-05-20 09:57:35,10234.8,0
2021-05-20 09:57:37,10234.15,0
2021-05-20 09:57:38,10234.75,0
2021-05-20 09:57:39,10235.5,0
2021-05-20 09:57:40,10235.5,0
2021-05-20 09:57:44,10236.9,0
2021-05-20 09:57:45,10236.9,0
2021-05-20 09:57:46,10237.5,0
2021-05-20 09:57:49,10235.6,0
2021-05-20 09:57:52,10235.35,0
2021-05-20 09:57:53,10236.0,0
2021-05-20 09:57:54,10234.65,0
2021-05-20 09:57:55,10236.3,0
2021-05-20 09:57:56,10237.25,0
2021-05-20 09:57:57,10237.35,0
2021-05-20 09:57:58,10236.8,0
2021-05-20 09:58:02,10236.75,0
2021-05-20 09:58:03,10237.0,0
2021-05-20 09:58:05,10237.95,0
2021-05-20 09:58:06,10237.6,0
2021-05-20 09:58:08,10237.9,0
2021-05-20 09:58:10,10238.55,0
2021-05-20 09:58:15,10239.55,0
2021-05-20 09:58:16,10239.8,0
2021-05-20 09:58:17,10239.95,0
2021-05-20 09:58:18,10240.65,0
2021-05-20 09:58:20,10239.15,0
2021-05-20 09:58:23,10244.95,0
2021-05-20 09:58:24,10245.5,0
2021-05-20 09:58:25,10245.15,0
2021-05-20 09:58:26,10245.0,0
2021-05-20 09:58:28,10244.3,0
2021-05-20 09:58:30,10243.1,0
2021-05-20 09:58:31,10242.95,0
2021-05-20 09:58:33,10243.6,0
2021-05-20 09:58:34,10242.8,0
2021-05-20 09:58:35,10243.65,0
2021-05-20 09:58:36,10244.3,0
2021-05-20 09:58:37,10244.1,0
2021-05-20 09:58:38,10243.75,0
2021-05-20 09:58:41,10244.35,0
2021-05-20 09:58:42,10245.55,0
2021-05-20 09:58:43,10244.0,0
2021-05-20 09:58:46,10245.5,0
2021-05-20 09:58:47,10245.3,0
2021-05-20 09:58:49,10245.65,0
2021-05-20 09:58:51,10246.85,0
2021-05-20 09:58:52,10246.6,0
2021-05-20 09:58:54,10246.55,0
2021-05-20 09:58:55,10247.0,0
2021-05-20 09:58:56,10247.3,0
2021-05-20 09:58:57,10247.05,0
2021-05-20 09:58:59,10247.5,0
2021-05-20 09:59:00,10246.5,0
2021-05-20 09:59:02,10246.5,0
2021-05-20 09:59:03,10245.9,0
2021-05-20 09:59:05,10246.55,0
2021-05-20 09:59:08,10245.8,0
2021-05-20 09:59:09,10246.5,0
2021-05-20 09:59:10,10246.85,0
2021-05-20 09:59:12,10245.95,0
2021-05-20 09:59:17,10247.0,0
2021-05-20 09:59:18,10246.15,0
2021-05-20 09:59:20,10246.95,0
2021-05-20 09:59:24,10248.15,0
2021-05-20 09:59:25,10248.55,0
2021-05-20 09:59:28,10248.25,0
2021-05-20 09:59:31,10248.0,0
2021-05-20 09:59:32,10248.2,0
2021-05-20 09:59:33,10246.45,0
2021-05-20 09:59:34,10247.5,0
2021-05-20 09:59:35,10247.7,0
2021-05-20 09:59:37,10248.15,0
2021-05-20 09:59:39,10247.55,0
2021-05-20 09:59:45,10247.85,0
2021-05-20 09:59:46,10247.55,0
2021-05-20 09:59:47,10247.75,0
2021-05-20 09:59:48,10246.8,0
2021-05-20 09:59:51,10242.25,0
2021-05-20 09:59:57,10244.1,0
2021-05-20 09:59:59,10245.0,0
2021-05-20 10:00:00,10243.85,0
2021-05-20 10:00:02,10244.3,0
2021-05-20 10:00:03,10244.7,0
2021-05-20 10:00:05,10244.6,0
2021-05-20 10:00:06,10243.9,0
2021-05-20 10:00:08,10244.25,0
2021-05-20 10:00:09,10245.2,0
2021-05-20 10:00:10,10244.65,0
2021-05-20 10:00:11,10244.65,0
2021-05-20 10:00:15,10244.35,0
2021-05-20 10:00:17,10242.85,0
2021-05-20 10:00:20,10243.15,0
2021-05-20 10:00:23,10243.1,0
2021-05-20 10:00:25,10241.9,0
2021-05-20 10:00:26,10241.9,0
2021-05-20 10:00:27,10241.8,0
2021-05-20 10:00:28,10240.9,0
2021-05-20 10:00:32,10242.4,0
2021-05-20 10:00:33,10242.65,0
2021-05-20 10:00:35,10243.9,0
2021-05-20 10:00:36,10243.5,0
2021-05-20 10:00:37,10243.2,0
2021-05-20 10:00:38,10243.35,0
2021-05-20 10:00:39,10244.05,0
2021-05-20 10:00:46,10244.9,0
2021-05-20 10:00:50,10246.85,0
2021-05-20 10:00:52,10245.65,0
2021-05-20 10:00:54,10246.5,0
2021-05-20 10:00:55,10246.55,0
2021-05-20 10:01:00,10247.1,0
2021-05-20 10:01:01,10246.1,0
2021-05-20 10:01:06,10247.45,0
2021-05-20 10:01:07,10247.4,0
2021-05-20 10:01:08,10247.8,0
2021-05-20 10:01:09,10247.2,0
2021-05-20 10:01:10,10246.95,0
2021-05-20 10:01:13,10246.7,0
2021-05-20 10:01:15,10246.9,0
2021-05-20 10:01:17,10246.3,0
2021-05-20 10:01:18,10246.25,0
2021-05-20 10:01:20,10246.1,0
2021-05-20 10:01:21,10245.5,0
2021-05-20 10:01:24,10245.95,0
2021-05-20 10:01:25,10244.8,0
2021-05-20 10:01:26,10245.1,0
2021-05-20 10:01:27,10244.2,0
2021-05-20 10:01:28,10243.8,0
2021-05-20 10:01:30,10243.35,0
2021-05-20 10:01:32,10244.65,0
2021-05-20 10:01:33,10244.8,0
2021-05-20 10:01:36,10243.35,0
2021-05-20 10:01:38,10244.45,0
2021-05-20 10:01:42,10243.0,0
2021-05-20 10:01:43,10241.5,0
2021-05-20 10:01:46,10241.2,0
2021-05-20 10:01:47,10240.35,0
2021-05-20 10:01:48,10241.8,0
2021-05-20 10:01:49,10241.55,0
2021-05-20 10:01:50,10241.55,0
2021-05-20 10:01:51,10242.45,0
2021-05-20 10:01:52,10243.0,0
2021-05-20 10:01:54,10241.65,0
2021-05-20 10:01:56,10241.8,0
2021-05-20 10:01:58,10240.7,0
2021-05-20 10:01:59,10241.55,0
2021-05-20 10:02:00,10241.6,0
2021-05-20 10:02:02,10240.75,0
2021-05-20 10:02:04,10242.9,0
2021-05-20 10:02:05,10241.6,0
2021-05-20 10:02:06,10243.65,0
2021-05-20 10:02:07,10243.35,0
2021-05-20 10:02:08,10242.1,0
2021-05-20 10:02:09,10242.4,0
2021-05-20 10:02:10,10242.0,0
2021-05-20 10:02:11,10243.05,0
2021-05-20 10:02:12,10242.55,0
2021-05-20 10:02:13,10242.85,0
2021-05-20 10:02:14,10241.0,0
2021-05-20 10:02:16,10239.8,0
2021-05-20 10:02:22,10238.9,0
2021-05-20 10:02:28,10236.25,0
2021-05-20 10:02:29,10236.05,0
2021-05-20 10:02:30,10236.6,0
2021-05-20 10:02:33,10238.35,0
2021-05-20 10:02:36,10239.3,0
2021-05-20 10:02:37,10238.0,0
2021-05-20 10:02:42,10237.2,0
2021-05-20 10:02:44,10237.9,0
2021-05-20 10:02:46,10238.6,0
2021-05-20 10:02:49,10237.95,0
2021-05-20 10:02:50,10238.55,0
2021-05-20 10:02:51,10238.95,0
2021-05-20 10:02:52,10239.5,0
2021-05-20 10:02:55,10239.7,0
2021-05-20 10:02:57,10240.3,0
2021-05-20 10:02:58,10238.9,0
2021-05-20 10:03:02,10240.3,0
2021-05-20 10:03:08,10239.65,0
2021-05-20 10:03:09,10240.45,0
2021-05-20 10:03:11,10241.05,0
2021-05-20 10:03:16,10242.1,0
2021-05-20 10:03:17,10242.7,0
2021-05-20 10:03:19,10241.0,0
2021-05-20 10:03:20,10241.45,0
2021-05-20 10:03:21,10242.45,0
2021-05-20 10:03:22,10242.35,0
2021-05-20 10:03:26,10242.55,0
2021-05-20 10:03:29,10243.35,0
2021-05-20 10:03:30,10241.9,0
2021-05-20 10:03:32,10243.35,0
2021-05-20 10:03:35,10243.05,0
2021-05-20 10:03:36,10242.85,0
2021-05-20 10:03:39,10242.45,0
2021-05-20 10:03:41,10242.6,0
2021-05-20 10:03:42,10243.7,0
2021-05-20 10:03:43,10244.2,0
2021-05-20 10:03:47,10243.75,0
2021-05-20 10:03:49,10245.25,0
2021-05-20 10:03:50,10245.15,0
2021-05-20 10:03:53,10244.1,0
2021-05-20 10:03:56,10243.1,0
2021-05-20 10:03:58,10243.6,0
2021-05-20 10:03:59,10243.45,0
2021-05-20 10:04:00,10242.9,0
2021-05-20 10:04:03,10242.25,0
2021-05-20 10:04:04,10243.5,0
2021-05-20 10:04:07,10242.65,0
2021-05-20 10:04:06,10242.35,0
2021-05-20 10:04:11,10242.0,0
2021-05-20 10:04:12,10241.55,0
2021-05-20 10:04:14,10241.45,0
2021-05-20 10:04:15,10241.15,0
2021-05-20 10:04:17,10241.4,0
2021-05-20 10:04:20,10241.75,0
2021-05-20 10:04:22,10241.9,0
2021-05-20 10:04:23,10241.75,0
2021-05-20 10:04:24,10240.9,0
2021-05-20 10:04:27,10241.55,0
2021-05-20 10:04:30,10241.05,0
2021-05-20 10:04:32,10241.1,0
2021-05-20 10:04:34,10240.55,0
2021-05-20 10:04:35,10240.8,0
2021-05-20 10:04:36,10240.5,0
2021-05-20 10:04:38,10239.95,0
2021-05-20 10:04:39,10240.65,0
2021-05-20 10:04:40,10240.2,0
2021-05-20 10:04:43,10241.1,0
2021-05-20 10:04:44,10240.75,0
2021-05-20 10:04:46,10239.7,0
2021-05-20 10:04:48,10240.55,0
2021-05-20 10:04:50,10240.25,0
2021-05-20 10:04:51,10240.8,0
2021-05-20 10:04:52,10240.8,0
2021-05-20 10:04:53,10240.2,0
2021-05-20 10:04:54,10240.2,0
2021-05-20 10:04:57,10240.7,0
2021-05-20 10:04:58,10240.85,0
2021-05-20 10:05:01,10240.3,0
2021-05-20 10:05:02,10241.75,0
2021-05-20 10:05:03,10241.45,0
2021-05-20 10:05:04,10242.3,0
2021-05-20 10:05:07,10241.3,0
2021-05-20 10:05:09,10240.95,0
2021-05-20 10:05:12,10241.9,0
2021-05-20 10:05:13,10243.1,0
2021-05-20 10:05:16,10243.15,0
2021-05-20 10:05:18,10242.6,0
2021-05-20 10:05:19,10243.3,0
2021-05-20 10:05:20,10243.15,0
2021-05-20 10:05:26,10246.05,0
2021-05-20 10:05:32,10245.2,0
2021-05-20 10:05:38,10245.25,0
2021-05-20 10:05:39,10244.6,0
2021-05-20 10:05:41,10247.0,0
2021-05-20 10:05:43,10246.25,0
2021-05-20 10:05:45,10246.5,0
2021-05-20 10:05:46,10247.4,0
2021-05-20 10:05:47,10247.5,0
2021-05-20 10:05:51,10247.65,0
2021-05-20 10:05:52,10247.55,0
2021-05-20 10:05:54,10247.8,0
2021-05-20 10:05:55,10249.55,0
2021-05-20 10:05:56,10250.35,0
2021-05-20 10:05:57,10251.5,0
2021-05-20 10:05:58,10251.1,0
2021-05-20 10:06:00,10252.95,0
2021-05-20 10:06:02,10252.05,0
2021-05-20 10:06:03,10252.25,0
2021-05-20 10:06:04,10252.25,0
2021-05-20 10:06:08,10252.9,0
2021-05-20 10:06:10,10253.45,0
2021-05-20 10:06:13,10253.65,0
2021-05-20 10:06:14,10253.8,0
2021-05-20 10:06:16,10253.5,0
2021-05-20 10:06:19,10253.15,0
2021-05-20 10:06:21,10252.0,0
2021-05-20 10:06:22,10252.0,0
2021-05-20 10:06:23,10252.65,0
2021-05-20 10:06:26,10251.9,0
2021-05-20 10:06:27,10251.8,0
2021-05-20 10:06:32,10251.65,0
2021-05-20 10:06:33,10251.85,0
2021-05-20 10:06:36,10251.45,0
2021-05-20 10:06:42,10251.45,0
2021-05-20 10:06:44,10251.45,0
2021-05-20 10:06:45,10251.35,0
2021-05-20 10:06:46,10252.8,0
2021-05-20 10:06:48,10253.25,0
2021-05-20 10:06:49,10253.2,0
2021-05-20 10:06:50,10253.0,0
2021-05-20 10:06:51,10252.65,0
2021-05-20 10:06:52,10252.6,0
2021-05-20 10:06:57,10254.8,0
2021-05-20 10:07:01,10254.85,0
2021-05-20 10:07:08,10256.2,0
2021-05-20 10:07:09,10256.75,0
2021-05-20 10:07:12,10256.65,0
2021-05-20 10:07:15,10256.55,0
2021-05-20 10:07:16,10256.6,0
2021-05-20 10:07:17,10257.15,0
2021-05-20 10:07:18,10257.1,0
2021-05-20 10:07:19,10257.35,0
2021-05-20 10:07:20,10257.75,0
2021-05-20 10:07:21,10257.45,0
2021-05-20 10:07:25,10256.45,0
2021-05-20 10:07:27,10255.9,0
2021-05-20 10:07:30,10255.4,0
2021-05-20 10:07:31,10254.45,0
2021-05-20 10:07:33,10254.7,0
2021-05-20 10:07:35,10254.75,0
2021-05-20 10:07:36,10255.05,0
2021-05-20 10:07:37,10253.8,0
2021-05-20 10:07:38,10253.75,0
2021-05-20 10:07:39,10254.4,0
2021-05-20 10:07:41,10252.3,0
2021-05-20 10:07:44,10253.05,0
2021-05-20 10:07:46,10253.05,0
2021-05-20 10:07:49,10252.75,0
2021-05-20 10:07:50,10251.85,0
2021-05-20 10:07:51,10252.7,0
2021-05-20 10:07:52,10252.0,0
2021-05-20 10:07:54,10251.9,0
2021-05-20 10:07:56,10252.05,0
2021-05-20 10:08:01,10250.95,0
2021-05-20 10:08:02,10251.7,0
2021-05-20 10:08:10,10250.25,0
2021-05-20 10:08:12,10250.0,0
2021-05-20 10:08:13,10250.5,0
2021-05-20 10:08:14,10250.1,0
2021-05-20 10:08:18,10249.3,0
2021-05-20 10:08:19,10250.5,0
2021-05-20 10:08:22,10249.2,0
2021-05-20 10:08:23,10248.8,0
2021-05-20 10:08:24,10249.55,0
2021-05-20 10:08:25,10250.35,0
2021-05-20 10:08:27,10251.55,0
2021-05-20 10:08:29,10248.8,0
2021-05-20 10:08:30,10250.2,0
2021-05-20 10:08:31,10249.5,0
2021-05-20 10:08:32,10248.9,0
2021-05-20 10:08:33,10249.2,0
2021-05-20 10:08:34,10249.65,0
2021-05-20 10:08:35,10249.6,0
2021-05-20 10:08:36,10249.2,0
2021-05-20 10:08:42,10248.35,0
2021-05-20 10:08:43,10248.75,0
2021-05-20 10:08:45,10247.7,0
2021-05-20 10:08:46,10248.5,0
2021-05-20 10:08:48,10249.6,0
2021-05-20 10:08:49,10250.4,0
2021-05-20 10:08:50,10250.25,0
2021-05-20 10:08:51,10249.7,0
2021-05-20 10:08:52,10249.05,0
2021-05-20 10:08:53,10249.8,0
2021-05-20 10:08:54,10250.2,0
2021-05-20 10:08:56,10251.3,0
2021-05-20 10:08:57,10251.35,0
2021-05-20 10:08:58,10251.75,0
2021-05-20 10:08:59,10251.1,0
2021-05-20 10:09:00,10251.0,0
2021-05-20 10:09:02,10251.85,0
2021-05-20 10:09:03,10251.4,0
2021-05-20 10:09:05,10251.6,0
2021-05-20 10:09:07,10251.35,0
2021-05-20 10:09:09,10251.15,0
2021-05-20 10:09:10,10251.45,0
2021-05-20 10:09:11,10251.45,0
2021-05-20 10:09:12,10251.05,0
2021-05-20 10:09:13,10249.55,0
2021-05-20 10:09:14,10249.4,0
2021-05-20 10:09:16,10249.25,0
2021-05-20 10:09:17,10249.35,0
2021-05-20 10:09:18,10249.6,0
2021-05-20 10:09:19,10249.35,0
2021-05-20 10:09:20,10249.9,0
2021-05-20 10:09:21,10249.25,0
2021-05-20 10:09:22,10249.9,0
2021-05-20 10:09:23,10250.25,0
2021-05-20 10:09:25,10249.55,0
2021-05-20 10:09:26,10249.35,0
2021-05-20 10:09:27,10249.7,0
2021-05-20 10:09:28,10249.4,0
2021-05-20 10:09:29,10249.5,0
2021-05-20 10:09:30,10249.6,0
2021-05-20 10:09:31,10249.95,0
2021-05-20 10:09:32,10249.8,0
2021-05-20 10:09:34,10249.6,0
2021-05-20 10:09:38,10250.05,0
2021-05-20 10:09:40,10250.0,0
2021-05-20 10:09:41,10249.6,0
2021-05-20 10:09:42,10249.35,0
2021-05-20 10:09:44,10249.55,0
2021-05-20 10:09:46,10249.7,0
2021-05-20 10:09:47,10249.85,0
2021-05-20 10:09:48,10250.2,0
2021-05-20 10:09:49,10250.15,0
2021-05-20 10:09:50,10250.7,0
2021-05-20 10:09:52,10250.8,0
2021-05-20 10:09:53,10250.05,0
2021-05-20 10:09:56,10249.45,0
2021-05-20 10:09:57,10249.7,0
2021-05-20 10:09:58,10249.25,0
2021-05-20 10:10:05,10250.9,0
2021-05-20 10:10:06,10250.6,0
2021-05-20 10:10:07,10250.8,0
2021-05-20 10:10:08,10251.2,0
2021-05-20 10:10:09,10252.0,0
2021-05-20 10:10:10,10252.1,0
2021-05-20 10:10:11,10251.55,0
2021-05-20 10:10:12,10250.85,0
2021-05-20 10:10:13,10251.0,0
2021-05-20 10:10:15,10251.5,0
2021-05-20 10:10:16,10251.85,0
2021-05-20 10:10:18,10251.7,0
2021-05-20 10:10:21,10252.55,0
2021-05-20 10:10:25,10251.85,0
2021-05-20 10:10:26,10252.15,0
2021-05-20 10:10:27,10251.65,0
2021-05-20 10:10:28,10250.95,0
2021-05-20 10:10:32,10248.5,0
2021-05-20 10:10:33,10249.75,0
2021-05-20 10:10:34,10248.4,0
2021-05-20 10:10:37,10248.7,0
2021-05-20 10:10:38,10248.45,0
2021-05-20 10:10:41,10248.0,0
2021-05-20 10:10:42,10248.35,0
2021-05-20 10:10:49,10248.65,0
2021-05-20 10:10:50,10248.15,0
2021-05-20 10:10:51,10249.15,0
2021-05-20 10:10:53,10248.0,0
2021-05-20 10:10:54,10248.6,0
2021-05-20 10:10:56,10248.15,0
2021-05-20 10:10:58,10248.2,0
2021-05-20 10:11:00,10249.05,0
2021-05-20 10:11:01,10249.2,0
2021-05-20 10:11:02,10248.75,0
2021-05-20 10:11:03,10248.4,0
2021-05-20 10:11:06,10248.0,0
2021-05-20 10:11:10,10247.6,0
2021-05-20 10:11:11,10246.95,0
2021-05-20 10:11:13,10247.05,0
2021-05-20 10:11:17,10247.6,0
2021-05-20 10:11:18,10247.05,0
2021-05-20 10:11:19,10246.7,0
2021-05-20 10:11:20,10246.05,0
2021-05-20 10:11:21,10244.5,0
2021-05-20 10:11:22,10244.95,0
2021-05-20 10:11:26,10243.45,0
2021-05-20 10:11:30,10245.2,0
2021-05-20 10:11:31,10245.7,0
2021-05-20 10:11:33,10245.95,0
2021-05-20 10:11:34,10245.95,0
2021-05-20 10:11:37,10246.6,0
2021-05-20 10:11:38,10246.1,0
2021-05-20 10:11:39,10245.95,0
2021-05-20 10:11:41,10246.1,0
2021-05-20 10:11:43,10246.1,0
2021-05-20 10:11:45,10246.2,0
2021-05-20 10:11:47,10245.55,0
2021-05-20 10:11:49,10246.05,0
2021-05-20 10:11:50,10245.9,0
2021-05-20 10:11:52,10247.1,0
2021-05-20 10:11:53,10245.25,0
2021-05-20 10:11:54,10245.55,0
2021-05-20 10:11:55,10245.65,0
2021-05-20 10:11:56,10245.05,0
2021-05-20 10:11:59,10245.9,0
2021-05-20 10:12:00,10245.3,0
2021-05-20 10:12:03,10245.9,0
2021-05-20 10:12:05,10246.0,0
2021-05-20 10:12:07,10245.6,0
2021-05-20 10:12:08,10244.9,0
2021-05-20 10:12:10,10244.75,0
2021-05-20 10:12:11,10244.7,0
2021-05-20 10:12:13,10244.05,0
2021-05-20 10:12:14,10244.15,0
2021-05-20 10:12:19,10244.4,0
2021-05-20 10:12:21,10243.6,0
2021-05-20 10:12:23,10243.05,0
2021-05-20 10:12:26,10242.95,0
2021-05-20 10:12:27,10243.75,0
2021-05-20 10:12:29,10242.95,0
2021-05-20 10:12:30,10243.75,0
2021-05-20 10:12:31,10243.1,0
2021-05-20 10:12:32,10243.15,0
2021-05-20 10:12:33,10243.0,0
2021-05-20 10:12:36,10243.25,0
2021-05-20 10:12:37,10243.6,0
2021-05-20 10:12:39,10243.9,0
2021-05-20 10:12:41,10243.85,0
2021-05-20 10:12:42,10243.7,0
2021-05-20 10:12:43,10243.9,0
2021-05-20 10:12:45,10243.6,0
2021-05-20 10:12:47,10243.7,0
2021-05-20 10:12:48,10243.7,0
2021-05-20 10:12:49,10243.5,0
2021-05-20 10:12:52,10244.05,0
2021-05-20 10:12:55,10243.7,0
2021-05-20 10:13:00,10244.05,0
2021-05-20 10:13:01,10243.25,0
2021-05-20 10:13:05,10243.55,0
2021-05-20 10:13:06,10242.75,0
2021-05-20 10:13:07,10243.65,0
2021-05-20 10:13:08,10243.35,0
2021-05-20 10:13:13,10243.6,0
2021-05-20 10:13:15,10244.1,0
2021-05-20 10:13:22,10243.0,0
2021-05-20 10:13:23,10244.05,0
2021-05-20 10:13:24,10244.25,0
2021-05-20 10:13:25,10243.8,0
2021-05-20 10:13:29,10243.75,0
2021-05-20 10:13:32,10244.5,0
2021-05-20 10:13:33,10244.35,0
2021-05-20 10:13:34,10244.05,0
2021-05-20 10:13:35,10245.2,0
2021-05-20 10:13:36,10244.3,0
2021-05-20 10:13:37,10244.1,0
2021-05-20 10:13:38,10244.0,0
2021-05-20 10:13:39,10244.55,0
2021-05-20 10:13:40,10244.6,0
2021-05-20 10:13:42,10244.85,0
2021-05-20 10:13:43,10243.95,0
2021-05-20 10:13:45,10245.3,0
2021-05-20 10:13:48,10244.55,0
2021-05-20 10:13:50,10244.85,0
2021-05-20 10:13:52,10245.35,0
2021-05-20 10:13:56,10245.7,0
2021-05-20 10:13:58,10245.6,0
2021-05-20 10:13:59,10245.5,0
2021-05-20 10:14:00,10245.35,0
2021-05-20 10:14:01,10245.95,0
2021-05-20 10:14:02,10245.85,0
2021-05-20 10:14:06,10247.55,0
2021-05-20 10:14:10,10247.15,0
2021-05-20 10:14:11,10247.4,0
2021-05-20 10:14:12,10247.55,0
2021-05-20 10:14:18,10248.6,0
2021-05-20 10:14:19,10249.1,0
2021-05-20 10:14:22,10249.0,0
2021-05-20 10:14:23,10249.55,0
2021-05-20 10:14:25,10249.5,0
2021-05-20 10:14:26,10249.25,0
2021-05-20 10:14:28,10248.9,0
2021-05-20 10:14:30,10249.3,0
2021-05-20 10:14:31,10250.25,0
2021-05-20 10:14:33,10249.8,0
2021-05-20 10:14:35,10250.3,0
2021-05-20 10:14:36,10250.25,0
2021-05-20 10:14:37,10250.15,0
2021-05-20 10:14:40,10250.95,0
2021-05-20 10:14:42,10251.25,0
2021-05-20 10:14:43,10250.75,0
2021-05-20 10:14:44,10251.1,0
2021-05-20 10:14:45,10250.95,0
2021-05-20 10:14:47,10251.3,0
2021-05-20 10:14:48,10251.2,0
2021-05-20 10:14:49,10250.55,0
2021-05-20 10:14:50,10250.45,0
2021-05-20 10:14:51,10250.35,0
2021-05-20 10:14:52,10250.45,0
2021-05-20 10:14:53,10250.35,0
2021-05-20 10:14:56,10249.5,0
2021-05-20 10:14:58,10248.6,0
2021-05-20 10:15:00,10249.3,0
2021-05-20 10:15:01,10249.95,0
2021-05-20 10:15:02,10250.85,0
2021-05-20 10:15:03,10251.25,0
2021-05-20 10:15:04,10250.6,0
2021-05-20 10:15:05,10250.05,0
2021-05-20 10:15:08,10250.75,0
2021-05-20 10:15:09,10251.6,0
2021-05-20 10:15:10,10250.45,0
2021-05-20 10:15:12,10251.5,0
2021-05-20 10:15:14,10250.65,0
2021-05-20 10:15:15,10250.7,0
2021-05-20 10:15:16,10251.0,0
2021-05-20 10:15:17,10250.95,0
2021-05-20 10:15:18,10250.85,0
2021-05-20 10:15:19,10250.95,0
2021-05-20 10:15:21,10251.25,0
2021-05-20 10:15:23,10250.5,0
2021-05-20 10:15:26,10250.15,0
2021-05-20 10:15:28,10249.55,0
2021-05-20 10:15:29,10250.55,0
2021-05-20 10:15:30,10251.0,0
2021-05-20 10:15:31,10250.75,0
2021-05-20 10:15:32,10250.8,0
2021-05-20 10:15:33,10251.0,0
2021-05-20 10:15:34,10250.6,0
2021-05-20 10:15:35,10250.45,0
2021-05-20 10:15:38,10249.25,0
2021-05-20 10:15:39,10250.15,0
2021-05-20 10:15:42,10249.75,0
2021-05-20 10:15:43,10249.35,0
2021-05-20 10:15:44,10249.95,0
2021-05-20 10:15:46,10251.8,0
2021-05-20 10:15:47,10251.55,0
2021-05-20 10:15:49,10251.75,0
2021-05-20 10:15:51,10251.9,0
2021-05-20 10:15:54,10251.65,0
2021-05-20 10:15:56,10251.5,0
2021-05-20 10:15:59,10252.45,0
2021-05-20 10:16:00,10253.25,0
2021-05-20 10:16:01,10253.0,0
2021-05-20 10:16:06,10252.5,0
2021-05-20 10:16:08,10253.25,0
2021-05-20 10:16:09,10253.65,0
2021-05-20 10:16:10,10254.35,0
2021-05-20 10:16:11,10254.6,0
2021-05-20 10:16:12,10253.55,0
2021-05-20 10:16:14,10254.2,0
2021-05-20 10:16:15,10253.25,0
2021-05-20 10:16:16,10253.5,0
2021-05-20 10:16:19,10254.45,0
2021-05-20 10:16:20,10254.6,0
2021-05-20 10:16:21,10254.9,0
2021-05-20 10:16:23,10255.0,0
2021-05-20 10:16:25,10255.75,0
2021-05-20 10:16:26,10255.55,0
2021-05-20 10:16:28,10256.9,0
2021-05-20 10:16:30,10257.95,0
2021-05-20 10:16:31,10256.85,0
2021-05-20 10:16:34,10256.8,0
2021-05-20 10:16:35,10257.1,0
2021-05-20 10:16:36,10257.6,0
2021-05-20 10:16:38,10257.1,0
2021-05-20 10:16:41,10256.05,0
2021-05-20 10:16:44,10257.5,0
2021-05-20 10:16:47,10255.15,0
2021-05-20 10:16:48,10254.9,0
2021-05-20 10:16:49,10254.75,0
2021-05-20 10:16:51,10256.45,0
2021-05-20 10:16:53,10256.05,0
2021-05-20 10:16:54,10255.7,0
2021-05-20 10:16:55,10255.15,0
2021-05-20 10:16:56,10255.6,0
2021-05-20 10:16:57,10255.8,0
2021-05-20 10:16:58,10255.6,0
2021-05-20 10:17:06,10255.8,0
2021-05-20 10:17:08,10256.75,0
2021-05-20 10:17:09,10256.4,0
2021-05-20 10:17:10,10256.9,0
2021-05-20 10:17:14,10256.4,0
2021-05-20 10:17:15,10256.2,0
2021-05-20 10:17:16,10256.15,0
2021-05-20 10:17:17,10256.65,0
2021-05-20 10:17:18,10256.3,0
2021-05-20 10:17:19,10255.25,0
2021-05-20 10:17:20,10255.75,0
2021-05-20 10:17:21,10255.8,0
2021-05-20 10:17:22,10255.4,0
2021-05-20 10:17:23,10255.05,0
2021-05-20 10:17:26,10255.05,0
2021-05-20 10:17:28,10253.55,0
2021-05-20 10:17:30,10254.4,0
2021-05-20 10:17:32,10255.5,0
2021-05-20 10:17:33,10254.05,0
2021-05-20 10:17:37,10254.8,0
2021-05-20 10:17:38,10255.05,0
2021-05-20 10:17:40,10255.0,0
2021-05-20 10:17:43,10256.1,0
2021-05-20 10:17:44,10255.3,0
2021-05-20 10:17:46,10255.05,0
2021-05-20 10:17:48,10255.2,0
2021-05-20 10:17:49,10255.95,0
2021-05-20 10:17:50,10254.95,0
2021-05-20 10:17:51,10256.35,0
2021-05-20 10:17:52,10256.7,0
2021-05-20 10:17:59,10255.2,0
2021-05-20 10:18:00,10255.5,0
2021-05-20 10:18:01,10254.5,0
2021-05-20 10:18:02,10254.55,0
2021-05-20 10:18:03,10255.35,0
2021-05-20 10:18:04,10256.05,0
2021-05-20 10:18:08,10255.45,0
2021-05-20 10:18:09,10255.05,0
2021-05-20 10:18:12,10255.15,0
2021-05-20 10:18:14,10255.8,0
2021-05-20 10:18:20,10258.55,0
2021-05-20 10:18:22,10259.25,0
2021-05-20 10:18:23,10259.5,0
2021-05-20 10:18:24,10259.7,0
2021-05-20 10:18:27,10261.45,0
2021-05-20 10:18:29,10262.2,0
2021-05-20 10:18:30,10263.4,0
2021-05-20 10:18:31,10262.7,0
2021-05-20 10:18:32,10263.0,0
2021-05-20 10:18:35,10263.7,0
2021-05-20 10:18:36,10266.7,0
2021-05-20 10:18:37,10267.05,0
2021-05-20 10:18:38,10266.5,0
2021-05-20 10:18:40,10266.55,0
2021-05-20 10:18:41,10266.2,0
2021-05-20 10:18:43,10265.4,0
2021-05-20 10:18:46,10265.9,0
2021-05-20 10:18:48,10265.4,0
2021-05-20 10:18:50,10264.7,0
2021-05-20 10:18:54,10267.5,0
2021-05-20 10:18:55,10266.75,0
2021-05-20 10:18:57,10266.85,0
2021-05-20 10:18:58,10266.2,0
2021-05-20 10:19:01,10267.1,0
2021-05-20 10:19:02,10268.1,0
2021-05-20 10:19:03,10266.7,0
2021-05-20 10:19:04,10266.5,0
2021-05-20 10:19:05,10266.2,0
2021-05-20 10:19:06,10266.4,0
2021-05-20 10:19:08,10267.1,0
2021-05-20 10:19:09,10266.75,0
2021-05-20 10:19:10,10266.95,0
2021-05-20 10:19:11,10266.9,0
2021-05-20 10:19:12,10267.4,0
2021-05-20 10:19:15,10267.8,0
2021-05-20 10:19:16,10267.35,0
2021-05-20 10:19:17,10267.75,0
2021-05-20 10:19:18,10267.3,0
2021-05-20 10:19:21,10269.05,0
2021-05-20 10:19:23,10269.55,0
2021-05-20 10:19:24,10269.65,0
2021-05-20 10:19:25,10269.5,0
2021-05-20 10:19:26,10269.7,0
2021-05-20 10:19:27,10269.65,0
2021-05-20 10:19:28,10269.2,0
2021-05-20 10:19:29,10270.05,0
2021-05-20 10:19:30,10269.35,0
2021-05-20 10:19:31,10269.55,0
2021-05-20 10:19:32,10270.2,0
2021-05-20 10:19:34,10268.8,0
2021-05-20 10:19:36,10270.35,0
2021-05-20 10:19:37,10269.55,0
2021-05-20 10:19:38,10270.05,0
2021-05-20 10:19:39,10269.9,0
2021-05-20 10:19:40,10268.9,0
2021-05-20 10:19:41,10268.9,0
2021-05-20 10:19:43,10268.55,0
2021-05-20 10:19:44,10269.6,0
2021-05-20 10:19:45,10269.1,0
2021-05-20 10:19:47,10268.8,0
2021-05-20 10:19:49,10269.75,0
2021-05-20 10:19:50,10270.15,0
2021-05-20 10:19:52,10269.9,0
2021-05-20 10:19:53,10268.95,0
2021-05-20 10:19:55,10269.7,0
2021-05-20 10:19:58,10270.95,0
2021-05-20 10:19:59,10270.55,0
2021-05-20 10:20:04,10270.5,0
2021-05-20 10:20:09,10269.95,0
2021-05-20 10:20:10,10268.6,0
2021-05-20 10:20:13,10269.45,0
2021-05-20 10:20:15,10270.1,0
2021-05-20 10:20:16,10269.05,0
2021-05-20 10:20:18,10268.8,0
2021-05-20 10:20:21,10270.5,0
2021-05-20 10:20:24,10268.55,0
2021-05-20 10:20:26,10269.25,0
2021-05-20 10:20:28,10267.9,0
2021-05-20 10:20:29,10268.2,0
2021-05-20 10:20:31,10267.95,0
2021-05-20 10:20:32,10268.85,0
2021-05-20 10:20:33,10268.2,0
2021-05-20 10:20:40,10268.3,0
2021-05-20 10:20:44,10267.4,0
2021-05-20 10:20:48,10266.45,0
2021-05-20 10:20:49,10265.7,0
2021-05-20 10:20:50,10266.05,0
2021-05-20 10:20:51,10266.75,0
2021-05-20 10:20:55,10265.35,0
2021-05-20 10:21:00,10265.15,0
2021-05-20 10:21:02,10266.3,0
2021-05-20 10:21:03,10266.4,0
2021-05-20 10:21:04,10265.6,0
2021-05-20 10:21:06,10266.55,0
2021-05-20 10:21:07,10265.8,0
2021-05-20 10:21:08,10266.2,0
2021-05-20 10:21:09,10266.2,0
2021-05-20 10:21:10,10267.4,0
2021-05-20 10:21:12,10264.95,0
2021-05-20 10:21:15,10267.5,0
2021-05-20 10:21:18,10267.3,0
2021-05-20 10:21:19,10267.7,0
2021-05-20 10:21:21,10267.95,0
2021-05-20 10:21:22,10268.05,0
2021-05-20 10:21:23,10267.1,0
2021-05-20 10:21:24,10266.85,0
2021-05-20 10:21:27,10266.3,0
2021-05-20 10:21:28,10266.55,0
2021-05-20 10:21:29,10267.6,0
2021-05-20 10:21:32,10266.85,0
2021-05-20 10:21:34,10267.65,0
2021-05-20 10:21:35,10267.85,0
2021-05-20 10:21:38,10268.0,0
2021-05-20 10:21:41,10268.65,0
2021-05-20 10:21:43,10269.4,0
2021-05-20 10:21:44,10268.65,0
2021-05-20 10:21:45,10268.95,0
2021-05-20 10:21:46,10268.85,0
2021-05-20 10:21:47,10269.6,0
2021-05-20 10:21:51,10270.75,0
2021-05-20 10:21:52,10271.25,0
2021-05-20 10:21:53,10271.7,0
2021-05-20 10:21:54,10270.25,0
2021-05-20 10:21:57,10270.8,0
2021-05-20 10:21:59,10271.5,0
2021-05-20 10:22:00,10271.45,0
2021-05-20 10:22:01,10271.75,0
2021-05-20 10:22:02,10271.3,0
2021-05-20 10:22:04,10271.3,0
2021-05-20 10:22:05,10271.15,0
2021-05-20 10:22:07,10270.5,0
2021-05-20 10:22:08,10270.5,0
2021-05-20 10:22:09,10271.9,0
2021-05-20 10:22:10,10272.2,0
2021-05-20 10:22:11,10272.0,0
2021-05-20 10:22:12,10272.95,0
2021-05-20 10:22:14,10271.9,0
2021-05-20 10:22:18,10270.8,0
2021-05-20 10:22:19,10270.7,0
2021-05-20 10:22:20,10270.85,0
2021-05-20 10:22:21,10272.25,0
2021-05-20 10:22:24,10271.6,0
2021-05-20 10:22:27,10271.7,0
2021-05-20 10:22:29,10271.75,0
2021-05-20 10:22:35,10269.6,0
2021-05-20 10:22:36,10270.3,0
2021-05-20 10:22:37,10269.15,0
2021-05-20 10:22:38,10269.8,0
2021-05-20 10:22:39,10269.75,0
2021-05-20 10:22:41,10268.85,0
2021-05-20 10:22:42,10269.6,0
2021-05-20 10:22:43,10269.35,0
2021-05-20 10:22:44,10269.25,0
2021-05-20 10:22:45,10269.3,0
2021-05-20 10:22:48,10268.3,0
2021-05-20 10:22:49,10267.35,0
2021-05-20 10:22:50,10268.35,0
2021-05-20 10:22:51,10267.25,0
2021-05-20 10:22:54,10268.05,0
2021-05-20 10:22:55,10266.5,0
2021-05-20 10:22:57,10266.8,0
2021-05-20 10:22:58,10267.15,0
2021-05-20 10:22:59,10267.3,0
2021-05-20 10:23:00,10267.4,0
2021-05-20 10:23:01,10267.4,0
2021-05-20 10:23:02,10267.9,0
2021-05-20 10:23:03,10267.55,0
2021-05-20 10:23:06,10268.75,0
2021-05-20 10:23:08,10267.85,0
2021-05-20 10:23:09,10269.35,0
2021-05-20 10:23:11,10269.0,0
2021-05-20 10:23:12,10269.65,0
2021-05-20 10:23:15,10269.6,0
2021-05-20 10:23:17,10269.4,0
2021-05-20 10:23:18,10269.15,0
2021-05-20 10:23:23,10268.5,0
2021-05-20 10:23:24,10269.35,0
2021-05-20 10:23:27,10269.85,0
2021-05-20 10:23:28,10268.9,0
2021-05-20 10:23:29,10268.55,0
2021-05-20 10:23:30,10269.95,0
2021-05-20 10:23:31,10268.6,0
2021-05-20 10:23:32,10269.5,0
2021-05-20 10:23:34,10268.6,0
2021-05-20 10:23:35,10269.25,0
2021-05-20 10:23:36,10269.65,0
2021-05-20 10:23:37,10269.55,0
2021-05-20 10:23:38,10267.75,0
2021-05-20 10:23:41,10269.3,0
2021-05-20 10:23:42,10268.6,0
2021-05-20 10:23:43,10268.7,0
2021-05-20 10:23:44,10268.95,0
2021-05-20 10:23:45,10269.05,0
2021-05-20 10:23:47,10269.0,0
2021-05-20 10:23:51,10267.65,0
2021-05-20 10:23:53,10266.75,0
2021-05-20 10:23:54,10266.2,0
2021-05-20 10:23:55,10266.9,0
2021-05-20 10:23:56,10265.45,0
2021-05-20 10:23:59,10265.95,0
2021-05-20 10:24:00,10265.7,0
2021-05-20 10:24:02,10262.3,0
2021-05-20 10:24:05,10261.15,0
2021-05-20 10:24:08,10262.0,0
2021-05-20 10:24:11,10260.45,0
2021-05-20 10:24:14,10261.0,0
2021-05-20 10:24:18,10261.75,0
2021-05-20 10:24:20,10259.9,0
2021-05-20 10:24:21,10261.0,0
2021-05-20 10:24:24,10259.65,0
2021-05-20 10:24:26,10260.95,0
2021-05-20 10:24:27,10260.65,0
2021-05-20 10:24:28,10261.05,0
2021-05-20 10:24:29,10259.8,0
2021-05-20 10:24:30,10260.35,0
2021-05-20 10:24:34,10259.0,0
2021-05-20 10:24:35,10260.25,0
2021-05-20 10:24:37,10260.95,0
2021-05-20 10:24:38,10262.1,0
2021-05-20 10:24:39,10260.25,0
2021-05-20 10:24:43,10261.25,0
2021-05-20 10:24:44,10261.05,0
2021-05-20 10:24:47,10261.45,0
2021-05-20 10:24:51,10261.05,0
2021-05-20 10:24:52,10261.4,0
2021-05-20 10:24:56,10258.6,0
2021-05-20 10:24:57,10259.8,0
2021-05-20 10:24:58,10259.95,0
2021-05-20 10:25:00,10258.9,0
2021-05-20 10:25:02,10258.95,0
2021-05-20 10:25:03,10258.4,0
2021-05-20 10:25:05,10258.05,0
2021-05-20 10:25:07,10259.6,0
2021-05-20 10:25:11,10260.75,0
2021-05-20 10:25:14,10259.1,0
2021-05-20 10:25:15,10259.3,0
2021-05-20 10:25:16,10259.05,0
2021-05-20 10:25:17,10259.15,0
2021-05-20 10:25:19,10258.6,0
2021-05-20 10:25:23,10257.8,0
2021-05-20 10:25:28,10258.5,0
2021-05-20 10:25:30,10258.55,0
2021-05-20 10:25:31,10258.35,0
2021-05-20 10:25:32,10259.25,0
2021-05-20 10:25:33,10258.95,0
2021-05-20 10:25:34,10260.1,0
2021-05-20 10:25:36,10259.75,0
2021-05-20 10:25:41,10261.65,0
2021-05-20 10:25:42,10261.8,0
2021-05-20 10:25:46,10260.85,0
2021-05-20 10:25:49,10260.35,0
2021-05-20 10:25:50,10259.8,0
2021-05-20 10:25:53,10261.25,0
2021-05-20 10:25:54,10259.85,0
2021-05-20 10:26:01,10260.6,0
2021-05-20 10:26:03,10259.1,0
2021-05-20 10:26:04,10259.7,0
2021-05-20 10:26:06,10258.65,0
2021-05-20 10:26:07,10259.15,0
2021-05-20 10:26:08,10258.2,0
2021-05-20 10:26:09,10257.95,0
2021-05-20 10:26:10,10257.1,0
2021-05-20 10:26:11,10257.5,0
2021-05-20 10:26:12,10257.4,0
2021-05-20 10:26:14,10256.9,0
2021-05-20 10:26:16,10256.7,0
2021-05-20 10:26:17,10257.9,0
2021-05-20 10:26:18,10257.05,0
2021-05-20 10:26:19,10257.7,0
2021-05-20 10:26:20,10257.5,0
2021-05-20 10:26:27,10257.15,0
2021-05-20 10:26:28,10256.85,0
2021-05-20 10:26:29,10257.5,0
2021-05-20 10:26:30,10256.65,0
2021-05-20 10:26:31,10257.8,0
2021-05-20 10:26:32,10256.9,0
2021-05-20 10:26:33,10257.3,0
2021-05-20 10:26:34,10258.15,0
2021-05-20 10:26:35,10258.65,0
2021-05-20 10:26:36,10257.8,0
2021-05-20 10:26:40,10257.4,0
2021-05-20 10:26:41,10258.35,0
2021-05-20 10:26:43,10257.95,0
2021-05-20 10:26:44,10257.7,0
2021-05-20 10:26:46,10257.75,0
2021-05-20 10:26:48,10257.5,0
2021-05-20 10:26:49,10257.8,0
2021-05-20 10:26:50,10256.15,0
2021-05-20 10:26:51,10256.85,0
2021-05-20 10:26:52,10256.3,0
2021-05-20 10:26:53,10256.8,0
2021-05-20 10:26:54,10256.6,0
2021-05-20 10:26:56,10257.05,0
2021-05-20 10:26:58,10256.0,0
2021-05-20 10:27:00,10256.7,0
2021-05-20 10:27:01,10256.7,0
2021-05-20 10:27:02,10256.65,0
2021-05-20 10:27:04,10257.15,0
2021-05-20 10:27:05,10257.75,0
2021-05-20 10:27:06,10256.5,0
2021-05-20 10:27:07,10256.6,0
2021-05-20 10:27:11,10256.4,0
2021-05-20 10:27:12,10256.55,0
2021-05-20 10:27:13,10256.45,0
2021-05-20 10:27:15,10256.45,0
2021-05-20 10:27:18,10255.1,0
2021-05-20 10:27:19,10255.1,0
2021-05-20 10:27:22,10255.0,0
2021-05-20 10:27:23,10255.55,0
2021-05-20 10:27:26,10254.1,0
2021-05-20 10:27:28,10254.45,0
2021-05-20 10:27:29,10254.0,0
2021-05-20 10:27:31,10254.3,0
2021-05-20 10:27:33,10253.95,0
2021-05-20 10:27:34,10252.35,0
2021-05-20 10:27:36,10252.25,0
2021-05-20 10:27:37,10253.55,0
2021-05-20 10:27:38,10252.9,0
2021-05-20 10:27:39,10251.0,0
2021-05-20 10:27:41,10252.2,0
2021-05-20 10:27:42,10252.55,0
2021-05-20 10:27:44,10253.8,0
2021-05-20 10:27:45,10252.4,0
2021-05-20 10:27:49,10252.45,0
2021-05-20 10:27:50,10252.15,0
2021-05-20 10:27:52,10251.95,0
2021-05-20 10:27:53,10251.6,0
2021-05-20 10:27:54,10251.8,0
2021-05-20 10:27:55,10252.4,0
2021-05-20 10:27:56,10251.25,0
2021-05-20 10:27:57,10251.3,0
2021-05-20 10:28:00,10251.45,0
2021-05-20 10:28:01,10251.3,0
2021-05-20 10:28:02,10251.95,0
2021-05-20 10:28:03,10251.7,0
2021-05-20 10:28:05,10252.1,0
2021-05-20 10:28:06,10251.05,0
2021-05-20 10:28:07,10251.75,0
2021-05-20 10:28:08,10252.2,0
2021-05-20 10:28:12,10251.85,0
2021-05-20 10:28:13,10252.7,0
2021-05-20 10:28:14,10252.4,0
2021-05-20 10:28:15,10253.4,0
2021-05-20 10:28:17,10252.75,0
2021-05-20 10:28:18,10253.75,0
2021-05-20 10:28:20,10252.6,0
2021-05-20 10:28:21,10253.85,0
2021-05-20 10:28:22,10252.5,0
2021-05-20 10:28:25,10253.1,0
2021-05-20 10:28:28,10253.65,0
2021-05-20 10:28:29,10253.2,0
2021-05-20 10:28:30,10253.6,0
2021-05-20 10:28:32,10253.5,0
2021-05-20 10:28:38,10253.75,0
2021-05-20 10:28:41,10252.85,0
2021-05-20 10:28:42,10252.95,0
2021-05-20 10:28:43,10252.8,0
2021-05-20 10:28:47,10251.8,0
2021-05-20 10:28:48,10252.0,0
2021-05-20 10:28:49,10251.4,0
2021-05-20 10:28:50,10252.5,0
2021-05-20 10:28:53,10250.95,0
2021-05-20 10:28:57,10250.35,0
2021-05-20 10:28:58,10250.65,0
2021-05-20 10:28:59,10249.75,0
2021-05-20 10:29:01,10250.35,0
2021-05-20 10:29:02,10250.0,0
2021-05-20 10:29:03,10250.4,0
2021-05-20 10:29:04,10249.8,0
2021-05-20 10:29:07,10250.05,0
2021-05-20 10:29:08,10249.9,0
2021-05-20 10:29:11,10249.85,0
2021-05-20 10:29:12,10249.5,0
2021-05-20 10:29:13,10248.65,0
2021-05-20 10:29:14,10248.8,0
2021-05-20 10:29:15,10248.05,0
2021-05-20 10:29:16,10248.55,0
2021-05-20 10:29:18,10248.45,0
2021-05-20 10:29:20,10248.55,0
2021-05-20 10:29:22,10248.65,0
2021-05-20 10:29:24,10248.2,0
2021-05-20 10:29:25,10249.7,0
2021-05-20 10:29:26,10248.8,0
2021-05-20 10:29:27,10248.8,0
2021-05-20 10:29:29,10249.3,0
2021-05-20 10:29:33,10249.45,0
2021-05-20 10:29:36,10249.7,0
2021-05-20 10:29:37,10250.3,0
2021-05-20 10:29:39,10249.05,0
2021-05-20 10:29:40,10249.6,0
2021-05-20 10:29:41,10249.1,0
2021-05-20 10:29:43,10249.95,0
2021-05-20 10:29:44,10249.8,0
2021-05-20 10:29:45,10249.95,0
2021-05-20 10:29:46,10249.15,0
2021-05-20 10:29:47,10249.3,0
2021-05-20 10:29:48,10249.2,0
2021-05-20 10:29:52,10248.3,0
2021-05-20 10:29:53,10249.1,0
2021-05-20 10:29:54,10248.7,0
2021-05-20 10:29:55,10248.45,0
2021-05-20 10:29:56,10249.05,0
2021-05-20 10:29:57,10248.9,0
2021-05-20 10:29:58,10247.6,0
2021-05-20 10:29:59,10247.8,0
2021-05-20 10:30:01,10248.5,0
2021-05-20 10:30:02,10247.8,0
2021-05-20 10:30:03,10248.1,0
2021-05-20 10:30:08,10248.15,0
2021-05-20 10:30:09,10249.05,0
2021-05-20 10:30:12,10245.85,0
2021-05-20 10:30:13,10245.95,0
2021-05-20 10:30:16,10246.45,0
2021-05-20 10:30:17,10246.0,0
2021-05-20 10:30:18,10246.0,0
2021-05-20 10:30:19,10245.85,0
2021-05-20 10:30:21,10247.0,0
2021-05-20 10:30:22,10247.6,0
2021-05-20 10:30:23,10246.95,0
2021-05-20 10:30:24,10247.1,0
2021-05-20 10:30:25,10246.25,0
2021-05-20 10:30:26,10247.2,0
2021-05-20 10:30:27,10247.35,0
2021-05-20 10:30:29,10246.7,0
2021-05-20 10:30:30,10247.9,0
2021-05-20 10:30:31,10248.7,0
2021-05-20 10:30:32,10248.6,0
2021-05-20 10:30:33,10248.4,0
2021-05-20 10:30:34,10247.85,0
2021-05-20 10:30:36,10248.5,0
2021-05-20 10:30:37,10249.1,0
2021-05-20 10:30:38,10248.95,0
2021-05-20 10:30:43,10248.85,0
2021-05-20 10:30:45,10249.85,0
2021-05-20 10:30:48,10248.3,0
2021-05-20 10:30:51,10249.5,0
2021-05-20 10:30:53,10249.9,0
2021-05-20 10:30:58,10250.1,0
2021-05-20 10:31:04,10251.1,0
2021-05-20 10:31:05,10251.45,0
2021-05-20 10:31:06,10251.15,0
2021-05-20 10:31:10,10251.3,0
2021-05-20 10:31:11,10250.75,0
2021-05-20 10:31:12,10250.4,0
2021-05-20 10:31:13,10249.65,0
2021-05-20 10:31:15,10250.5,0
2021-05-20 10:31:17,10250.1,0
2021-05-20 10:31:19,10249.3,0
2021-05-20 10:31:21,10251.55,0
2021-05-20 10:31:23,10251.15,0
2021-05-20 10:31:25,10250.75,0
2021-05-20 10:31:29,10249.5,0
2021-05-20 10:31:31,10250.4,0
2021-05-20 10:31:32,10249.4,0
2021-05-20 10:31:33,10249.55,0
2021-05-20 10:31:36,10250.0,0
2021-05-20 10:31:37,10249.55,0
2021-05-20 10:31:38,10249.95,0
2021-05-20 10:31:40,10249.9,0
2021-05-20 10:31:41,10249.75,0
2021-05-20 10:31:43,10249.7,0
2021-05-20 10:31:44,10250.0,0
2021-05-20 10:31:46,10248.85,0
2021-05-20 10:31:47,10250.15,0
2021-05-20 10:31:49,10250.6,0
2021-05-20 10:31:53,10250.1,0
2021-05-20 10:31:56,10249.35,0
2021-05-20 10:31:57,10250.65,0
2021-05-20 10:31:59,10249.9,0
2021-05-20 10:32:00,10249.65,0
2021-05-20 10:32:01,10249.85,0
2021-05-20 10:32:02,10249.9,0
2021-05-20 10:32:03,10249.8,0
2021-05-20 10:32:04,10250.4,0
2021-05-20 10:32:05,10249.65,0
2021-05-20 10:32:06,10251.15,0
2021-05-20 10:32:07,10250.5,0
2021-05-20 10:32:09,10249.95,0
2021-05-20 10:32:15,10249.9,0
2021-05-20 10:32:19,10250.15,0
2021-05-20 10:32:20,10249.6,0
2021-05-20 10:32:21,10249.45,0
2021-05-20 10:32:22,10249.6,0
2021-05-20 10:32:24,10249.25,0
2021-05-20 10:32:25,10249.5,0
2021-05-20 10:32:26,10249.5,0
2021-05-20 10:32:28,10249.05,0
2021-05-20 10:32:29,10250.35,0
2021-05-20 10:32:31,10249.15,0
2021-05-20 10:32:33,10250.15,0
2021-05-20 10:32:34,10250.6,0
2021-05-20 10:32:37,10248.95,0
2021-05-20 10:32:38,10249.6,0
2021-05-20 10:32:39,10250.25,0
2021-05-20 10:32:41,10250.1,0
2021-05-20 10:32:44,10249.4,0
2021-05-20 10:32:45,10248.9,0
2021-05-20 10:32:47,10248.8,0
2021-05-20 10:32:48,10248.8,0
2021-05-20 10:32:51,10248.95,0
2021-05-20 10:32:52,10248.6,0
2021-05-20 10:32:55,10249.45,0
2021-05-20 10:32:57,10249.0,0
2021-05-20 10:32:58,10248.4,0
2021-05-20 10:33:00,10248.35,0
2021-05-20 10:33:02,10248.6,0
2021-05-20 10:33:03,10248.1,0
2021-05-20 10:33:05,10247.85,0
2021-05-20 10:33:08,10246.25,0
2021-05-20 10:33:10,10246.85,0
2021-05-20 10:33:11,10247.4,0
2021-05-20 10:33:12,10247.9,0
2021-05-20 10:33:13,10247.2,0
2021-05-20 10:33:14,10247.6,0
2021-05-20 10:33:15,10247.75,0
2021-05-20 10:33:16,10246.8,0
2021-05-20 10:33:18,10248.15,0
2021-05-20 10:33:20,10247.95,0
2021-05-20 10:33:21,10248.65,0
2021-05-20 10:33:22,10249.0,0
2021-05-20 10:33:23,10249.15,0
2021-05-20 10:33:24,10248.0,0
2021-05-20 10:33:26,10248.3,0
2021-05-20 10:33:27,10248.9,0
2021-05-20 10:33:28,10248.1,0
2021-05-20 10:33:29,10247.65,0
2021-05-20 10:33:31,10247.7,0
2021-05-20 10:33:32,10248.0,0
2021-05-20 10:33:34,10246.8,0
2021-05-20 10:33:35,10247.95,0
2021-05-20 10:33:36,10248.7,0
2021-05-20 10:33:37,10249.05,0
2021-05-20 10:33:40,10248.7,0
2021-05-20 10:33:41,10248.25,0
2021-05-20 10:33:42,10247.75,0
2021-05-20 10:33:43,10248.3,0
2021-05-20 10:33:44,10248.2,0
2021-05-20 10:33:45,10248.6,0
2021-05-20 10:33:46,10248.2,0
2021-05-20 10:33:48,10247.65,0
2021-05-20 10:33:50,10247.6,0
2021-05-20 10:33:51,10247.3,0
2021-05-20 10:33:53,10247.1,0
2021-05-20 10:33:54,10248.0,0
2021-05-20 10:33:55,10246.75,0
2021-05-20 10:33:59,10246.8,0
2021-05-20 10:34:00,10247.5,0
2021-05-20 10:34:01,10247.3,0
2021-05-20 10:34:02,10247.35,0
2021-05-20 10:34:03,10246.25,0
2021-05-20 10:34:04,10247.1,0
2021-05-20 10:34:07,10247.35,0
2021-05-20 10:34:08,10246.85,0
2021-05-20 10:34:09,10247.15,0
2021-05-20 10:34:10,10247.15,0
2021-05-20 10:34:11,10246.9,0
2021-05-20 10:34:12,10247.45,0
2021-05-20 10:34:13,10246.75,0
2021-05-20 10:34:14,10246.75,0
2021-05-20 10:34:15,10247.3,0
2021-05-20 10:34:17,10246.7,0
2021-05-20 10:34:21,10244.7,0
2021-05-20 10:34:25,10246.2,0
2021-05-20 10:34:26,10245.25,0
2021-05-20 10:34:27,10245.6,0
2021-05-20 10:34:28,10245.95,0
2021-05-20 10:34:29,10246.2,0
2021-05-20 10:34:30,10245.45,0
2021-05-20 10:34:31,10246.15,0
2021-05-20 10:34:32,10244.8,0
2021-05-20 10:34:34,10245.25,0
2021-05-20 10:34:35,10245.4,0
2021-05-20 10:34:36,10245.0,0
2021-05-20 10:34:39,10245.0,0
2021-05-20 10:34:40,10244.75,0
2021-05-20 10:34:41,10245.25,0
2021-05-20 10:34:43,10245.85,0
2021-05-20 10:34:44,10244.45,0
2021-05-20 10:34:45,10244.65,0
2021-05-20 10:34:46,10244.75,0
2021-05-20 10:34:47,10244.3,0
2021-05-20 10:34:48,10243.55,0
2021-05-20 10:34:49,10243.2,0
2021-05-20 10:34:50,10245.35,0
2021-05-20 10:34:51,10243.6,0
2021-05-20 10:34:52,10243.65,0
2021-05-20 10:34:56,10241.45,0
2021-05-20 10:34:57,10242.0,0
2021-05-20 10:34:58,10242.55,0
2021-05-20 10:34:59,10241.5,0
2021-05-20 10:35:01,10242.55,0
2021-05-20 10:35:02,10242.4,0
2021-05-20 10:35:04,10242.55,0
2021-05-20 10:35:05,10241.35,0
2021-05-20 10:35:06,10241.7,0
2021-05-20 10:35:07,10241.5,0
2021-05-20 10:35:09,10240.25,0
2021-05-20 10:35:10,10240.1,0
2021-05-20 10:35:11,10240.45,0
2021-05-20 10:35:12,10239.95,0
2021-05-20 10:35:13,10239.9,0
2021-05-20 10:35:14,10239.45,0
2021-05-20 10:35:15,10239.25,0
2021-05-20 10:35:17,10239.35,0
2021-05-20 10:35:18,10239.6,0
2021-05-20 10:35:19,10239.25,0
2021-05-20 10:35:20,10239.35,0
2021-05-20 10:35:22,10239.15,0
2021-05-20 10:35:24,10239.2,0
2021-05-20 10:35:25,10239.25,0
2021-05-20 10:35:26,10239.5,0
2021-05-20 10:35:27,10239.65,0
2021-05-20 10:35:28,10239.7,0
2021-05-20 10:35:30,10239.9,0
2021-05-20 10:35:32,10240.0,0
2021-05-20 10:35:33,10240.85,0
2021-05-20 10:35:34,10239.85,0
2021-05-20 10:35:35,10240.3,0
2021-05-20 10:35:36,10239.9,0
2021-05-20 10:35:37,10240.85,0
2021-05-20 10:35:38,10240.1,0
2021-05-20 10:35:40,10240.65,0
2021-05-20 10:35:41,10240.8,0
2021-05-20 10:35:43,10240.0,0
2021-05-20 10:35:44,10239.8,0
2021-05-20 10:35:45,10241.55,0
2021-05-20 10:35:46,10241.55,0
2021-05-20 10:35:47,10242.95,0
2021-05-20 10:35:48,10241.6,0
2021-05-20 10:35:49,10241.85,0
2021-05-20 10:35:50,10242.2,0
2021-05-20 10:35:51,10241.95,0
2021-05-20 10:35:54,10240.85,0
2021-05-20 10:35:55,10241.05,0
2021-05-20 10:35:57,10241.1,0
2021-05-20 10:35:59,10242.65,0
2021-05-20 10:36:00,10242.0,0
2021-05-20 10:36:01,10242.15,0
2021-05-20 10:36:02,10242.3,0
2021-05-20 10:36:04,10241.4,0
2021-05-20 10:36:10,10241.95,0
2021-05-20 10:36:12,10241.2,0
2021-05-20 10:36:14,10241.7,0
2021-05-20 10:36:16,10241.35,0
2021-05-20 10:36:17,10241.65,0
2021-05-20 10:36:19,10241.25,0
2021-05-20 10:36:20,10241.55,0
2021-05-20 10:36:21,10241.55,0
2021-05-20 10:36:24,10241.75,0
2021-05-20 10:36:26,10242.15,0
2021-05-20 10:36:30,10242.25,0
2021-05-20 10:36:32,10243.0,0
2021-05-20 10:36:33,10242.8,0
2021-05-20 10:36:34,10242.35,0
2021-05-20 10:36:36,10242.1,0
2021-05-20 10:36:38,10241.65,0
2021-05-20 10:36:43,10242.3,0
2021-05-20 10:36:44,10243.35,0
2021-05-20 10:36:45,10242.75,0
2021-05-20 10:36:48,10243.1,0
2021-05-20 10:36:49,10242.85,0
2021-05-20 10:36:52,10243.05,0
2021-05-20 10:36:56,10243.2,0
2021-05-20 10:36:57,10244.05,0
2021-05-20 10:37:02,10245.3,0
2021-05-20 10:37:03,10244.65,0
2021-05-20 10:37:04,10243.9,0
2021-05-20 10:37:06,10243.5,0
2021-05-20 10:37:07,10244.05,0
2021-05-20 10:37:08,10243.7,0
2021-05-20 10:37:09,10243.45,0
2021-05-20 10:37:10,10243.75,0
2021-05-20 10:37:14,10242.45,0
2021-05-20 10:37:15,10242.65,0
2021-05-20 10:37:16,10242.75,0
2021-05-20 10:37:18,10244.25,0
2021-05-20 10:37:19,10244.8,0
2021-05-20 10:37:21,10245.05,0
2021-05-20 10:37:22,10245.6,0
2021-05-20 10:37:25,10244.4,0
2021-05-20 10:37:28,10244.35,0
2021-05-20 10:37:30,10245.15,0
2021-05-20 10:37:31,10245.6,0
2021-05-20 10:37:32,10245.8,0
2021-05-20 10:37:33,10245.7,0
2021-05-20 10:37:34,10245.25,0
2021-05-20 10:37:36,10245.35,0
2021-05-20 10:37:37,10245.3,0
2021-05-20 10:37:38,10244.95,0
2021-05-20 10:37:40,10244.4,0
2021-05-20 10:37:42,10244.35,0
2021-05-20 10:37:43,10244.85,0
2021-05-20 10:37:45,10245.4,0
2021-05-20 10:37:48,10245.7,0
2021-05-20 10:37:49,10246.05,0
2021-05-20 10:37:50,10246.1,0
2021-05-20 10:37:51,10246.0,0
2021-05-20 10:37:52,10245.75,0
2021-05-20 10:37:53,10245.5,0
2021-05-20 10:37:55,10245.4,0
2021-05-20 10:37:59,10245.15,0
2021-05-20 10:38:00,10246.1,0
2021-05-20 10:38:01,10245.1,0
2021-05-20 10:38:03,10245.5,0
2021-05-20 10:38:06,10243.65,0
2021-05-20 10:38:07,10243.8,0
2021-05-20 10:38:08,10243.2,0
2021-05-20 10:38:09,10243.1,0
2021-05-20 10:38:10,10242.85,0
2021-05-20 10:38:11,10243.05,0
2021-05-20 10:38:13,10244.15,0
2021-05-20 10:38:14,10243.1,0
2021-05-20 10:38:15,10243.55,0
2021-05-20 10:38:16,10243.6,0
2021-05-20 10:38:18,10243.9,0
2021-05-20 10:38:22,10243.6,0
2021-05-20 10:38:23,10243.6,0
2021-05-20 10:38:24,10243.85,0
2021-05-20 10:38:26,10243.85,0
2021-05-20 10:38:27,10243.95,0
2021-05-20 10:38:28,10243.6,0
2021-05-20 10:38:29,10244.45,0
2021-05-20 10:38:32,10243.65,0
2021-05-20 10:38:34,10244.75,0
2021-05-20 10:38:36,10244.4,0
2021-05-20 10:38:39,10244.85,0
2021-05-20 10:38:41,10244.75,0
2021-05-20 10:38:42,10244.3,0
2021-05-20 10:38:44,10245.1,0
2021-05-20 10:38:45,10244.1,0
2021-05-20 10:38:46,10244.5,0
2021-05-20 10:38:48,10244.85,0
2021-05-20 10:38:49,10244.75,0
2021-05-20 10:38:50,10245.85,0
2021-05-20 10:38:52,10246.3,0
2021-05-20 10:38:53,10246.5,0
2021-05-20 10:38:54,10246.25,0
2021-05-20 10:38:55,10246.05,0
2021-05-20 10:38:58,10246.95,0
2021-05-20 10:38:59,10246.4,0
2021-05-20 10:39:02,10246.7,0
2021-05-20 10:39:05,10246.8,0
2021-05-20 10:39:06,10246.3,0
2021-05-20 10:39:08,10246.55,0
2021-05-20 10:39:09,10247.45,0
2021-05-20 10:39:10,10247.9,0
2021-05-20 10:39:11,10247.55,0
2021-05-20 10:39:12,10247.7,0
2021-05-20 10:39:14,10247.2,0
2021-05-20 10:39:16,10247.8,0
2021-05-20 10:39:17,10247.8,0
2021-05-20 10:39:18,10247.45,0
2021-05-20 10:39:19,10247.3,0
2021-05-20 10:39:20,10248.35,0
2021-05-20 10:39:21,10246.45,0
2021-05-20 10:39:23,10245.9,0
2021-05-20 10:39:24,10245.8,0
2021-05-20 10:39:25,10245.9,0
2021-05-20 10:39:26,10246.45,0
2021-05-20 10:39:27,10247.1,0
2021-05-20 10:39:28,10246.1,0
2021-05-20 10:39:30,10246.35,0
2021-05-20 10:39:33,10247.75,0
2021-05-20 10:39:34,10248.35,0
2021-05-20 10:39:35,10248.3,0
2021-05-20 10:39:37,10248.65,0
2021-05-20 10:39:38,10247.45,0
2021-05-20 10:39:39,10247.35,0
2021-05-20 10:39:41,10248.1,0
2021-05-20 10:39:45,10247.7,0
2021-05-20 10:39:47,10248.6,0
2021-05-20 10:39:52,10248.05,0
2021-05-20 10:39:53,10247.2,0
2021-05-20 10:39:55,10248.55,0
2021-05-20 10:39:57,10248.4,0
2021-05-20 10:39:58,10248.3,0
2021-05-20 10:40:01,10248.15,0
2021-05-20 10:40:06,10246.15,0
2021-05-20 10:40:08,10247.9,0
2021-05-20 10:40:09,10247.3,0
2021-05-20 10:40:10,10245.95,0
2021-05-20 10:40:11,10245.8,0
2021-05-20 10:40:12,10245.85,0
2021-05-20 10:40:14,10244.25,0
2021-05-20 10:40:17,10243.2,0
2021-05-20 10:40:18,10243.05,0
2021-05-20 10:40:19,10241.6,0
2021-05-20 10:40:23,10241.7,0
2021-05-20 10:40:24,10242.4,0
2021-05-20 10:40:25,10240.65,0
2021-05-20 10:40:26,10240.2,0
2021-05-20 10:40:27,10239.8,0
2021-05-20 10:40:28,10239.55,0
2021-05-20 10:40:30,10241.15,0
2021-05-20 10:40:31,10240.45,0
2021-05-20 10:40:34,10242.5,0
2021-05-20 10:40:36,10244.3,0
2021-05-20 10:40:37,10244.7,0
2021-05-20 10:40:43,10243.7,0
2021-05-20 10:40:45,10243.25,0
2021-05-20 10:40:47,10240.15,0
2021-05-20 10:40:48,10241.15,0
2021-05-20 10:40:49,10241.6,0
2021-05-20 10:40:51,10240.9,0
2021-05-20 10:40:52,10240.05,0
2021-05-20 10:40:53,10241.55,0
2021-05-20 10:40:54,10240.45,0
2021-05-20 10:40:55,10240.5,0
2021-05-20 10:40:59,10243.55,0
2021-05-20 10:41:00,10242.8,0
2021-05-20 10:41:02,10242.95,0
2021-05-20 10:41:03,10243.45,0
2021-05-20 10:41:09,10243.65,0
2021-05-20 10:41:10,10243.3,0
2021-05-20 10:41:11,10243.5,0
2021-05-20 10:41:12,10243.75,0
2021-05-20 10:41:13,10244.15,0
2021-05-20 10:41:14,10244.35,0
2021-05-20 10:41:18,10244.55,0
2021-05-20 10:41:22,10245.2,0
2021-05-20 10:41:23,10243.75,0
2021-05-20 10:41:24,10244.45,0
2021-05-20 10:41:25,10244.4,0
2021-05-20 10:41:26,10244.95,0
2021-05-20 10:41:27,10244.8,0
2021-05-20 10:41:28,10245.1,0
2021-05-20 10:41:32,10244.45,0
2021-05-20 10:41:33,10244.0,0
2021-05-20 10:41:35,10243.8,0
2021-05-20 10:41:37,10244.0,0
2021-05-20 10:41:40,10244.65,0
2021-05-20 10:41:41,10244.0,0
2021-05-20 10:41:43,10244.35,0
2021-05-20 10:41:44,10244.1,0
2021-05-20 10:41:50,10245.5,0
2021-05-20 10:41:52,10244.05,0
2021-05-20 10:41:53,10244.8,0
2021-05-20 10:41:54,10244.0,0
2021-05-20 10:41:56,10244.15,0
2021-05-20 10:41:57,10243.55,0
2021-05-20 10:41:59,10245.15,0
2021-05-20 10:42:00,10245.15,0
2021-05-20 10:42:04,10244.85,0
2021-05-20 10:42:09,10243.9,0
2021-05-20 10:42:10,10245.2,0
2021-05-20 10:42:11,10245.6,0
2021-05-20 10:42:12,10245.6,0
2021-05-20 10:42:13,10245.2,0
2021-05-20 10:42:14,10244.1,0
2021-05-20 10:42:17,10245.1,0
2021-05-20 10:42:19,10245.05,0
2021-05-20 10:42:21,10246.3,0
2021-05-20 10:42:23,10245.65,0
2021-05-20 10:42:24,10245.6,0
2021-05-20 10:42:25,10244.5,0
2021-05-20 10:42:26,10245.45,0
2021-05-20 10:42:27,10244.45,0
2021-05-20 10:42:29,10245.05,0
2021-05-20 10:42:31,10245.85,0
2021-05-20 10:42:33,10245.3,0
2021-05-20 10:42:37,10247.4,0
2021-05-20 10:42:38,10247.45,0
2021-05-20 10:42:39,10246.15,0
2021-05-20 10:42:40,10246.6,0
2021-05-20 10:42:41,10246.45,0
2021-05-20 10:42:42,10247.5,0
2021-05-20 10:42:43,10246.85,0
2021-05-20 10:42:44,10246.85,0
2021-05-20 10:42:45,10247.85,0
2021-05-20 10:42:46,10247.5,0
2021-05-20 10:42:47,10246.0,0
2021-05-20 10:42:51,10247.5,0
2021-05-20 10:42:52,10247.2,0
2021-05-20 10:42:53,10246.75,0
2021-05-20 10:42:54,10247.65,0
2021-05-20 10:42:55,10247.85,0
2021-05-20 10:42:56,10247.85,0
2021-05-20 10:42:59,10247.35,0
2021-05-20 10:43:00,10247.3,0
2021-05-20 10:43:01,10247.4,0
2021-05-20 10:43:03,10247.65,0
2021-05-20 10:43:05,10248.4,0
2021-05-20 10:43:06,10247.45,0
2021-05-20 10:43:10,10247.95,0
2021-05-20 10:43:11,10248.0,0
2021-05-20 10:43:12,10248.95,0
2021-05-20 10:43:14,10248.45,0
2021-05-20 10:43:15,10249.15,0
2021-05-20 10:43:16,10248.55,0
2021-05-20 10:43:17,10248.95,0
2021-05-20 10:43:18,10247.75,0
2021-05-20 10:43:19,10248.2,0
2021-05-20 10:43:20,10248.55,0
2021-05-20 10:43:22,10248.25,0
2021-05-20 10:43:23,10248.4,0
2021-05-20 10:43:24,10248.75,0
2021-05-20 10:43:25,10247.95,0
2021-05-20 10:43:30,10247.1,0
2021-05-20 10:43:32,10247.2,0
2021-05-20 10:43:35,10247.05,0
2021-05-20 10:43:36,10247.05,0
2021-05-20 10:43:37,10248.1,0
2021-05-20 10:43:38,10248.8,0
2021-05-20 10:43:39,10248.85,0
2021-05-20 10:43:43,10248.7,0
2021-05-20 10:43:45,10248.25,0
2021-05-20 10:43:46,10248.15,0
2021-05-20 10:43:47,10248.95,0
2021-05-20 10:43:52,10248.65,0
2021-05-20 10:43:53,10248.15,0
2021-05-20 10:43:57,10247.3,0
2021-05-20 10:44:00,10248.6,0
2021-05-20 10:44:01,10249.25,0
2021-05-20 10:44:02,10249.65,0
2021-05-20 10:44:04,10248.95,0
2021-05-20 10:44:06,10249.3,0
2021-05-20 10:44:07,10249.8,0
2021-05-20 10:44:10,10249.95,0
2021-05-20 10:44:13,10250.3,0
2021-05-20 10:44:14,10250.6,0
2021-05-20 10:44:16,10251.35,0
2021-05-20 10:44:18,10251.0,0
2021-05-20 10:44:19,10250.95,0
2021-05-20 10:44:21,10249.65,0
2021-05-20 10:44:22,10249.9,0
2021-05-20 10:44:23,10249.7,0
2021-05-20 10:44:24,10248.95,0
2021-05-20 10:44:25,10249.9,0
2021-05-20 10:44:26,10249.8,0
2021-05-20 10:44:27,10249.35,0
2021-05-20 10:44:28,10250.0,0
2021-05-20 10:44:29,10249.4,0
2021-05-20 10:44:33,10250.2,0
2021-05-20 10:44:34,10249.25,0
2021-05-20 10:44:36,10249.2,0
2021-05-20 10:44:38,10249.55,0
2021-05-20 10:44:39,10249.55,0
2021-05-20 10:44:41,10249.75,0
2021-05-20 10:44:45,10249.7,0
2021-05-20 10:44:46,10249.4,0
2021-05-20 10:44:52,10249.5,0
2021-05-20 10:44:53,10248.7,0
2021-05-20 10:44:54,10248.85,0
2021-05-20 10:44:55,10248.8,0
2021-05-20 10:44:59,10248.8,0
2021-05-20 10:45:01,10248.85,0
2021-05-20 10:45:02,10249.25,0
2021-05-20 10:45:03,10249.05,0
2021-05-20 10:45:06,10248.9,0
2021-05-20 10:45:07,10249.7,0
2021-05-20 10:45:08,10249.65,0
2021-05-20 10:45:10,10249.1,0
2021-05-20 10:45:11,10250.35,0
2021-05-20 10:45:13,10250.1,0
2021-05-20 10:45:20,10250.1,0
2021-05-20 10:45:22,10249.65,0
2021-05-20 10:45:25,10249.2,0
2021-05-20 10:45:26,10248.6,0
2021-05-20 10:45:27,10249.85,0
2021-05-20 10:45:28,10249.25,0
2021-05-20 10:45:29,10250.05,0
2021-05-20 10:45:30,10249.75,0
2021-05-20 10:45:32,10250.35,0
2021-05-20 10:45:35,10250.2,0
2021-05-20 10:45:40,10249.8,0
2021-05-20 10:45:41,10250.0,0
2021-05-20 10:45:48,10249.3,0
2021-05-20 10:45:49,10249.0,0
2021-05-20 10:45:50,10249.2,0
2021-05-20 10:45:53,10249.45,0
2021-05-20 10:45:54,10249.25,0
2021-05-20 10:45:56,10250.0,0
2021-05-20 10:45:57,10249.2,0
2021-05-20 10:45:59,10248.65,0
2021-05-20 10:46:01,10248.25,0
2021-05-20 10:46:02,10248.4,0
2021-05-20 10:46:05,10248.4,0
2021-05-20 10:46:06,10249.2,0
2021-05-20 10:46:09,10248.9,0
2021-05-20 10:46:10,10248.25,0
2021-05-20 10:46:11,10249.05,0
2021-05-20 10:46:12,10248.75,0
2021-05-20 10:46:16,10248.85,0
2021-05-20 10:46:17,10247.65,0
2021-05-20 10:46:20,10248.15,0
2021-05-20 10:46:21,10248.5,0
2021-05-20 10:46:22,10247.85,0
2021-05-20 10:46:25,10248.35,0
2021-05-20 10:46:26,10248.7,0
2021-05-20 10:46:27,10248.3,0
2021-05-20 10:46:28,10247.85,0
2021-05-20 10:46:29,10248.7,0
2021-05-20 10:46:31,10248.75,0
2021-05-20 10:46:34,10247.55,0
2021-05-20 10:46:36,10247.85,0
2021-05-20 10:46:37,10248.15,0
2021-05-20 10:46:40,10248.5,0
2021-05-20 10:46:42,10249.15,0
2021-05-20 10:46:46,10248.4,0
2021-05-20 10:46:47,10248.2,0
2021-05-20 10:46:48,10248.35,0
2021-05-20 10:46:51,10248.65,0
2021-05-20 10:46:52,10249.15,0
2021-05-20 10:46:53,10247.7,0
2021-05-20 10:46:56,10248.25,0
2021-05-20 10:46:57,10247.45,0
2021-05-20 10:47:01,10248.25,0
2021-05-20 10:47:02,10246.65,0
2021-05-20 10:47:08,10246.9,0
2021-05-20 10:47:10,10246.1,0
2021-05-20 10:47:13,10245.65,0
2021-05-20 10:47:15,10243.45,0
2021-05-20 10:47:16,10244.8,0
2021-05-20 10:47:17,10244.4,0
2021-05-20 10:47:19,10245.0,0
2021-05-20 10:47:20,10244.5,0
2021-05-20 10:47:22,10244.8,0
2021-05-20 10:47:23,10245.05,0
2021-05-20 10:47:24,10245.1,0
2021-05-20 10:47:27,10243.95,0
2021-05-20 10:47:28,10243.75,0
2021-05-20 10:47:30,10243.65,0
2021-05-20 10:47:32,10244.15,0
2021-05-20 10:47:35,10243.75,0
2021-05-20 10:47:38,10243.65,0
2021-05-20 10:47:40,10242.55,0
2021-05-20 10:47:41,10243.85,0
2021-05-20 10:47:43,10243.1,0
2021-05-20 10:47:45,10242.25,0
2021-05-20 10:47:46,10241.85,0
2021-05-20 10:47:47,10242.0,0
2021-05-20 10:47:49,10240.6,0
2021-05-20 10:47:50,10240.85,0
2021-05-20 10:47:51,10240.75,0
2021-05-20 10:47:53,10240.95,0
2021-05-20 10:47:54,10241.6,0
2021-05-20 10:47:55,10240.65,0
2021-05-20 10:47:56,10240.15,0
2021-05-20 10:47:57,10241.0,0
2021-05-20 10:48:00,10240.2,0
2021-05-20 10:48:01,10239.55,0
2021-05-20 10:48:04,10239.35,0
2021-05-20 10:48:05,10239.5,0
2021-05-20 10:48:07,10239.6,0
2021-05-20 10:48:09,10240.45,0
2021-05-20 10:48:10,10240.15,0
2021-05-20 10:48:11,10240.25,0
2021-05-20 10:48:13,10240.45,0
2021-05-20 10:48:14,10241.1,0
2021-05-20 10:48:15,10241.5,0
2021-05-20 10:48:17,10241.65,0
2021-05-20 10:48:18,10241.45,0
2021-05-20 10:48:19,10241.0,0
2021-05-20 10:48:20,10241.1,0
2021-05-20 10:48:21,10241.8,0
2021-05-20 10:48:22,10241.8,0
2021-05-20 10:48:23,10241.45,0
2021-05-20 10:48:24,10241.9,0
2021-05-20 10:48:25,10241.0,0
2021-05-20 10:48:26,10241.8,0
2021-05-20 10:48:29,10242.7,0
2021-05-20 10:48:30,10242.5,0
2021-05-20 10:48:31,10242.1,0
2021-05-20 10:48:32,10242.15,0
2021-05-20 10:48:33,10242.75,0
2021-05-20 10:48:34,10243.0,0
2021-05-20 10:48:36,10241.25,0
2021-05-20 10:48:37,10241.45,0
2021-05-20 10:48:39,10244.1,0
2021-05-20 10:48:41,10244.2,0
2021-05-20 10:48:43,10245.95,0
2021-05-20 10:48:45,10246.4,0
2021-05-20 10:48:47,10244.85,0
2021-05-20 10:48:49,10244.6,0
2021-05-20 10:48:51,10244.95,0
2021-05-20 10:48:53,10245.45,0
2021-05-20 10:48:54,10245.25,0
2021-05-20 10:48:55,10246.5,0
2021-05-20 10:48:56,10245.6,0
2021-05-20 10:48:57,10246.75,0
2021-05-20 10:48:58,10246.25,0
2021-05-20 10:49:01,10246.7,0
2021-05-20 10:49:02,10247.7,0
2021-05-20 10:49:04,10246.45,0
2021-05-20 10:49:05,10247.25,0
2021-05-20 10:49:08,10247.25,0
2021-05-20 10:49:09,10246.7,0
2021-05-20 10:49:12,10247.9,0
2021-05-20 10:49:15,10248.15,0
2021-05-20 10:49:17,10248.65,0
2021-05-20 10:49:18,10248.15,0
2021-05-20 10:49:20,10250.65,0
2021-05-20 10:49:22,10250.05,0
2021-05-20 10:49:23,10250.45,0
2021-05-20 10:49:24,10249.55,0
2021-05-20 10:49:26,10248.05,0
2021-05-20 10:49:27,10249.35,0
2021-05-20 10:49:28,10249.35,0
2021-05-20 10:49:30,10249.1,0
2021-05-20 10:49:33,10249.55,0
2021-05-20 10:49:35,10249.5,0
2021-05-20 10:49:36,10250.0,0
2021-05-20 10:49:37,10250.1,0
2021-05-20 10:49:38,10250.1,0
2021-05-20 10:49:39,10249.2,0
2021-05-20 10:49:41,10249.5,0
2021-05-20 10:49:42,10249.45,0
2021-05-20 10:49:43,10248.9,0
2021-05-20 10:49:45,10249.7,0
2021-05-20 10:49:46,10250.2,0
2021-05-20 10:49:47,10250.2,0
2021-05-20 10:49:48,10249.9,0
2021-05-20 10:49:50,10249.45,0
2021-05-20 10:49:53,10250.6,0
2021-05-20 10:49:54,10249.7,0
2021-05-20 10:49:56,10250.1,0
2021-05-20 10:49:57,10251.15,0
2021-05-20 10:49:59,10249.65,0
2021-05-20 10:50:02,10250.15,0
2021-05-20 10:50:04,10250.1,0
2021-05-20 10:50:05,10250.75,0
2021-05-20 10:50:06,10250.6,0
2021-05-20 10:50:09,10250.7,0
2021-05-20 10:50:11,10250.75,0
2021-05-20 10:50:13,10250.35,0
2021-05-20 10:50:14,10249.1,0
2021-05-20 10:50:16,10249.8,0
2021-05-20 10:50:17,10249.8,0
2021-05-20 10:50:18,10251.0,0
2021-05-20 10:50:19,10250.45,0
2021-05-20 10:50:21,10250.8,0
2021-05-20 10:50:23,10250.3,0
2021-05-20 10:50:24,10250.1,0
